2444 4192
325 234 498 320 450

799 199 959 289 Sub
1022 175 1481 285 Innocentio·
1514 202 1603 286 X
1632 201 1666 286 l
1691 201 1743 286 l.

259 373 432 408 mus,ac
456 359 708 402 Electoribus
742 355 890 410 pariter
907 355 946 398 in
963 356 1162 410 Domino,
1192 359 1232 399 δι
1292 371 1450 400 necnon
1475 359 1779 415 quibuscunque
1813 358 2079 413 Regularibus
2115 352 2260 398 utrius-

259 421 300 461 in
323 420 475 461 virtute
491 421 634 460 saneta·
658 415 912 457 Obedientiae
933 415 1108 458 distrit‘te
1130 431 1230 473 prae-

1290 431 1369 472 que
1382 415 1493 459 sexus
1505 447 1521 468 ,
1536 430 1620 459 tum
1636 418 1938 474 Superioribus,
1952 418 2071 460 etiam
2085 419 2266 458 Genera-

261 478 431 532 cipimus
446 506 461 528 ,
479 477 541 519 seu
556 475 808 517 hortationes
823 499 838 522 ,
850 471 1145 518 obsecrationes
1161 502 1175 523 ‚
1198 477 1238 517 &
1298 476 1402 518 libus
1413 505 1430 528 ,
1445 488 1532 519 tum
1547 478 1712 520 subditis
1724 506 1739 529 ,
1765 490 1816 518 ne
1833 474 1970 517 iisdem
1993 468 2183 517 omnibus
2197 503 2212 525 ,
2226 475 2265 515 δε

260 548 455 592 praecepta
469 532 695 588 hujusmodi
710 544 968 584 renovamus,
979 545 1023 575 ut
1037 535 1077 576 in
1090 536 1235 578 Comi-

1297 533 1487 589 singulis,
1514 547 1556 578 ut
1572 534 1813 592 praefertur,
1842 533 2038 588 praemiffis
2067 543 2263 587 pareant,

260 596 358 647 tiis,
378 593 591 648 praesertim
607 591 887 646 generalibus,
904 593 1047 647 quibus
1073 594 1231 636 eosdem
1292 591 1511 644 obediant,
1536 609 1691 637 morem
1717 602 1860 649 gerant
1876 617 1890 640 ,
1906 591 2132 632 adhaereant
2153 620 2165 642 ,
2195 589 2262 632 seu

255 667 334 708 pro
359 665 540 707 tempore
563 649 771 705 praeiidere
789 673 805 697 s
822 651 864 693 δι
882 650 1100 707 εεΓρεᾶῐνὲ
1126 651 1228 694 inte·

253 713 356 754 rcffe
367 710 587 765 contigerit
602 735 618 758 ,
634 709 782 751 nedum
796 708 906 751 inter
921 708 958 752 se
971 735 987 758 ,
1012 712 1053 753 ἃ.
1063 711 1151 753 aliis
1166 712 1223 752 in·

255 780 318 812 tra
331 769 498 812 claustra
508 767 766 821 degentibus,
780 766 846 810 sed
859 771 1011 811 exteris
1026 769 1115 825 ipfis
1134 770 1222 824 qui·

252 826 624 882 buscunque,etiam
638 826 786 876 Laicis,
798 824 1038 884 quacunque
1049 827 1225 884 majesta·

250 898 295 928 te
307 915 324 936 ,
341 885 639 939 praecmincntia
651 911 666 935 ‚
679 886 808 941 gradu
823 913 838 936 ,
862 887 904 928 δι
918 887 1118 942 dignitate
1146 884 1220 927 ful-

247 943 429 1000 gentibus
443 966 457 988 ,
470 944 641 999 propriae
659 944 936 988 indifferentioe
955 974 970 996 ,
999 959 1045 987 ac
1063 945 1168 989 unici
1183 945 1222 985 in

247 1003 325 1046 Dei
342 1002 532 1057 gloriam,
543 1003 584 1044 &
597 1002 823 1059 Religionis
836 1004 986 1046 bonum
1007 1000 1223 1059 respectus,

248 1064 307 1103 ita
321 1060 359 1104 se
372 1062 575 1118 praebcant
586 1059 783 1117 fingnlare
796 1061 994 1119 specimen
1006 1091 1020 1114 ,
1035 1063 1076 1104 δι
1088 1076 1220 1105 exem·

245 1121 359 1176 plar,
396 1121 598 1176 talemque
613 1119 731 1174 hujus
746 1123 856 1165 redae
882 1121 1152 1171 intentionis,
1181 1121 1221 1161 &

243 1179 432 1223 melioris
444 1178 690 1234 operationis
703 1179 873 1223 odorem
888 1177 1116 1221 diffundant
1129 1206 1144 1229 ,
1177 1188 1220 1220 ut

240 1239 307 1282 illi
341 1248 559 1294 propterea
591 1239 826 1282 vexationes
857 1265 872 1290 ,
901 1238 943 1280 δι
970 1238 1221 1294 importunas

242 1297 626 1340 commendationes
649 1324 664 1348 ,
693 1298 761 1339 ubi
798 1297 975 1353 Spiritus
995 1296 1222 1340 Paraclitus

242 1357 364 1411 spirat
391 1357 433 1398 δι
463 1354 674 1408 presidet,
701 1356 867 1398 inutiles
887 1355 955 1404 ,δι
977 1354 1221 1411 incongruas

242 1411 323 1458 effe
334 1443 350 1467 ,
374 1412 442 1457 seu
457 1410 544 1455 fore
558 1442 574 1466 ,
595 1413 745 1458 certius
756 1411 1019 1469 agnoscentes
1030 1440 1046 1463 ‚
1077 1414 1126 1456 ab
1157 1413 1219 1454 iis·

240 1474 335 1516 dem
349 1485 509 1528 prorsus
521 1473 741 1515 abstineant
754 1500 769 1522 ,
784 1473 853 1515 seu
873 1470 1059 1514 defiflant
1075 1498 1092 1519 ,
1108 1471 1222 1527 inde-

241 1545 322 1588 que
343 1542 428 1572 tam
441 1531 676 1572 intrinsecus
689 1554 704 1575 ,
718 1528 837 1582 quim
851 1526 1095 1569 extrinsecus
1105 1553 1120 1576 ,
1133 1540 1222 1569 om-

246 1591 363 1632 nibus
377 1586 672 1632 vexationibus,
685 1582 1125 1632 commendationibus,
1139 1597 1222 1625 ma.

244 1644 545 1689 chinationibns
558 1671 574 1695 ,
587 1641 844 1699 humanisque
873 1639 1018 1684 finibus
1035 1643 1221 1685 climina-

244 1705 297 1748 tis
311 1733 326 1756 ,
338 1705 375 1746 &
390 1701 561 1758 explosis
571 1728 587 1750 ,
601 1702 761 1756 integra
775 1729 790 1753 ,
807 1700 966 1743 illibata
977 1729 991 1752 ,
1014 1701 1055 1744 δι
1071 1702 1222 1746 intaeta

243 1762 467 1807 vocalibus
481 1769 682 1805 remaneat
697 1758 875 1816 eligendi
889 1758 1074 1810 facultas,
1085 1761 1126 1802 δι
1138 1771 1218 1804 tam

242 1822 469 1878 Superioris
493 1817 735 1871 Generalis,
761 1818 881 1875 quim
901 1819 1071 1862 aliorum
1086 1818 1219 1875 respe-

241 1881 349 1923 aive
366 1878 627 1924 Praelatorum
641 1906 657 1928 ,
672 1876 937 1936 undequaque
950 1878 1093 1927 libera,
1107 1880 1218 1935 opti-

242 1952 308 1982 ma
323 1965 338 1988 ,
350 1939 391 1981 δι
403 1937 597 1981 canonica
625 1935 810 1992 sequatur
829 1937 974 1981 elefflo
992 1967 1007 1989 ,
1030 1938 1079 1980 ad
1094 1952 1214 1994 quam

239 2011 334 2041 cnm
351 1998 488 2047 Veto,
504 1995 530 2037 fi
546 1994 656 2052 quod
670 2023 684 2046 ,
699 1996 740 2037 δι
753 2009 803 2038 eo
818 1996 941 2038 modo
952 2026 968 2048 ‚
984 1997 1096 2052 quod
1110 1999 1214 2040 Pro-

238 2055 384 2099 zenon·
399 2053 511 2110 juxta
525 2051 717 2110 cuiusque
730 2054 897 2098 Ordinis
915 2055 1106 2111 Regulas,
1121 2057 1214 2098 Sta-

236 2124 325 2157 tuta
337 2142 354 2166 ,
367 2112 432 2156 vel
445 2111 544 2157 alias
567 2112 766 2170 competit
781 2142 797 2166 ,
813 2115 951 2158 Deum
961 2144 978 2167 ,
991 2112 1212 2172 ejusqussa

237 2174 443 2217 honorem
478 2173 519 2214 &
540 2172 714 2227 gloriam
737 2171 951 2218 dumtaxat
972 2187 1051 2230 proe
1079 2173 1212 2218 oculis

235 2234 418 2282 habens,
430 2243 668 2275 concurrat.
688 2232 892 2277 Nolumus
920 2244 1054 2276 tamen
1071 2231 1214 2276 absen-

235 2293 339 2335 tium
356 2301 454 2334 vota
464 2319 482 2343 ,
505 2304 578 2332 nec
604 2290 854 2335 Protcfloris
866 2317 882 2341 ‚
907 2305 982 2336 nec
1005 2288 1213 2348 cujuscun-

234 2366 314 2408 que
329 2349 593 2401 alterius,ncc
615 2349 787 2406 ipsarum
803 2349 1089 2395 cardinalium
1101 2354 1216 2396 Con·

234 2411 520 2467 gregationum
544 2410 784 2453 auctoritate
800 2407 1001 2466 suppleri,
1028 2410 1093 2454 seu
1108 2408 1213 2453 alios

234 2468 413 2513 Vocales
425 2466 662 2513 eorumdem
675 2467 898 2512 absentium
912 2468 1028 2520 loco,
1045 2471 1107 2513 scu
1122 2469 1212 2512 rice

139 2552 148 2560 ·
234 2525 478 2583 subrogari,
493 2525 677 2583 deputari
690 2525 784 2578 ,seu
796 2526 893 2584 eligi
911 2553 927 2577 ‚
961 2528 1025 2571 scd
1043 2527 1107 2584 jus
1129 2526 1210 2572 eli·

234 2584 356 2686 pendi
370 2587 409 2627 in
433 2583 531 2627 solis
544 2612 559 2636 ,
574 2583 686 2640 juata
697 2586 797 2640 iuris
809 2614 825 2638 ,
835 2587 877 2629 δι
890 2584 1067 2629 Instituti
1095 2599 1212 2641 regu·

254 2655 296 2684 as
309 2642 361 2685 ad
386 2643 494 2685 hunc
515 2641 700 2687 effectum
712 2641 974 2699 affumptiu&
986 2642 1026 2686 in
1036 2643 1133 2687 detti
1140 2656 1212 2685 na·

235 2701 291 2745 tis
303 2699 400 2744 loco
417 2700 459 2742 ει
473 2710 657 2755 tempore
672 2701 1008 2744 convenientibus
1033 2698 1210 2746 consoli-

236 2758 357 2813 dari,
378 2756 442 2802 seu
465 2757 592 2806 alias,
623 2768 743 2814 prout
767 2757 947 2815 dejure,
973 2772 1210 2817 permanere

237 2820 409 2861 omnino
423 2815 606 2859 volumus
621 2841 638 2867 ,
649 2818 690 2860 δι
704 2818 939 2861 mandamus
950 2845 963 2860 .

355 2878 413 2920 Ut
432 2885 569 2917 autem
583 2874 771 2930 premitis
797 2876 931 2920 omnia
943 2876 981 2919 δι
998 2876 1146 2935 lingula
1161 2877 1211 2923 eo

239 2933 366 2991 magis
387 2933 575 2976 debitum
602 2930 897 2991 consequantur
918 2933 1102 2980 effectum
1128 2964 1143 2990 ,
1172 2937 1214 2980 dt

242 2992 509 3049 exequutioni
522 2990 818 3038 demandentur
829 3020 845 3044 ‚
855 3007 903 3040 ac
916 2994 967 3039 ad
984 2995 1213 3054 majorem..

241 3052 442 3097 cautelam
456 3079 473 3103 ,
497 3047 564 3094 scu
579 3051 905 3099 declarationem
918 3081 934 3107 ,
949 3057 1083 3099 omnia
1111 3069 1215 3113 qum-

241 3109 640 3169 aunquedslingula,
665 3125 751 3167 qun
774 3111 815 3157 in
842 3111 1040 3172 premiffis
1065 3112 1216 3160 confir-

241 3172 357 3214 matis
368 3184 441 3222 ‚ac
458 3170 628 3214 extentis
643 3169 707 3221 ,ds
722 3170 977 3227 presentibus
990 3172 1132 3218 nostris
1146 3173 1213 3218 lit·

239 3233 341 3274 teris
358 3228 443 3273 sunt
456 3241 624 3287 quoquo
654 3230 777 3274 modo
801 3230 992 3288 explicite
1005 3258 1020 3283 ,
1052 3231 1116 3277 vel
1137 3233 1213 3276 im·

240 3289 379 3355 plvciic
398 3287 630 3333 memoratis
643 3288 943 3334 Protectoribus
968 3290 1182 3337 interdieta
1196 3319 1212 3346 ,

239 3349 479 3402 inposterum
492 3345 745 3393 annullamus
759 3376 775 3402 ,
786 3346 977 3395 callimus
990 3378 1006 3404 ,
1023 3351 1064 3394 ds
1082 3350 1212 3395 irrita-

239 3417 332 3448 mus
344 3432 359 3455 ,
374 3404 438 3450 seu
452 3404 586 3463 potitis
598 3404 711 3452 nulls
725 3434 743 3462 ,
757 3404 857 3453 caifa
870 3438 887 3462 ,
898 3408 1028 3454 inania
1050 3437 1066 3462 ‚
1078 3409 1210 3463 irrita,

238 3462 469 3521 nulliusque
488 3465 676 3521 roboris,
698 3466 738 3510 δι
760 3469 956 3513 momenti
984 3468 1070 3526 ipso
1088 3467 1177 3527 jure
1193 3499 1208 3524 ‚

237 3522 282 3566 Gt
293 3519 398 3565 sacto
412 3524 520 3567 omni
534 3524 693 3571 meliori
707 3524 835 3570 modo
858 3525 1109 3573 declaramus
1121 3556 1136 3582 ,
1149 3538 1209 3572 at·

238 3592 319 3640 que
332 3579 587 3628 decernimus
603 3612 616 3627 .
632 3585 874 3631 mandantes
887 3585 1027 3633 iisdem
1040 3600 1147 3633 nunc
1167 3588 1210 3633 Bc

236 3640 765 3746 mffl”;{‘':5:2·:⁰‘2
786 3643 1206 3750 5¹ll“3‘⁶⁰·,.¹’.‘.‘.'·‘i·

430 3724 447 3751 2
704 3730 719 3754 2
768 3719 790 3748 C
964 3720 987 3751 8
1137 3718 1149 3751 Ι
1182 3719 1205 3750 Ι

234 3770 402 3816 quoquo
415 3756 540 3803 modo
559 3757 767 3818 injungant
786 3789 801 3814 ,
813 3718 980 3818 fatigiis,
997 3718 1205 3818 tiiandent,

231 3815 494 3864 committant
512 3844 530 3872 ,
557 3829 795 3877 permittant
822 3848 839 3874 ,
865 3821 944 3868 lire
980 3821 1201 3876 tollerent;

1289 651 1360 693 illa
1375 653 1572 695 tollerent
1587 681 1600 703 ,
1621 654 1683 695 vel
1702 651 1942 707 permittant
1957 677 1971 700 ,
2003 648 2082 690 sive
2098 650 2231 691 omnia
2247 675 2261 696 2

1283 710 1348 752 vel
1366 710 1516 765 singula
1532 709 1719 766 praemiffa
1732 740 1749 764 ,
1763 720 2007 768 quaecunque
2041 704 2138 749 fiant
2152 732 2166 755 ,
2197 708 2262 749 seu

1283 779 1542 812 attententur
1558 782 1631 824 per
1646 769 1861 813 sententias
1875 793 1890 816 ,
1907 767 1971 808 vel
1987 766 2168 813 decreta,
2183 764 2262 806 five

1283 827 1324 868 in
1339 825 1656 883 formajudiciali
1673 858 1687 880 ‚
1710 827 1788 869 five
1810 823 2113 881 extrajudiciali
2136 849 2151 872 2
2174 834 2260 865 tarn

1282 897 1748 1001 Pei‘essiaz‘iziss’fissssgffl
1762 883 2260 999 AEigffiffjvisst'pffi‘c‘izffs:

1281 1016 1442 1057 cunque
1465 1002 1565 1045 alios
1577 1032 1594 1053 ,
1624 1005 1774 1047 nedum
1805 1017 1875 1057 per
1901 1001 2005 1044 viam
2039 1001 2230 1056 praecepti
2244 1026 2259 1048 ,

1282 1059 1489 1117 juffionis‚
1512 1060 1692 1104 mandati
1708 1088 1722 1112 ,
1748 1061 1811 1103 vel
1842 1058 2124 1103 commistionis
2141 1086 2157 1108 a
2188 1057 2256 1102 sed

1282 1120 1407 1161 etiarn
1421 1119 1788 1163 commendationis
1802 1146 1815 1167 ,
1840 1121 1879 1161 δι
1895 1118 1974 1163 five
1997 1117 2129 1174 paldm
2143 1147 2161 1170 ,
2180 1118 2260 1160 five

1284 1178 1464 1229 secrete,
1482 1190 1566 1222 tum
1589 1180 1628 1222 in
1651 1176 1952 1236 quibuscunque
1966 1177 2126 1232 sci-ipris
2143 1187 2258 1229 ,tum

1281 1238 1475 1283 oretenus
1488 1266 1503 1289 ,
1516 1239 1553 1280 &
1571 1248 1651 1280 tam
1668 1237 1845 1286 directe,
1876 1241 1998 1293 quam
2027 1235 2224 1279 indirecte
2240 1263 2256 1287 ,

1283 1296 1486 1348 mediate,
1503 1296 1566 1339 vel
1582 1294 1833 1346 immediate,
1848 1309 1891 1338 ac
1905 1296 1993 1338 aliis
2008 1293 2255 1350 quibuscun-

1281 1369 1359 1411 que
1374 1354 1518 1398 formis
1532 1384 1546 1408 ,
1559 1358 1597 1398 δι
1612 1355 1741 1398 modis
1755 1384 1767 1406 ,
1787 1353 1891 1397 nihil
1914 1354 2072 1409 penitus
2086 1350 2225 1396 omiffo
2239 1382 2255 1404 ,

1283 1411 1541 1469 prefatorum
1580 1414 1758 1457 omnium
1795 1410 2056 1456 conscientias
2086 1409 2256 1464 desuper

1282 1481 1502 1513 onerantes
1517 1499 1530 1511 ο

1400 1529 1626 1581 Propterea
1638 1538 1780 1568 omncs
1796 1553 1811 1577 ,
1826 1524 2081 1583 quascunque
2096 1554 2109 1577 ,
2125 1526 2166 1567 δι
2180 1526 2261 1568 fin-

1282 1584 1399 1641 gulas
1413 1582 1627 1630 facultates
1639 1614 1653 1637 ,
1666 1586 1941 1636 auctoritates,
1958 1586 2000 1627 &
2013 1584 2262 1642 iurisdietio-

1281 1658 1351 1687 nes
1375 1644 1746 1701 quomodocunque
1771 1672 1786 1696 ,
1811 1643 2148 1701 qualitercunque
2166 1671 2182 1693 ,
2214 1645 2255 1686 δι

1279 1701 1603 1760 quandocunque
1616 1731 1631 1754 ‚
1658 1714 1740 1747 tam
1768 1702 1809 1745 in
1825 1716 1977 1753 genere
1988 1731 2003 1753 ,
2028 1707 2150 1759 quarn
2178 1703 2254 1746 in...

1281 1761 1408 1817 specie
1419 1762 1621 1813 omnibus,
1631 1764 1671 1805 &
1685 1761 1847 1816 lingulis
1861 1763 2134 1813 antehac,iive
2148 1775 2254 1804 nunc

1278 1820 1535 1865 existentibus
1551 1821 1854 1866 Proteaoribus
1873 1819 2255 1878 hujusmodi,&tam

1277 1894 1420 1925 corum
1436 1877 1611 1936 personis
1624 1910 1640 1934 ,
1656 1883 1776 1936 quam
1792 1879 1934 1936 gradui
1950 1909 1965 1932 ,
1987 1880 2174 1933 muneri,
2188 1876 2256 1921 vel

1274 1939 1410 1982 officio
1421 1937 1623 1982 concess'as
1639 1970 1652 1988 ‚
1667 1941 1708 1981 δι
1720 1939 1936 1981 attributas
1951 1967 1965 1991 ,
1980 1939 2044 1981 vel
2065 1951 2253 1983 commu-

1274 1997 1426 2041 nicatas
1438 2025 1455 2050 ,
1474 1996 1540 2040 scu
1553 1998 1604 2039 ab
1637 1997 1718 2040 illis
1732 2011 1901 2053 quoquo
1925 1997 2054 2041 modo
2068 1997 2250 2042 exerceri

1273 2055 1632 2108 consuetas,etiam
1651 2056 1830 2111 (peciali,
1846 2055 2110 2101 &individua
2139 2069 2254 2100 men-

1274 2117 1406 2168 tione,
1420 2115 1714 2170 moderatione,
1730 2115 1798 2159 seu
1813 2114 2078 2160 revocatione
2093 2114 2255 2171 dignas,

1276 2174 1511 2219 carumdem
1525 2178 1708 2218 omnium
1724 2177 1764 2218 8ι
1780 2173 2025 2231 singularum
2054 2182 2218 2217 tenores
2237 2201 2254 2227 ,

1275 2248 1322 2276 ac
1339 2233 1363 2276 fi
1378 2233 1430 2276 dc
1444 2235 1575 2276 verbo
1589 2234 1639 2278 ad
1659 2236 1825 2278 verbum
1839 2231 1975 2276 inserti
1991 2229 2114 2277 essent
2129 2260 2145 2285 ,
2173 2246 2253 2289 pro

1275 2292 1394 2350 plene
1407 2321 1422 2345 ,
1438 2294 1478 2335 δι
1491 2291 1731 2337 sufficienter
1746 2291 1928 2349 exprell'is
1953 2291 2146 2335 habentes
2161 2320 2178 2344 ,
2210 2291 2251 2334 in

1273 2351 1534 2404 omnibus,&
1550 2350 1740 2409 lingulis,
1769 2364 1855 2409 quat
1884 2349 2085 2408 praemissis
2101 2349 2254 2393 adver·

1272 2408 1408 2455 santur
1422 2439 1438 2464 ,
1458 2410 1714 2455 niodcramur
1726 2439 1742 2463 ,
1755 2408 2021 2454 reformamus
2037 2436 2051 2460 ‚
2075 2410 2116 2453 δι
2132 2409 2184 2452 ad
2201 2408 2247 2454 li·

1274 2470 1390 2514 mites
1404 2497 1419 2520 ,
1434 2469 1600 2515 modum
1613 2499 1630 2522 ,
1662 2469 1836 2514 formam
1852 2498 1867 2522 ,
1897 2471 1939 2513 δι
1954 2480 2139 2513 tenorem
2153 2482 2250 2524 ρω-

1271 2526 1440 2573 sentium
1470 2529 1703 2572 reducimus
1715 2554 1731 2578 ‚
1761 2530 1798 2571 δι
1814 2540 1892 2584 pro
1918 2527 1969 2571 fic
1998 2523 2220 2573 moderatis
2233 2551 2249 2576 ,

1272 2585 1503 2631 rcfbrmatis
1518 2586 1582 2637 ,ἃ
1598 2584 1771 2628 reductis
1788 2585 1931 2629 haberi
1947 2612 1963 2637 ,
1989 2586 2144 2629 censeri
2165 2613 2181 2636 ,
2209 2584 2250 2626 Gt

1272 2643 1451 2699 intelligi
1477 2643 1663 2688 volumus
1677 2669 1691 2691 ‚
1722 2644 1760 2687 δι
1787 2642 2072 2696 decemimus,
2098 2643 2247 2699 Sicque

1269 2703 1454 2762 pariter,
1471 2702 1512 2745 δι
1532 2716 1613 2746 non
1636 2702 1734 2745 aliis
1756 2703 1875 2758 quim
1901 2701 2058 2746 serrata
2083 2698 2248 2744 forms...

1268 2763 1453 2807 omnium
1464 2789 1478 2812 ,
1489 2774 1533 2804 ac
1547 2762 1792 2816 singulorum
1805 2760 1844 2804 in
1859 2760 1939 2804 illis
1954 2768 2248 2803 contentorum

1270 2818 1485 2865 facultates
1501 2848 1514 2872 ,
1526 2817 1834 2876 jurisdictiones,
1849 2820 1886 2863 δι
1899 2819 2157 2863 auctoritates
2172 2817 2249 2860 hu·

1274 2877 1470 2938 jusmodi,
1490 2892 1649 2923 necnon
1670 2877 1954 2933 deputationes
1969 2876 2250 2923 eorumdem-e

1275 2940 1558 2984 Protessorum
1581 2936 1827 2993 inposterum
1860 2937 2245 2995 quomodocumque

1275 2996 1559 3043 concedendas
1572 3025 1589 3049 ,
1604 2995 1882 3041 attribuendas
1895 3022 1909 3046 ,
1939 2993 2004 3040 seu
2018 2993 2248 3039 communi-

1275 3056 1500 3110 candas,&
1516 3052 1731 3110 respective
1756 3053 1985 3107 faciendas,
2013 3052 2245 3102 observari,

1276 3115 1432 3161 attendi
1451 3143 1466 3167 ,
1489 3114 1689 3172 intelligi,
1703 3115 1744 3158 δι
1771 3113 1919 3173 exequi
1946 3113 2111 3159 omnino
2123 3107 2246 3157 volu-

1272 3189 1362 3222 mus
1375 3204 1391 3230 ,
1403 3175 1444 3219 δι
1466 3174 1701 3219 mandamus
1713 3201 1727 3217 .

1389 3234 1598 3294 Quocirca
1620 3228 1791 3291 prefato
1809 3225 2134 3288 congregationi
2164 3241 2244 3271 me-

1269 3304 1520 3339 moratorum
1552 3291 1724 3348 negotiis
1753 3319 1769 3346 ,
1811 3291 1852 3335 dt
1879 3287 2241 3335 consultationibus

1270 3353 1566 3411 Episcoporum
1591 3377 1607 3402 2
1643 3352 1682 3395 δι
1714 3348 1976 3408 Regularium
2002 3347 2241 3404 Proeposito-

1270 3425 1360 3458 rum
1392 3408 1668 3457 cardinalium
1682 3437 1698 3463 ,
1726 3409 1768 3452 dt
1794 3406 1943 3452 dilcsso
1975 3405 2080 3452 Filio
2108 3409 2242 3452 Curioe

1268 3468 1490 3518 Causarum
1505 3471 1686 3515 Camere
1697 3464 1934 3525 apostolice
1945 3466 2140 3524 Generali
2155 3470 2243 3512 Au·

1268 3530 1391 3575 ditori
1422 3542 1494 3587 per
1523 3525 1753 3587 Apostolica
1784 3521 1929 3580 scripta
1968 3533 2084 3570 motu
2128 3523 2240 3568 simili

1269 3589 1531 3640 mandamus,
1555 3595 1752 3644 quatenus
1763 3583 1950 3628 omnibus
1966 3610 1981 3635 ,
2011 3585 2052 3628 a&
2079 3585 2240 3642 lingulis

1269 3647 1468 3705 premiffis
1493 3644 1644 3704 semper
1656 3641 1769 3687 {slsis
1783 3670 1797 3696 ,
1821 3643 1860 3687 oa
1888 3643 1927 3687 in
1954 3642 2024 3702 suo
2050 3643 2239 3690 roborea

1266 3705 1621 3764 permanentibus,
1644 3703 1949 3759 congregatio,
1981 3701 2044 3747 vel
2065 3703 2239 3748 Auditor

1265 3763 1417 3822 prefati
1427 3763 1634 3822 preli-’ntes
1644 3759 1783 3806 literas
1800 3775 1839 3805 in
1852 3776 1898 3806 ea
1913 3772 2131 3819 parte,quoe
2145 3775 2239 3819 pra:-

1262 3816 1412 3868 dinam
1429 3820 1749 3881 moderationem
1767 3848 1782 3875 ,
1802 3824 1866 3866 scu
1881 3820 2166 3923 limitationem
2183 3821 2236 3864 sa-

2086 3893 2137 3923 cu
2159 3904 2177 3912 -
