2444 4192
835 218 994 302 Sub
1053 218 1435 304 Clemente
1493 221 1594 308 X-

238 370 381 428 gelimo
393 366 563 420 censuit,⁴
574 364 677 423 posse
689 364 782 408 tuto
794 364 976 408 deveniri
990 368 1039 411 ad
1054 369 1198 413 solem-

237 442 330 473 nem
345 426 456 471 Petri
478 425 833 468 Canonizationem
846 451 862 475 ,
889 437 935 464 ac
962 425 1003 466 in
1019 429 1195 470 Domino

236 486 452 547 plurimum
467 485 656 540 expedire
669 511 685 535 ,
710 490 754 524 ut
771 482 968 524 diuturnae
981 483 1194 526 mortifica-

235 544 359 591 tionis
379 542 545 586 affiduus
561 542 674 585 labor
686 539 801 596 plane
813 538 863 582 ad
881 539 1053 594 prodigii
1068 554 1191 594 genus

234 602 430 647 accedens
447 630 461 653 ,
472 609 748 657 argumentum
760 597 907 653 inligne
921 596 1195 651 perfeetiffimae

238 661 444 706 eharitatis
466 661 503 701 in
513 663 639 703 Deum
651 670 742 700 cum
753 656 896 698 salubri
909 653 1087 696 animaru
1103 668 1195 709 pro-

236 720 344 763 fectu
362 747 378 771 ,
398 718 487 762 sane
501 716 752 763 admirabili,
771 710 1104 757 christifidelibus
1119 726 1190 754 co·

234 778 376 823 lendus
407 774 676 819 &imitandus
694 772 856 817 omnino
866 781 1160 828 proponeretur
1172 799 1188 822 ‚

237 837 306 880 fed
322 834 483 878 interim
497 834 732 878 succedente
744 831 906 876 interitu
919 826 986 872 fel.
1003 842 1083 872 rec.
1097 830 1190 896 Ale-

235 893 378 938 xandri
395 894 488 936 vn.
504 889 795 935 Praedecefforis
810 888 929 933 nostri
943 917 957 940 ,
984 897 1081 931 tunc
1101 887 1155 929 sui
1174 916 1189 941 ,

234 966 318 1009 quo
331 960 530 994 annuente
544 978 558 1002 ‚
570 950 781 994 decretum
797 946 1060 1004 supradictum
1088 960 1189 988 ema-

234 1005 403 1054 naverat
425 1011 475 1052 ab
500 1009 642 1052 eadem
659 1008 864 1051 sacrorum
882 1007 1054 1049 Rituum
1072 1007 1188 1048 Con·

233 1069 492 1126 gregafione,
517 1069 555 1109 δι
578 1067 721 1111 eodem
735 1066 950 1110 Clemente
976 1063 1024 1108 ad
1052 1063 1186 1107 Sancti

232 1130 346 1170 Petri
361 1125 604 1170 cathedram
622 1128 785 1176 evectu,
800 1122 953 1181 priores
968 1121 1186 1178 diligentia

234 1183 396 1226 suerunt
426 1183 644 1226 instauratae
661 1212 676 1234 ‚
700 1185 739 1225 δι
765 1181 1044 1226 accedentibus
1076 1180 1192 1224 novis

230 1241 462 1296 Principum
491 1239 802 1283 catholicorum
831 1239 1026 1282 instantiis
1044 1264 1059 1286 a
1090 1253 1191 1293 prae-

231 1297 368 1342 sertim
395 1298 491 1342 vero
505 1298 631 1350 Regis
647 1294 853 1339 Catholici
867 1295 1006 1338 Caroli
1023 1297 1078 1337 11.
1094 1323 1108 1346 ,
1135 1295 1192 1339 se.

232 1366 385 1401 eretum
399 1354 684 1401 Confistorium
696 1353 773 1396 fuit
789 1354 964 1396 habitum
989 1351 1057 1395 die
1082 1351 1190 1395 deci·

234 1429 298 1459 ma
310 1417 445 1458 octava
467 1413 607 1457 Martii
621 1426 724 1455 anno
738 1411 948 1456 millesimo
962 1409 1192 1454 sexcenteli-

234 1487 307 1517 mo
315 1471 553 1529 sexagelimo
565 1471 735 1523 nono‚in
747 1483 830 1525 quo
843 1485 910 1526 per
923 1470 1192 1514 venerabilem

238 1536 427 1576 Fratrem
452 1529 624 1574 nostrum
640 1557 655 1580 ‚
675 1538 772 1571 tunc
796 1526 909 1571 suum
930 1554 945 1576 ‚
967 1529 1194 1571 Martium„

237 1589 478 1646 Episcopum
506 1585 765 1632 portuensem
794 1589 834 1629 S.
853 1589 903 1630 R.
926 1588 973 1629 E.
998 1585 1194 1628 Cardina·

236 1649 315 1693 lem
335 1649 561 1696 Ginettum‚
574 1646 693 1689 status
707 1644 828 1688 causae
844 1645 948 1687 beati
968 1645 1076 1688 Petri
1091 1644 1195 1688 rela-

235 1717 300 1751 tus
315 1706 417 1758 fuit3
443 1704 676 1747 &omnium
696 1703 1003 1752 cardinalium,
1026 1705 1092 1758 qui
1126 1702 1194 1744 ad-

239 1764 428 1816 suerunt,
445 1762 622 1817 suffragia
633 1761 851 1810 dixerunt,
866 1761 1025 1817 placere
1039 1763 1095 1803 eis
1108 1790 1124 1811 ‚
1151 1769 1195 1802 ut

237 1824 346 1869 idem
369 1822 558 1866 Clemens
591 1820 641 1863 ad
665 1818 883 1863 solemnem
907 1818 1194 1864 canonizatio-

235 1895 331 1925 nem
353 1879 562 1923 deveniret
588 1908 598 1920 .
629 1881 889 1935 Quapropter
911 1878 1094 1935 scquente
1125 1892 1194 1933 pu·

160 1992 163 1995 ¹
235 1941 349 1985 blico
365 1937 610 1981 Confistorio
620 1965 636 1988 ,
653 1940 695 1981 in
710 1950 792 1993 quo
803 1937 855 1981 de
869 1938 1194 1981 canonizatione

238 1998 333 2042 die'ti
347 1998 455 2041 Beati
474 1997 580 2040 Petri
596 1998 716 2039 verba
747 1994 839 2038 fecit
862 1994 1027 2040 dilectus
1040 1997 1196 2039 etiams

239 2055 344 2100 filius
356 2053 585 2099 Alexander
597 2056 776 2111 Caprara
789 2082 804 2106 ,
819 2053 957 2096 nostrae
969 2082 984 2105 ‚
994 2065 1091 2099 tunc
1107 2053 1194 2105 suae,

238 2112 536 2159 consistorialis
557 2112 667 2155 Aula!
682 2113 914 2155 Advocatus
928 2139 942 2162 ‚
968 2115 1009 2155 δι
1031 2112 1192 2157 nomine

237 2169 390 2230 prefati
403 2169 542 2215 Caroli
569 2171 720 2226 Regis,
747 2184 905 2213 necnon
924 2172 1192 2228 Regnorum...

236 2229 510 2289 praedictorum
523 2252 538 2274 2
550 2242 594 2270 ac
611 2227 779 2272 Ministri
791 2229 1002 2272 Generalis
1018 2259 1033 2281 ,
1046 2232 1086 2273 8ι
1101 2231 1191 2272 Fra·

235 2299 344 2334 trum
374 2286 535 2332 Ordinis
565 2286 770 2331 Minorum
782 2317 798 2340 ‚
828 2286 960 2330 eidem
990 2286 1192 2333 Clementi

234 2343 514 2394 Praedeceffori
548 2342 626 2388 fuit
651 2346 858 2389 humiliter
890 2346 1151 2402 supplicatum
1178 2374 1190 2387 .

236 2406 350 2450 Idem
368 2406 560 2448 Clemens
577 2402 838 2448 Praedecess‘or
854 2405 990 2453 noster
999 2435 1015 2458 ‚
1040 2408 1081 2450 in
1106 2416 1191 2448 tam

238 2464 355 2523 gravi
370 2461 486 2507 causa
499 2462 750 2507 orationibus
764 2492 777 2515 ,
802 2465 839 2505 &
865 2461 1020 2518 jeiuniis
1034 2462 1195 2522 publice

239 2516 471 2574 indiam&
483 2517 667 2564 conceffa
681 2535 754 2577 pro
768 2523 845 2564 hoc
860 2520 1045 2567 fidelibus
1060 2520 1195 2566 indul-

237 2579 367 2640 genti&
380 2607 396 2633 ,
409 2579 550 2622 divina.-
569 2578 788 2622 voluntatis
814 2580 1106 2637 beneplacitum
1129 2594 1196 2622 ex.

238 2642 398 2699 plorare
428 2635 570 2694 sategit
585 2665 596 2678 .
628 2639 677 2680 In
696 2629 912 2694 semipleno
939 2637 1194 2694 postmodum

241 2696 486 2744 eonfissorio
507 2695 815 2747 cardinalium,
839 2698 1162 2742 patriarcharum
1178 2724 1194 2746 ‚

242 2750 644 2808 Archiepiscoporum
655 2755 978 2809 &episcoporum
990 2756 1012 2812 (
1025 2756 1078 2799 de
1091 2768 1195 2809 quo-

243 2827 337 2860 rum
358 2815 528 2855 numero
554 2818 651 2852 tunc
674 2813 868 2867 eramus)
891 2813 1035 2868 {cripta
1061 2811 1194 2855 suffra-

248 2871 314 2928 gia
333 2897 350 2922 ‚
381 2867 721 2911 Canonizationis.
736 2866 1029 2914 solemnitatem
1053 2883 1196 2924 appro-

249 2927 433 2974 bantium
451 2949 467 2973 s
507 2924 638 2968 eidem
672 2926 876 2969 clementi
905 2925 1198 2972 Praedecelsori

245 2987 354 3031 diem
361 2982 613 3025 Dominicum
626 2982 665 3024 in
678 2982 794 3027 Albis
808 2986 1045 3031 unanimiter
1058 2986 1198 3029 innue-

246 3053 342 3090 runt
356 3071 369 3085 .
401 3039 579 3086 Tandem
590 3068 606 3091 ,
618 3053 710 3083 eum
722 3041 819 3084 nihil
834 3043 944 3087 aliud
958 3043 1202 3090 defiderare-

250 3108 320 3147 tur
333 3113 472 3145 eorum
485 3126 501 3150 ,
524 3112 608 3154 quae
630 3101 920 3145 eat-sanctorum
938 3105 1103 3147 Parrum
1129 3117 1202 3146 au-

246 3161 450 3207 ctoritate,
461 3155 663 3200 sacrorum
678 3159 889 3203 canonum
902 3160 1088 3210 decretis,
1102 3164 1203 3205 s-R.

247 3223 300 3266 E.
323 3218 485 3274 antiqua
499 3213 813 3268 consuetudine,
837 3232 883 3259 ac
909 3233 1108 3262 novorum
1132 3219 1203 3262 de·

251 3287 458 3324 eretorum
472 3274 700 3329 praei‘cripto
719 3277 868 3330 agenda
893 3277 933 3318 δι
958 3277 1202 3321 observanda

254 3345 362 3380 erant
375 3333 504 3388 ,dieta
516 3332 582 3375 die
592 3332 800 3376 Dominica
813 3334 854 3377 in
869 3334 983 3378 Albis
1001 3349 1105 3393 ‚quae
1118 3345 1204 3381 erat

256 3402 397 3449 quarto
411 3391 613 3436 Kalendas
627 3391 723 3446 Maij
748 3405 854 3435 anno
883 3393 1104 3439 millesimo¹
1119 3395 1206 3438 sex-

258 3450 473 3495 centesimo
486 3449 719 3505 sexagelimo
733 3464 862 3502 noun,
878 3449 1132 3498 Pontificatiis
1148 3452 1204 3495 sui

259 3507 588 3559 annozsecundo,
613 3508 651 3552 in
676 3510 932 3554 Sacrosane'ta
960 3511 1070 3554 Beati
1097 3511 1206 3554 Petri

257 3558 748 3623 Apostoloruml‘rincipis
767 3568 928 3612 Basilica
942 3597 957 3619 ,
984 3570 1024 3612 in
1042 3583 1119 3625 qua
1145 3567 1207 3611 so-

259 3623 381 3666 lemni
397 3623 475 3665 ritu
487 3636 578 3667 cum
591 3623 767 3681 ejusdem
783 3631 822 3671 S.
839 3629 893 3670 R.
912 3630 958 3670 E.
977 3627 1206 3671 cardinali-

257 3683 329 3723 bus
343 3706 359 3731 ·,
369 3681 636 3732 Paniai-chit,
650 3685 971 3742 Archiepiscopis
984 3688 1024 3728 δι
1045 3684 1208 3740 Episco-

254 3740 331 3795 Ρῑδ,
344 3740 383 3780 ἃ
396 3737 549 3780 dileffis
567 3736 656 3782 filiis
673 3743 866 3787 Romanae
877 3745 1208 3796 CuriaePraelatis,

257 3796 542 3899 Οἱῖὶεἱεῐῐὸυεή
553 3796 593 3838 &
607 3796 862 3847 familiaribus
883 3802 958 3848 suis
972 3831 988 3856 ,
999 3803 1128 3849 Clero
1145 3803 1207 3861 (ει-1

372 3858 474 3898 Tom-
542 3882 552 3894 .

1982 251 2040 329 4
2053 254 2155 328 27

1256 367 1674 424 culum-Regulari,
1698 381 1746 410 ac
1777 370 1946 411 maxima
1971 378 2110 427 populi
2136 380 2215 421 fre,-

1253 426 1416 480 quentia
1459 427 1574 466 mane
1620 425 1809 467 convenit
1841 453 1856 477 ‚
1899 428 1983 480 post
2024 427 2216 485 repetitas

1251 497 1328 539 pro
1337 482 1850 524 Canonizationisdccreto
1862 485 2077 538 petitiones
2096 515 2111 537 ,
2139 503 2215 531 no.-

1252 542 1358 583 mine
1370 538 1544 595 ejusdem
1557 537 1700 581 Caroli
1717 541 1845 596 Regis
1870 544 1894 585 a
1919 541 2068 584 dilecto
2092 546 2215 587 etiam

1254 597 1340 639 filio
1361 597 1526 647 nostro,
1550 606 1648 639 tunc
1676 595 1769 648 sito,
1791 600 1949 656 Jacobo
1966 600 2074 642 tituli
2092 603 2217 644 saneti

1253 654 1353 698 xisti
1394 655 1642 710 Presbytero
1677 656 1891 698 Cardiuali
1913 685 1928 708 ,
1966 653 2216 714 Rospiglioso

1250 723 1507 768 nuncupato,
1536 715 1619 769 poll
1641 712 1774 757 sacros
1803 717 1973 770 hymnos
1989 746 2004 768 ‚
2031 717 2187 760 litanias
2203 747 2218 771 ,

1248 771 1418 827 aliasque
1438 786 1577 826 preces
1595 772 1763 828 Spiritus
1778 775 1909 818 sancii
1935 775 2104 832 gratiam
2130 776 2213 819 rite

1249 830 1531 884 imploratam;
1556 831 1619 873 Ad
1634 832 1826 875 honorem
1841 833 2137 877 Sanctiffimae&
2154 835 2216 879 in-

1248 887 1422 931 dividuae
1450 889 1684 937 Trinitatis,
1715 892 1763 933 ad
1791 892 2075 935 exaltationem
2098 892 2211 936 Fidei

1253 945 1477 990 Catholicae
1493 974 1508 1000 ,
1547 949 1587 989 &
1610 948 1843 992 Christiana:
1869 950 2097 1007 Religionis
2123 965 2219 1007 aug-

1250 1015 1431 1049 mentum
1451 1035 1467 1057 ,
1497 1006 1739 1048 authoritate
1768 1010 1820 1050 D.
1846 1012 1900 1051 N.
1920 1011 2010 1065 Jesu
2039 1010 2219 1060 Christi,

1249 1067 1465 1107 Beatorum
1481 1064 1766 1119 Apostolorum
1788 1068 1897 1109 Petri
1923 1070 1962 1110 δι
1989 1068 2132 1118 Pauli,
2165 1081 2211 1108 ac

1245 1122 1343 1179 ejus,
1360 1133 1516 1167 matura
1530 1123 1825 1168 deliberatione
1835 1126 2053 1181 praehabita
2067 1152 2081 1175 ‚
2101 1122 2215 1168 &dn

1253 1183 1342 1226 vina
1355 1196 1433 1237 ope
1450 1182 1811 1238 saepiusimplorata
1827 1213 1841 1236 ,
1869 1199 1914 1228 ac
1942 1186 1993 1228 de
2009 1183 2218 1229 venerabi.-

1251 1240 1347 1284 lium
1378 1243 1563 1284 Fratrum
1587 1242 1816 1285 nostrorum
1843 1270 1859 1291 s
1895 1254 1994 1286 tunc
2021 1242 2214 1300 suorum,

1253 1298 1533 1341 Cardinalium
1548 1326 1562 1349 ‚
1578 1301 1919 1353 patriarcharum,
1931 1299 2217 1356 Archiepisco-

1251 1369 1396 1410 porum
1415 1357 1456 1397 δι
1469 1356 1756 1411 Episcoporum
1781 1362 1820 1400 in
1838 1361 1948 1402 Urbe
1961 1360 2209 1401 exilientium

1250 1412 1420 1456 confilio
1437 1439 1451 1462 ,
1470 1415 1634 1456 Beatum
1651 1417 1814 1457 Petrum
1822 1416 1872 1458 dc
1886 1416 2100 1460 Alcantara
2117 1419 2217 1459 San-

1250 1474 1357 1515 ctum
1372 1470 1449 1516 effe
1464 1471 1647 1519 decrerit
1673 1474 1712 1515 &
1737 1472 1949 1527 delinivit,
1980 1490 2025 1517 ac
2054 1478 2216 1519 Sancto·

1253 1543 1340 1571 rum
1353 1530 1542 1586 catalogo
1555 1530 1758 1584 adscriplit
1775 1558 1790 1581 ,
1807 1533 2043 1578 statuensab
2059 1534 2219 1578 univer-

1256 1586 1323 1630 sali
1340 1588 1515 1632 Ecclesia
1527 1588 1711 1644 quolibet
1726 1602 1846 1642 anno,
1863 1591 1931 1634 die
1943 1592 2095 1635 decima
2107 1595 2219 1634 oc'ta·

1257 1660 1301 1688 va
1316 1647 1501 1689 octobris
1518 1676 1530 1697 ‚
1556 1646 1662 1690 illius
1677 1645 1813 1691 obittis
1828 1648 1896 1692 dle
1907 1678 1922 1701 ,
1949 1652 2218 1694 memoriam-‚0

1253 1704 1340 1760 ejus
1355 1705 1460 1747 inter
1480 1707 1641 1748 sanatos
1656 1701 1911 1752 Confeffores
1927 1723 2024 1752 -non
2052 1707 2220 1754 Pontifi-

1254 1778 1320 1805 ces
1340 1792 1353 1814 ,
1369 1763 1431 1818 pia
1445 1764 1666 1807 devotione
1685 1766 1810 1808 recoli
1824 1766 1977 1823 debere
1997 1768 2036 1810 in
2061 1767 2218 1810 nomine

1255 1820 1384 1864 Patris
1403 1823 1442 1862 δι
1455 1823 1544 1864 Pilii
1558 1823 1598 1863 δι
1614 1822 1782 1878 Spiritus
1799 1827 1930 1866 Sancti
1948 1851 1961 1866 .
1992 1830 2119 1869 Amen
2133 1855 2143 1866 .
2206 1825 2209 1828 ⁴

1371 1881 1510 1924 Postea
1526 1880 1633 1923 idem
1650 1881 1838 1924 Clemens
1856 1882 2117 1926 Praedeccffor
2143 1898 2218 1926 no·

1253 1938 1336 1982 ster
1359 1937 1531 1993 ejusdem
1545 1940 1674 1982 Sancti
1703 1928 1839 1983 (elium
1865 1937 2099 1985 diedecima
2115 1956 2216 1991 nona

1254 1998 1440 2054 octobris
1466 1998 1661 2041 celebrari
1720 2002 1903 2042 uotannis
1936 2001 2117 2044 decrevit
2133 2030 2147 2052 ‚
2177 2002 2216 2043 in

1254 2069 1332 2112 qua
1353 2055 1419 2098 die
1441 2055 1622 2098 omnibus
1652 2057 1690 2098 C
1723 2055 1990 2101 rissifidelibus
2004 2063 2027 2109 ‚'
2049 2059 2114 2115 qui
2146 2059 2219 2101 ali·

1253 2127 1372 2170 quam
1399 2128 1446 2156 ex
1475 2113 1662 2157 Ecclefiis
1693 2113 1860 2157 universi
1894 2117 2060 2159 Ordinis
2088 2118 2219 2159 saneti

1252 2172 1450 2216 francisci
1467 2182 1549 2215 tam
1567 2175 1755 2217 Fratrum
1770 2200 1784 2222 ‚
1813 2187 1930 2230 quam
1947 2174 2184 2218 Monialium
2203 2204 2219 2227 ,

1252 2239 1334 2274 tam
1346 2231 1528 2275 hactenus
1545 2236 1687 2276 erectis,
1699 2259 1713 2281 ‚
1735 2235 1854 2287 quam
1872 2235 2121 2290 imposterum
2136 2234 2218 2276 eri-

1250 2287 1388 2347 gendis
1402 2318 1419 2342 ,
1450 2291 1488 2331 &
1504 2290 1743 2347 ubicumque
1758 2291 1942 2335 locorum
1964 2293 2217 2336 exilientibus

1251 2346 1512 2396 visitaverint,
1528 2348 1817 2403 indulgentiam
1838 2351 2054 2407 plenariam
2072 2364 2220 2408 perpe-

1255 2416 1367 2450 tuam
1382 2405 1571 2449 concessit
1588 2437 1599 2448 .
1631 2409 1719 2450 Deo
1746 2409 1871 2465 igitur
1899 2412 2069 2466 Optimo
2086 2409 2220 2454 Maxi·

1256 2480 1350 2516 mo,
1370 2466 1396 2508 a
1422 2480 1504 2521 quo
1532 2465 1587 2509 est
1614 2482 1734 2511 omne
1760 2469 1899 2511 datum
1919 2470 2126 2526 ,optimum
2142 2499 2155 2521 ,
2179 2470 2220 2513 δε

1254 2536 1376 2567 omne
1391 2523 1544 2567 donum
1559 2524 1776 2580 perfeetum
1789 2556 1802 2577 ,
1819 2527 1971 2583 gratias
1987 2540 2105 2584 agere
2121 2542 2221 2570 eun·

1253 2582 1346 2626 dem
1372 2582 1623 2627 Clementem
1656 2584 1985 2629 Praedecefforem
2011 2587 2179 2628 decebat
2205 2598 2218 2626 :

1252 2641 1319 2697 qui
1334 2640 1537 2684 benedixit
1552 2644 1658 2687 hunc
1670 2647 1838 2688 Servum
1854 2644 2014 2686 suumin
2027 2644 2138 2686 omni
2152 2645 2199 2685 be
2209 2666 2219 2674 ·

1252 2698 1475 2743 nedietione
1491 2699 1685 2756 spirituali
1700 2731 1717 2754 ,
1744 2713 1787 2745 ut
1803 2700 1895 2745 effer
1910 2705 2075 2748 Sanetus
2089 2704 2130 2745 δι
2146 2703 2220 2745 im-

1252 2757 1475 2802 maculatus
1490 2773 1628 2802 coram
1646 2760 1757 2816 ipso,
1777 2764 1816 2804 δι
1847 2772 2029 2805 curreret
2054 2763 2094 2804 in
2124 2761 2219 2805 via..-

1255 2816 1529 2860 mandatorum
1544 2818 1774 2862 divinorum
1788 2848 1804 2872 ‚
1832 2820 2008 2863 dilatato
2020 2819 2145 2863 corde
2173 2818 2221 2860 ab

1255 2874 1398 2916 eximia
1413 2876 1639 2926 charitate;
1664 2889 1839 2932 cumque
1855 2877 1968 2921 illum
1977 2878 2115 2927 divina
2134 2880 2220 2931 pie-

1257 2943 1317 2974 tas
1334 2932 1422 2973 huic
1434 2932 1567 2974 nostro
1580 2931 1713 2977 saeculo
1727 2933 1954 2986 indulserit,
1964 2936 2031 2990 qui
2046 2938 2219 2989 antiquae

1260 2990 1442 3047 prodigia
1452 2990 1662 3032 sanctitatis
1673 2989 1907 3035 instauraret
1922 3020 1940 3049 ἶ
1959 2994 2130 3035 eundem
2146 2992 2221 3034 fin·

1261 3047 1387 3102 gulari
1406 3048 1519 3091 cultu
1543 3048 1848 3103 prosequeretur
1874 3047 1895 3101 ‚*
1925 3046 2086 3106 ejusque
2111 3050 2220 3092 auxi·

1261 3106 1358 3147 lium
1374 3109 1412 3147 in
1427 3104 1530 3150 hisce
1542 3107 1777 3150 Christianae
1790 3109 2036 3164 Reipublicae
2061 3108 2221 3151 neceffi·

1261 3164 1408 3206 tatibus
1421 3164 1574 3208 enixius
1591 3165 1824 3218 imploraret
1839 3196 1852 3208 .
1884 3171 1950 3210 Ne
1975 3177 2108 3209 autem
2129 3167 2220 3212 de)

1261 3221 1430 3265 decreto
1443 3251 1458 3274 ‚
1472 3221 1706 3268 definitione
1717 3251 1732 3274 ‚
1745 3225 2014 3280 adscriptione
2027 3250 2041 3272 2
2054 3224 2222 3281 liatuto,

1261 3280 1526 3332 conceffione,
1539 3282 1700 3338 aliistlue
1714 3284 1928 3338 praemiffis,
1942 3298 2018 3340 pro
2031 3298 2097 3334 eo,
2111 3284 2221 3341 quod

1262 3338 1378 3391 iplius
1407 3339 1629 3383 clementis
1643 3341 1940 3387 Praedecefforis
1954 3343 2082 3385 literae
2094 3369 2108 3392 ‚
2139 3341 2221 3395 ejus

1263 3395 1571 3452 superveniente
1583 3399 1695 3442 obitu
1708 3429 1724 3452 ‚
1738 3398 1922 3443 confeetae
1936 3414 2014 3443 non
2031 3398 2191 3443 fuerunt
2207 3429 2222 3452 ,

1264 3455 1396 3498 valeat
1411 3456 1718 3511 quomodolibet
1735 3460 1900 3502 haefitari
1913 3487 1928 3510 ‚
1944 3459 2132 3503 volumus
2151 3488 2166 3512 ‚
2181 3460 2221 3500 δι

1266 3513 1494 3568 Apostolica
1520 3517 1766 3560 authoritate
1789 3517 2045 3562 decernimus
2065 3543 2083 3574 ²
2110 3516 2219 3574 quod

1267 3572 1476 3614 decretum
1491 3603 1505 3625 ‚
1517 3572 1703 3616 definitio
1715 3603 1733 3626 ‚
1746 3574 1960 3631 adscriptio
1970 3603 1986 3626 ‚
2001 3576 2189 3620 statutum
2206 3604 2219 3626 ‚

1268 3629 1480 3683 eonceffio,
1497 3631 1653 3687 aliaque
1666 3633 1853 3687 praemiffa
1865 3636 1889 3685 ὲ
1901 3635 2003 3678 dieta
2018 3635 2085 3678 die
2102 3648 2222 3689 quar·

1266 3698 1311 3730 to
1324 3688 1525 3732 Kalendas
1555 3691 1652 3733 Maii
1676 3690 1787 3735 suum
1811 3697 2105 3750 consequantur
2129 3690 2221 3732 effe-

1265 3748 1370 3788 aum
1385 3775 1400 3797 ‚
1427 3761 1474 3790 ac
1488 3747 1512 3790 fi
1529 3751 1646 3803 super
1662 3749 1740 3792 illis
1750 3750 1864 3805 ipfius
1879 3753 2102 3796 Clementis
2117 3752 2220 3791 Prae·

1265 3803 1477 3853 decefforis
1491 3807 1619 3863 literae
1632 3806 1700 3850 sub
1713 3809 1808 3857 data
1822 3810 1996 3868 ejusdem
2024 3807 2102 3848 diei
2125 3817 2221 3860 con·

1631 3870 1670 3911 H
1686 3870 1709 3910 h
1725 3869 1750 3910 h
1782 3886 1805 3912 2
2054 3863 2162 3903 feaae
