2444 4192
803 179 972 261 Sub
1036 180 1282 262 Paulo
1342 176 1507 262 IV.

199 335 332 371 eorum
342 347 360 370 ‚
371 319 494 362 etism
509 319 725 373 factorum,
737 323 778 363 δι
793 327 1003 378 praesertim
1027 330 1139 371 Pres-

197 378 399 440 byteratfis
413 378 612 423 Ordinum
624 407 638 429 ‚
668 394 824 423 necnon
843 386 954 424 omni
970 387 1141 428 ministe-

195 445 257 487 rio
270 436 544 483 Ecclefiastico
558 436 740 495 ρτκάὶᾶο
754 442 951 494 perpetuo
979 441 1138 498 suspen·

193 509 281 543 mus
295 524 309 548 ,
324 496 580 555 privatosque
594 500 634 540 δι
654 498 860 546 inhabiles,
874 513 919 540 ac
935 497 1138 554 suspendi-

190 557 256 601 [οι
267 552 370 607 effe3
384 569 540 599 necnon
558 553 744 600 beneficia
755 557 833 612 ipsa
844 556 896 598 de
909 555 996 611 jure
1010 583 1025 606 ,
1036 558 1076 597 8ι
1089 555 1139 598 de

190 615 295 658 faeto
311 626 453 656 vacare
466 641 481 664 ‚
494 617 532 657 δι
543 616 595 658 de
609 615 663 659 eis
687 613 810 660 solnm
826 628 898 671 per
912 617 1001 657 Nos
1013 615 1054 655 ἃ.
1068 617 1139 656 Se·

190 673 284 716 dem
305 673 527 728 praediffltn
553 674 705 729 disponi
731 671 863 730 poffe,
888 686 934 716 ac
958 673 1136 716 reserva-

188 732 321 775 tiones
353 730 550 775 fruetuum
561 759 576 783 ‚
605 731 832 776 reddituum
847 760 862 785 ,
890 733 930 774 δι
960 744 1136 787 proven-

187 800 305 834 tuum
334 790 459 847 hujus
452 792 558 834 modi
586 792 764 848 extingui
784 793 823 834 &
853 791 1035 847 expirare
1060 790 1134 833 de·

188 851 419 902 cernimu23
448 850 503 891 ita
529 858 575 892 ut
605 851 656 894 de
681 859 826 894 caetero
855 849 921 905 ipfi
936 850 1133 906 Apostatae

185 906 377 963 quamdiu
393 908 562 950 vixerint
577 935 592 959 ,
622 907 752 966 aliqua
781 907 973 952 beneficia
989 908 1134 953 Eccle-

184 966 331 1010 fiastica
339 965 522 1009 obtinere
537 994 553 1017 ,
570 967 637 1010 vel
653 968 817 1024 aliquod
832 967 1008 1010 officium
1029 996 1044 1020 ‚
1066 968 1133 1009 seu

185 1024 447 1068 ministerium
463 1024 782 1070 Ecclefiassicum
794 1027 953 1083 exequi,
965 1035 1034 1069 aut
1049 1024 1136 1069 fru-

184 1087 268 1125 etus
282 1111 297 1134 ,
311 1081 494 1125 redditur
508 1109 523 1131 ‚
535 1086 575 1126 δι
588 1094 809 1142 proventus
823 1085 1137 1136 Eccleliasticos,

180 1142 251 1186 seu
273 1141 386 1197 super
402 1141 482 1183 illis
496 1143 702 1197 penfiones
725 1158 875 1188 annuas
897 1145 1104 1200 percipere
1118 1169 1132 1191 ‚

181 1201 249 1244 vel
268 1201 426 1254 exigere
438 1226 453 1250 ,
466 1198 528 1242 seu
541 1215 676 1244 curam
691 1203 910 1245 animarum
924 1216 1131 1252 exercere,

183 1267 252 1302 sut
266 1261 524 1301 Sacramenta
543 1258 814 1303 Eccleiiassica
841 1261 1129 1309 ministrare-³,

178 1316 246 1361 seu
267 1312 419 1359 Miss'am
433 1313 642 1359 celebrare
657 1345 672 1368 ,
701 1326 768 1359 aut
794 1327 986 1374 praetextu
1001 1320 1128 1359 Ordi-

180 1389 291 1428 num,
306 1373 347 1419 in
367 1373 511 1429 quibus
524 1375 729 1419 constituti
742 1385 885 1424 erunt,
899 1376 1047 1432 aliquid
1067 1373 1127 1417 fa-

181 1446 276 1478 cere
287 1459 302 1483 ‚
318 1432 382 1476 vel
395 1434 536 1489 exequi
558 1443 755 1492 nequeant
768 1462 784 1486 ‚
802 1436 843 1477 δι
857 1435 1098 1492 provifiones
1112 1460 1127 1484 ‚

181 1494 250 1536 stu
262 1491 505 1535 commendae
518 1519 534 1543 ‚
544 1493 585 1534 δι
598 1493 890 1537 reservationes
917 1492 1131 1542 fruetuum,

180 1550 414 1594 reddituum
445 1551 486 1592 8ι
523 1561 792 1606 proventuum
838 1552 1132 1595 Ecclesiastico·

180 1622 270 1654 rum
285 1636 300 1661 ,
317 1621 476 1652 necnon
500 1607 778 1666 allignationes
807 1611 1034 1667 penfionum
1064 1625 1130 1654 an.

179 1680 348 1712 nuatum
374 1668 429 1710 eis
445 1667 566 1709 etiam
590 1669 696 1713 dieta
714 1670 965 1721 auctoritate,
977 1671 1129 1713 etiam..

180 1740 269 1770 cum
283 1725 530 1782 praesentium
545 1735 639 1770 toto
654 1740 793 1771 earum
814 1738 956 1771 tenore
979 1726 1131 1770 inserto

181 1784 358 1841 plenaria
386 1783 650 1840 derogatione
676 1799 752 1843 pro
782 1796 965 1843 tempore
995 1786 1099 1831 faeta
1114 1812 1129 1835 ‚

182 1842 301 1885 nulle
316 1842 443 1884 lint&
459 1843 601 1892 irrite,
615 1859 660 1888 ac
679 1845 833 1889 viribus
863 1846 1033 1888 omnino
1061 1859 1127 1888 ca·

186 1909 303 1942 reant
319 1927 335 1951 ,
347 1911 422 1941 nee
435 1900 598 1955 aliquod
619 1904 675 1946 eis
690 1903 748 1955 ius
761 1932 776 1954 ‚
792 1912 862 1947 sut
875 1905 1040 1948 titulum
1055 1907 1125 1949 be·

185 1956 326 2000 'neficia
339 1955 558 2013 poilidendi
572 1987 588 2009 ,
599 1970 668 2002 sut
683 1959 830 2003 fruetur
842 1989 857 2010 ,
870 1961 1070 2013 redditus,
1086 1964 1129 2004 dr.

183 2025 406 2073 proventus
421 2042 435 2066 ,
464 2014 530 2059 seu
561 2017 765 2072 peniiones
796 2015 1018 2073 hujusmodi
1049 2020 1130 2061 exi-

184 2073 411 2132 getidi2ve1
428 2075 677 2130 percipiendi
700 2077 902 2129 tribuant;
933 2077 1136 2132 ipfiquu

183 2135 236 2175 lic
267 2133 412 2189 privati
430 2159 444 2181 ‚
474 2134 664 2177 inhabiles
676 2161 690 2184 ‚
719 2136 759 2176 δι
789 2133 951 2190 suspenfi
985 2134 1133 2177 fruetus

183 2190 274 2232 suos
291 2201 372 2232 non
386 2188 558 2238 faciant,
578 2190 641 2232 led
654 2192 702 2231 ad
725 2190 890 2233 illorum
914 2191 1132 2233 restitutio

180 2260 274 2290 nem
305 2255 542 2288 teneantur.
573 2249 626 2289 Et
661 2247 921 2289 nihilominus
952 2247 976 2289 fi
994 2262 1131 2291 curam

179 2306 398 2348 animarum
414 2317 616 2358 exercere,
632 2306 694 2350 vel
710 2305 978 2349 Ecclefiastica
992 2310 1130 2350 Sacra·

177 2372 309 2407 menta
326 2362 554 2406 ministrare
567 2392 582 2415 ‚
598 2361 661 2406 seu
677 2363 828 2407 Missam
853 2364 1100 2410 celebrare,
1114 2394 1130 2416 ‚

176 2430 243 2466 sut
258 2432 454 2479 pretextu
468 2421 667 2464 Ordinum
678 2424 835 2466 suorum
849 2426 1129 2480 praediaorum

179 2481 330 2537 aliquid
355 2479 489 2525 facer·
502 2506 517 2529 s
545 2491 617 2524 aut
646 2482 809 2539 aliquod
827 2482 1003 2526 officium
1016 2511 1031 2532 ‚
1061 2482 1127 2526 stu

177 2539 435 2585 ministerium
450 2539 766 2583 Eccleliaiiicurn
791 2542 930 2598 exequi
943 2542 1127 2598 presum-

176 2599 331 2656 psa-int
342 2624 357 2648 2
371 2608 559 2654 tanquam
573 2597 737 2655 suspenli
762 2602 812 2643 sb
826 2601 1126 2646 executione.)

176 2656 377 2701 Ordinum
393 2655 556 2699 suorum
567 2683 584 2707 ‚
606 2658 795 2702 &inillis
809 2668 954 2704 eontra
967 2660 1125 2716 suspen·

178 2718 327 2760 ssonem
341 2713 490 2771 ipsam,
510 2716 559 2756 &-
572 2716 612 2758 in
634 2724 915 2775 contemptum
937 2719 1125 2762 elavium

177 2774 456 2819 ministrantes,
468 2773 683 2829 condignis
705 2777 839 2830 poenis
857 2778 1026 2820 omnino
1055 2793 1127 2833 pu·

179 2834 341 2874 niantur
356 2858 370 2872 .
382 2832 436 2872 Et
450 2840 494 2871 ut
505 2831 634 2872 omnis
649 2833 820 2887 vagandi
836 2834 992 2877 ocealio
1014 2837 1126 2891 Apo-

178 2891 288 2934 fiatis
317 2885 545 2944 hujusmodi
569 2888 767 2943 tollatur,
795 2893 1029 2936 volumus&
1045 2895 1130 2937 san-

177 2950 318 2998 cimus,
329 2945 440 3004 quod
453 2945 601 3002 quaevis
613 2955 695 2989 tam
710 2947 991 3002 Ecclefiasticae,
1007 2952 1129 3010 quim

178 3007 383 3055 saculares
425 3003 606 3048 Persona
649 3005 914 3063 cujuscunque
966 3008 1084 3054 statiis
1112 3039 1128 3059 ‚

181 3065 326 3123 gradus
352 3092 366 3115 ,
393 3062 547 3108 ordinis
576 3091 592 3115 ,
622 3064 867 3108 conditionis
894 3097 910 3120 ,
939 3069 980 3109 dt
1005 3083 1128 3124 proee·

179 3125 383 3168 minentiae
408 3122 570 3166 existant
584 3149 599 3172 ‚
613 3122 763 3165 etiamfi
786 3123 1013 3180 Episcopali
1027 3154 1042 3178 ‚
1052 3128 1133 3169 Ar·

181 3180 464 3240 ehiepiscopali
476 3206 493 3230 ‚
508 3181 775 3225 patriarchali
790 3211 804 3235 ,
831 3193 900 3227 aut
913 3183 990 3226 alia
1002 3183 1133 3239 majo-

184 3239 505 3285 siEeclefiastica
523 3239 723 3295 dignitate
737 3269 752 3294 ‚
782 3242 909 3285 etiam
932 3242 1133 3286 cardina·

183 3293 290 3344 latus
301 3301 470 3351 honore,
482 3297 548 3341 seu
561 3298 781 3351 mundana,
794 3299 917 3344 etiam
930 3300 1133 3344 Marchio-

188 3354 458 3412 uam-Ducali
472 3385 488 3409 ‚
517 3368 586 3400 aut
614 3357 691 3400 alia
721 3358 865 3416 majori
891 3361 1132 3402 auctoritate

190 3403 506 3459 sedneeilentia
517 3415 774 3472 prefulgeant
788 3447 804 3470 ‚
829 3418 1000 3473 aliquem
1022 3419 1132 3472 Apo·

193 3470 375 3517 natamm
397 3474 619 3518 eorundem
630 3484 841 3532 receptare
853 3505 868 3529 ‚
882 3476 947 3520 seu
964 3476 1135 3528 nutrire,

192 3526 256 3570 vel
270 3527 362 3578 mk:
376 3533 584 3587 quominus
597 3533 647 3576 ad
660 3549 801 3578 eorum
817 3534 1106 3579 Monasterium
1119 3561 1135 3585 ‚

191 3583 255 3628 seu
272 3587 444 3631 Domum
460 3592 556 3642 ‚vel
569 3593 693 3636 alium
705 3594 839 3637 locum
854 3594 1135 3651 Regularem..

189 3642 360 3708 redeant
375 3669 391 3693 s
409 3645 588 3693 favorem
603 3678 617 3702 ‚
631 3662 699 3693 aut
713 3653 903 3696 auxilium
919 3683 934 3704 ,
956 3653 1019 3696 seu
1034 3664 1134 3695 con-

188 3701 318 3744 filium
332 3702 507 3768 prpstare
519 3722 595 3751 non
607 3711 844 3764 praesumant
857 3738 868 3750 .
881 3712 930 3754 Et
946 3708 972 3753 fi
990 3725 1057 3754 eos
1071 3723 1134 3751 re-

189 3768 438 3815 ceptaverint
450 3788 468 3812 ,
486 3761 553 3808 feu
569 3768 838 3820 nutriverint,
853 3771 916 3814 vel
948 3769 1027 3812 illis
1041 3799 1054 3821 ,
1083 3776 1130 3809 ut

1921 209 2082 290 245

1198 325 1412 381 praefertur
1424 352 1438 374 ,
1451 321 1654 369 faverint,
1680 326 1746 360 aut
1764 322 1955 366 auxilium
1971 329 2033 369 seu
2047 344 2147 372 con.

1197 382 1326 423 filium
1338 378 1607 434 praestiterint,
1623 378 1662 416 δι
1681 390 1754 430 per
1770 380 2028 424 Ordinariurn
2045 385 2142 437 loci,

1198 439 1269 481 sub
1279 449 1361 491 quo
1373 447 1529 475 moram
1546 435 1723 485 trahent,
1745 439 1995 485 commoniti,
2011 442 2034 482 a
2049 454 2146 493 prae-

1201 494 1318 538 miffis
1349 505 1429 533 non
1455 492 1678 533 destiterint
1692 519 1707 541 ,
1736 493 1970 536 sententiam
1994 509 2150 538 excom-

1200 550 1485 595 municationis
1500 549 1639 606 eoipso
1655 551 1884 593 incurrant.
1905 554 1954 594 Et
1971 556 1994 594 fi
2013 556 2150 596 Patro-

1199 610 1238 652 ni
1263 609 1430 665 alicujus
1447 609 1628 652 beneficii
1647 610 1932 662 Ecciefiastici,
1965 611 2042 654 five
2073 614 2146 654 sint

1197 669 1288 711 laici
1301 696 1317 720 ,
1338 670 1416 711 five
1433 668 1585 710 Clerici
1612 667 1785 723 aliquem
1807 683 1856 712 ex
1872 669 2018 712 eisdem
2036 672 2150 725 Apo·

1195 729 1302 771 statis
1322 727 1371 770 ad
1385 726 1621 770 beneficium
1637 726 1689 769 de
1710 742 1844 771 eorum
1873 728 2150 785 jurepatrona-

1192 786 1254 829 tfis
1270 787 1436 830 existens
1453 795 1551 828 tunc
1565 798 1706 828 vacans
1723 784 2148 844 presentant-inume—

1190 845 1437 889 sentationes
1452 843 1673 899 hujusmodi
1695 845 1768 888 fint
1781 842 1917 902 eoipso
1941 846 2077 898 nullae‚
2092 847 2147 886 ir-

1193 906 1358 956 ritae‚&
1372 906 1507 946 inanes
1522 931 1536 953 ,
1551 917 1595 943 ac
1611 903 1764 945 viribus
1793 916 1982 957 careant,
2014 907 2054 947 δι
2080 902 2150 957 ipfi

1194 966 1374 1015 Patroni,
1389 963 1490 1005 alios
1507 962 1556 1003 ad
1570 962 1710 1004 eadem
1727 962 1919 1005 beneficia
1934 964 2020 1020 jure
2051 977 2151 1020 prae·

1195 1022 1374 1066 sentandi
1388 1035 1462 1078 pro
1477 1035 1524 1064 ea
1544 1022 1630 1063 vice
1645 1022 1797 1065 tantum
1809 1023 1955 1078 privati
1969 1023 2149 1065 existant·

1196 1082 1399 1137 Quodque
1425 1080 1660 1134 Superiores
1691 1080 1892 1124 Ordinum
1904 1111 1918 1133 ‚
1948 1096 2048 1138 quos
2080 1080 2147 1134 ipfi

1195 1139 1352 1181 Profeffi
1373 1139 1538 1190 fuerint,
1550 1138 1711 1180 eosdem
1727 1141 1760 1181 A
1767 1141 1999 1194 pollatas,ut
2016 1140 2066 1182 ad
2081 1151 2151 1181 eo-

1194 1200 1529 1242 rumMonasteria
1541 1197 1754 1248 redeant,fi
1768 1198 1822 1240 eis
1836 1200 2024 1254 expedire
2039 1197 2149 1240 vide·

1189 1256 1557 1305 bitur,charitative
1573 1258 1833 1312 requirerc2&
1848 1259 1874 1299 li
1887 1258 1936 1300 ad
1947 1258 2048 1300 dieta
2060 1257 2149 1298 Mo-

1186 1328 1236 1356 na
1244 1315 1355 1357 steria
1370 1316 1505 1359 redire
1518 1315 2077 1366 ceflaverint‚diiiulerint,vel
2092 1328 2150 1356 re·

1187 1373 1440 1424 curaverint,
1454 1386 1525 1415 eos
1540 1371 1755 1414 secundum
1779 1374 1946 1415 Ordinis
1971 1372 2150 1427 discipli-

1188 1444 1298 1482 nam,
1316 1432 1535 1474 monitione
1547 1430 1706 1486 praeviii,
1723 1444 1793 1485 per
1805 1432 1987 1474 censuras
2006 1431 2148 1473 Eccle-

1190 1489 1355 1533 siasticas
1367 1491 1408 1532 δι
1433 1491 1529 1532 alias
1544 1489 1825 1545 poenas,etiam
1840 1489 2020 1546 corporis
2035 1489 2146 1530 affli-

1189 1549 1327 1597 envas,
1343 1550 1392 1592 ad
1411 1548 1656 1592 redeundum
1682 1562 1829 1604 cogere
1843 1548 2139 1604 &compellere

1191 1607 1545 1663 poffint,invocato
1557 1608 1678 1648 etism
1694 1609 1745 1649 ad
1761 1607 1883 1659 hoc,s1
1900 1621 2000 1663 opus
2012 1605 2148 1653 fuerit,

1191 1665 1343 1708 auxilio
1356 1667 1510 1708 brachii
1527 1666 1864 1723 saecularis.Qrod
1884 1665 1910 1708 fi
1929 1666 2144 1721 Regularis

1190 1724 1306 1767 Ordo
1323 1725 1400 1767 hoc
1416 1739 1494 1767 non
1513 1727 1697 1779 patiatur
1715 1754 1730 1777 ,
1754 1725 1994 1768 aufloritate
2007 1724 2143 1766 nostra

1191 1783 1407 1838 providere
1435 1784 1591 1826 valeant
1608 1812 1624 1833 ,
1655 1794 1698 1825 ut
1716 1783 1862 1826 talibus
1884 1785 1987 1838 apud
2009 1783 2147 1826 eadem

1187 1841 1419 1884 Monasteria
1436 1843 1475 1883 in
1492 1841 1593 1883 locis
1614 1842 1948 1896 competentibus,
1964 1844 1990 1883 si
2006 1841 2149 1895 absque

1187 1900 1299 1957 gravi
1315 1898 1502 1942 standale
1514 1898 1604 1941 fieri
1628 1902 1800 1954 poterit,
1810 1899 1988 1954 alioquin
2005 1899 2042 1941 in
2059 1898 2147 1940 aliis

1189 1958 1594 2014 Religiosisoomibus
1604 1956 1667 2013 eju
1674 1956 1777 2001 (dem
1791 1957 1956 2000 Ordinis
1969 1957 2019 1999 ad
2031 1970 2151 2014 agen·

1194 2015 1286 2055 dam
1318 2017 1414 2056 inibi
1440 2017 1720 2070 poenitentiam
1752 2015 1840 2058 vite
1853 2015 2063 2059 necessaria
2080 2016 2148 2056 mi.

1194 2072 1409 2128 nistrentur
1422 2099 1433 2111 .
1451 2073 1492 2114 si
1518 2074 1618 2112 vero
1631 2072 1822 2127 Apofletae
1852 2073 2077 2129 hujusmodi
2111 2072 2147 2114 se

1196 2131 1233 2172 in
1252 2131 1312 2171 his
1333 2129 1608 2172 inobedientes
1625 2129 1873 2185 praestiterint
1890 2160 1906 2180 ,
1938 2133 2012 2173 lint
2025 2131 2145 2173 etiam

1193 2188 1428 2229 auooritate
1440 2188 1571 2229 nostra
1587 2188 1749 2244 majoris
1762 2189 2148 2232 excommunicatio·

1192 2246 1252 2285 nis
1269 2246 1463 2287 sententia
1479 2243 1613 2299 eoipso
1625 2246 1807 2286 innodati
1825 2273 1838 2295 ,
1853 2248 1892 2288 δι
1910 2248 2143 2302 Superiores

1192 2301 1247 2344 sui
1277 2316 1348 2345 eos
1373 2303 1742 2346 excommunicatos
1769 2304 1845 2346 effe
1870 2305 2076 2349 declarent
2107 2307 2147 2347 δι

1190 2363 1406 2410 nuncient,
1426 2375 1473 2403 ac
1499 2373 1542 2404 ut
1567 2362 1666 2404 tales
1694 2364 1745 2404 ab
1769 2363 1952 2407 omnibus
1974 2363 2048 2407 suis
2063 2364 2150 2406 sub-

1187 2420 1282 2462 ditis
1297 2421 1490 2469 nunciati,
1504 2424 1542 2464 8(
1560 2419 1758 2477 publicari
1775 2419 1919 2465 faciant
1934 2453 1945 2463 .
1964 2425 2150 2466 Tenean-

1187 2489 1336 2535 turque
1362 2479 1427 2533 ipfi
1445 2480 1645 2535 Apoflatae
1657 2478 1951 2536 ‚cujuscunque
1966 2481 2148 2531 Ordinis,

1186 2539 1583 2594 congregationis‚&
1597 2536 1767 2582 Habitus
1782 2536 1946 2587 fixerint,
1961 2541 2147 2581 Biretum

1185 2598 1346 2652 nigrum
1373 2597 1526 2640 duabus
1549 2598 1664 2640 lineis
1687 2596 1786 2639 albis
1822 2610 1872 2639 ex
1896 2598 1974 2642 tela
2005 2596 2148 2640 confe-

1186 2658 1259 2699 fiis
1273 2685 1286 2708 ,
1298 2658 1338 2698 δι
1350 2656 1484 2711 digito
1497 2658 1672 2699 humano
1684 2654 1774 2698 letis
1797 2657 1845 2697 ab
1860 2671 1939 2700 una
1956 2657 2147 2699 extremi-

1188 2726 1272 2758 tate
1297 2717 1346 2758 ad
1372 2716 1490 2757 aliam
1524 2716 1830 2759 extremitatem
1859 2716 2147 2761 circumductis

1188 2774 1411 2818 distinctum
1425 2776 1490 2825 ,δι
1503 2788 1575 2831 per
1589 2785 1718 2817 totam
1741 2773 1827 2829 ejus
1858 2772 2146 2818 circumferen-

1188 2834 1286 2876 tiam
1300 2833 1414 2875 fimili
1430 2833 1534 2877 linea
1556 2834 1646 2876 alba
1661 2830 1868 2875 suffultum
1885 2862 1900 2884 ,
1931 2835 1985 2876 ita
2001 2844 2044 2875 ut
2060 2847 2148 2874 om-

1187 2904 1262 2934 ues
1278 2890 1389 2934 lineae
1406 2892 1598 2947 praelietae
1615 2891 1746 2932 oculis
1762 2891 2004 2934 intuentium
2021 2891 2146 2932 mani·

1191 2949 1288 2992 feste
1301 2959 1538 3004 appareant,
1550 2947 1745 2991 continue
1761 2946 1937 3001 gestare.
1956 2951 2052 2999 Et‚ii
2069 2948 2145 2988 sine

1188 3010 1323 3051 bireto
1338 3006 1564 3062 hujusmodi
1579 3004 1839 3062 deprephenfi
1856 3003 2003 3048 fuerint
2016 3032 2030 3054 ‚
2055 3010 2146 3057 pos·

1191 3067 1267 3108 fint
1282 3080 1358 3119 pro
1374 3064 1596 3122 hujusmodi
1615 3063 1887 3108 inobedientia
1918 3078 1999 3107 non
2017 3062 2143 3104 solum

1190 3139 1261 3180 per
1275 3123 1362 3165 suos
1378 3124 1612 3178 Superiores
1624 3152 1638 3174 ,
1653 3122 1791 3164 verum
1805 3122 1926 3164 etiam
1941 3136 2012 3177 per
2026 3120 2144 3176 quos-

1191 3195 1348 3235 cunque
1370 3190 1453 3223 tam
1470 3180 1759 3224 Ecclefialiicos
1773 3208 1787 3231 ‚
1800 3184 1920 3236 quam
1943 3179 2143 3223 saeculares

1188 3240 1348 3296 Judices
1378 3241 1418 3280 &
1448 3238 1700 3294 Magistratus
1728 3267 1744 3290 ,
1771 3239 1984 3292 condignis
2013 3237 2144 3294 poenis

1192 3298 1352 3354 puniri.
1381 3300 1438 3340 Et
1463 3297 1710 3341 nihilominis
1736 3299 1838 3340 bona
1863 3309 2143 3353 quacunque-2

1191 3355 1360 3399 mobilia
1373 3353 1438 3400 seu
1454 3357 1695 3410 immobilia,
1710 3371 1756 3398 ac
1770 3354 1904 3399 census
1916 3385 1932 3406 ,
1948 3355 2144 3404 redditus,

1192 3417 1232 3457 δι
1245 3424 1462 3469 proventus
1473 3442 1488 3464 ‚
1502 3414 1590 3471 jura
1602 3418 1640 3458 &
1654 3414 1829 3457 actiones
1844 3427 1915 3469 per
1926 3411 2029 3469 ipsos
2045 3416 2144 3456 Pro·

1194 3472 1308 3516 seffos
1320 3483 1436 3516 extra
1448 3473 1616 3516 claustra
1628 3473 1789 3518 suorum
1806 3472 2066 3526 Regularium
2083 3471 2146 3514 lo·

1193 3545 1336 3576 eorum
1350 3558 1366 3580 ,
1378 3532 1501 3574 etism
1513 3532 1566 3574 de
1583 3532 1747 3574 licentia
1762 3529 1922 3573 suorum
1945 3531 2142 3588 Superio-

1191 3604 1284 3632 rum
1315 3603 1391 3644 pro
1406 3599 1587 3645 tempore
1602 3591 1800 3644 degentes
1814 3618 1830 3642 ,
1848 3597 2046 3646 tempore,
2061 3603 2142 3644 quo

1194 3659 1312 3691 extra
1323 3646 1493 3690 claustra
1507 3647 1733 3704 hujusmodi
1748 3649 1930 3694 steterint
1943 3675 1958 3695 ι,
1978 3646 2140 3701 acquisi-

1191 3717 1232 3749 ta
1248 3734 1262 3757 ,
1291 3705 1440 3747 etiamfi
1456 3707 1733 3761 acquifitiones
1749 3706 1975 3761 hujusmodi
1989 3708 2039 3748 ab
2051 3707 2061 3744 i
2068 3702 2137 3758 pfis

1193 3762 1376 3810 Profeffis
1391 3779 1439 3806 ex
1458 3764 1681 3809 redditibus
1696 3765 1977 3809 beneficiorum
1993 3760 2138 3859 Effe-cle-

2036 3831 2088 3857 ia·
