2444 4192
818 123 978 204 sub
1039 128 1253 208 Sixto
1319 126 1420 210 V.

206 273 259 314 εἰς
269 269 356 324 igne
369 275 464 317 erga
483 264 612 304 Deum
629 261 668 301 δι
681 262 885 313 proximos
915 273 1005 306 toto
1019 270 1153 316 pecto-

199 324 458 374 reaestuabat:
489 334 614 375 quare
644 320 838 358 bonorum
869 323 1048 362 omnium
1079 338 1149 364 au-

197 393 344 434 ctorem
362 383 489 422 Deum
507 407 521 430 ,
551 380 590 420 δι
606 373 861 419 Beatiffimam
880 376 954 416 Dei
971 380 1152 421 Genitri·

1952 152 2114 231 299

1215 282 1338 312 ventu
1352 270 1611 325 fungeretur,
1644 266 1780 307 servus
1795 266 1961 316 Christi,
1978 276 2041 314 cui
2057 275 2169 318 vive·

1209 339 1254 366 re
1268 328 1452 367 Christus
1465 335 1551 367 erat
1567 351 1582 373 ,
1597 323 1652 386 ,δι
1682 322 1784 361 mori
1818 322 1972 364 lucrum
1987 354 2002 375 ,
2032 333 2160 384 coepit

1211 382 1401 432 Martyrii
1442 379 1636 420 desiderio
1670 380 1926 421 vehementer
1962 383 2131 435 flagrare
2155 415 2169 427 .

196 454 284 491 gem
299 438 448 494 semper
464 437 672 491 Virginem
697 433 856 492 humani
883 437 1038 486 generis
1057 437 1185 482 Aci-a
1209 438 1310 478 Erat
1342 437 1381 477 in
1397 449 1450 476 eo
1462 450 1541 476 non
1562 434 1688 476 solum
1702 434 1897 476 columbae
1912 436 2142 492 limplicitas
2159 467 2174 489 ,

196 506 380 549 vocatam
394 525 408 548 ‚
439 510 557 552 quam
589 495 732 537 summa
756 490 978 532 devotione
993 490 1143 546 semper
1202 493 1267 535 sed
1282 494 1321 533 &
1335 493 1528 546 serpentis
1542 491 1773 546 prudentia3
1788 506 1912 547 quare
1927 498 2055 536 multa
2068 511 2160 539 cum

189 556 351 604 coluit,
383 569 461 598 non
477 567 552 610 pro
569 550 607 595 se
622 550 730 601 solo,
761 548 825 592 sed
857 561 932 603 pro
956 550 1142 588 omnibus

194 614 424 660 hominibus
438 643 452 666 ,
477 615 517 655 δι
539 609 752 668 prasertim
764 620 836 663 pro
851 615 1147 660 peccatorum.»

191 672 478 718 emendatione
494 671 742 714 continenter
756 694 770 718 ‚
790 661 1148 708 vehementiffime·

191 746 270 789 que
283 733 452 786 orabat;
472 740 667 786 pauperes
683 725 778 768 vero
786 721 879 780 Jesu
897 719 1042 765 Christi
1062 731 1148 763 tan-

193 801 238 832 to
251 789 387 832 affeetu
401 788 594 843 diligebat
610 811 625 835 ,
639 793 831 841 tantaque
841 792 932 835 erga
947 795 1017 824 eos
1034 780 1148 821 mise-

190 848 370 891 ricordia
400 847 732 889 commovebatur
744 869 758 892 ,
799 851 842 883 ut
875 842 982 884 omni
1014 838 1146 883 studio

190 906 213 964 (
226 903 424 961 quantum
437 903 474 947 ei
488 904 669 960 licebat)
698 913 841 945 eorum
868 899 1046 954 inopiam
1063 927 1078 949 ‚
1107 897 1148 938 81.

192 963 439 1007 calamitates
464 962 670 1006 sublevare
700 957 838 1002 sedulo
865 967 1101 1015 procuraret
1137 967 1150 997 :

194 1021 320 1080 quod,
336 1022 360 1064 fi
375 1020 582 1064 interdum
598 1017 776 1076 praestare
788 1031 868 1060 non
885 1015 1010 1072 poflet
1021 1043 1036 1066 2
1071 1015 1152 1059 vim

190 1082 461 1135 lacrymarum
501 1075 766 1136 profundebat
789 1106 802 1129 ,
841 1073 984 1131 eosque
1021 1074 1151 1118 verbis

191 1136 456 1181 amantiffimis
471 1135 784 1190 consolabatur3
799 1144 972 1190 aegrotos
993 1136 1152 1177 Fratres

190 1196 376 1238 omnibus
399 1194 609 1237 charitatis
635 1192 774 1235 officiis
800 1190 1142 1247 prosequebatur,

191 1253 356 1296 affidere
373 1251 422 1294 ad
438 1252 605 1306 lcitum,
620 1251 755 1291 cibum
774 1249 991 1290 ministrare
1006 1277 1021 1300 ,
1045 1247 1149 1302 vigi-

189 1313 271 1356 lare
285 1319 388 1363 totas
403 1312 536 1353 noctes
559 1335 572 1359 ,
589 1305 768 1364 perferre
780 1319 920 1348 omnes
935 1306 1150 1353 molestias,

191 1376 305 1416 tanta
317 1368 510 1427 patientia
526 1394 541 1421 ,
574 1375 684 1409 tanta
702 1364 927 1407 humilitate
942 1392 957 1415 ,
990 1374 1032 1406 ut
1046 1378 1148 1421 quo·

193 1428 362 1483 tundam
375 1426 612 1485 purulentas
626 1424 760 1481 plagas
782 1435 862 1465 non
877 1422 1003 1467 solum
1017 1421 1150 1465 medi-

198 1489 388 1533 camentis
403 1499 561 1535 curare,
573 1481 637 1527 sed
652 1482 787 1539 lingua
798 1495 958 1538 quoque
972 1495 1037 1524 eas
1051 1481 1150 1523 lam-

199 1547 346 1590 bere&
363 1544 582 1600 abstergere
610 1555 691 1584 non
706 1541 968 1583 abhorreret:
999 1553 1078 1596 quo
1110 1539 1151 1580 in

192 1618 345 1662 genere
360 1603 502 1646 eximia
517 1600 628 1645 Servi
644 1599 721 1643 Dei
737 1599 909 1641 charitas
926 1600 1065 1640 Romae
1080 1595 1152 1639 ali-

191 1662 355 1720 quando
366 1662 404 1704 in
417 1659 621 1705 Coenobio
635 1661 820 1701 Fratrum
837 1656 996 1699 suorum
1006 1685 1022 1707 ,
1040 1654 1150 1712 quod

189 1723 246 1767 est
260 1721 310 1764 ad
325 1723 448 1764 Aram
461 1718 600 1768 Coeli,
625 1716 830 1772 infigniter
843 1715 970 1758 eluxit
1001 1745 1014 1755 .
1045 1717 1150 1756 Nam

195 1794 302 1824 anno
314 1778 636 1835 quinquagefimo
649 1773 859 1831 superioris
874 1772 999 1816 saeculi
1015 1801 1031 1822 ,
1060 1786 1152 1815 cum

195 1839 268 1895 piae
283 1850 402 1880 mem.
417 1835 609 1879 Nicolaus
623 1835 728 1890 Papa
740 1835 790 1875 V.
805 1829 1064 1877 Praedcceffor
1079 1845 1153 1873 no-

197 1897 273 1939 sser
287 1898 452 1938 Sacrum
467 1892 672 1949 Jubilaeum
701 1892 751 1934 de
764 1905 878 1935 more
893 1890 1116 1933 celebraret
1135 1917 1151 1941 ,

191 1957 374 1999 'Romam
393 1952 500 1994 venit
518 1952 561 1992 B.
578 1949 755 1992 Didacus
771 1977 786 2000 ,
799 1959 843 1993 ut
857 1948 1067 1991 salutarem
1082 1950 1152 1988 ln-

198 2011 444 2068 dulgentiam
478 2005 792 2064 consequeretur
818 2034 833 2057 ,
866 2007 906 2046 δι
933 2006 1151 2046 Beatorum

197 2070 485 2128 Apostolorum
512 2066 718 2122 sepulchra
741 2095 756 2117 ,
781 2074 1152 2118 caeterorumque-a

200 2131 439 2174 Sanctorum
485 2127 713 2178 Martyrum
745 2123 913 2166 illustres
944 2121 1154 2164 memorias

195 2184 387 2240 ,religiose
405 2191 686 2225 veneraretur:
714 2193 856 2233 magna
877 2187 965 2221 erat
989 2190 1152 2220 annonae

198 2243 335 2300 inopia
359 2267 374 2290 ‚
415 2232 601 2296 gravibus
646 2239 686 2278 δι
727 2236 954 2294 perieulofis
997 2235 1155 2276 morbis

197 2302 306 2349 Urbs
320 2298 529 2344 laborabat
542 2323 556 2346 ‚
573 2310 662 2341 cum
678 2298 722 2338 B.
739 2295 915 2339 Didacus
927 2294 1082 2350 aegrotis
1093 2306 1157 2335 cu.

198 2357 332 2405 randis
345 2386 359 2410 2
389 2369 562 2415 quorum
592 2356 727 2410 ingens
757 2364 843 2397 erat
875 2366 1059 2395 numerus
1074 2382 1090 2403 ,
1133 2353 1157 2394 a

198 2416 463 2467 Guardian0,
479 2413 543 2457 stu
556 2414 746 2459 Coenobii
763 2410 952 2456 Praefeao
962 2441 976 2465 ,
989 2412 1060 2468 qui
1073 2410 1154 2466 jam

197 2477 282 2535 eius
295 2475 541 2519 ssnetitatem
564 2471 843 2530 degustaverat
859 2498 872 2519 ‚
899 2470 955 2512 est
970 2468 1154 2538 praepofi-

198 2536 264 2581 tus
279 2563 294 2587 ,
305 2533 420 2592 eujus
431 2531 553 2576 officii
569 2544 711 2575 munus
726 2558 742 2582 ‚
769 2540 850 2573 tam
865 2528 1045 2572 fideliter
1056 2555 1070 2578 ,
1096 2524 1154 2568 se·

201 2595 412 2650 liciterque
429 2589 718 2635 administravit
731 2615 745 2638 ‚
776 2597 820 2632 ut
845 2588 883 2630 in
898 2588 1067 2645 publicis
1082 2599 1152 2627 an-

199 2651 328 2711 gustiis
340 2650 475 2694 omnia
488 2648 594 2708 apud
609 2661 800 2706 pauperes
815 2646 962 2691 Christi
977 2644 1153 2690 abunda·

200 2722 292 2755 rent
305 2709 543 2763 ,omnesque
553 2707 596 2753 in
610 2710 742 2750 Servo
755 2707 832 2748 Dei
850 2731 865 2751 2
879 2707 918 2748 δι
945 2705 1153 2762 copiosum

201 2766 408 2812 eharitatis
421 2764 618 2820 spiritum,
628 2765 669 2804 δι.
683 2763 914 2818 singularem
931 2763 1036 2806 illius
1049 2761 1155 2818 apud

203 2828 336 2870 Deum
354 2825 522 2879 gratiam
544 2822 822 2878 agnoscerent.
851 2824 940 2864 Nec
970 2819 1057 2863 stne
1082 2819 1156 2861 mi-

204 2884 376 2930 randum
385 2880 602 2935 est,Virum
618 2880 692 2922 Dei
707 2880 889 2922 membris
902 2876 1050 2922 Christi
1061 2879 1156 2921 Fra-

206 2943 335 2995 tribus
363 2938 437 2983 suis
452 2968 466 2992 ‚
493 2941 533 2981 in
546 2937 690 2992 quibus
703 2934 974 2992 Christusipse
983 2945 1155 2994 aegrota-

204 3003 274 3046 bat
289 3029 302 3052 ,
330 3007 447 3041 tanto
463 2997 668 3040 charitatis
684 2994 813 3038 studio
827 2994 1019 3039 inservisse
1033 3024 1048 3045 ,
1077 3005 1158 3037 tam

210 3057 383 3116 impigre
398 3053 624 3098 ministraffe
638 3083 652 3106 ,
667 3054 732 3110 qui
749 3054 799 3096 eb
813 3053 891 3109 jam
909 3052 1161 3107 perfeetionis

136 3137 140 3140 ⁴
209 3115 428 3177 progreflus
443 3123 526 3159 erat
539 3139 554 3164 ‚
584 3121 628 3156 ut
639 3112 872 3155 charitatem
885 3111 994 3153 illam
1013 3140 1027 3162 ,
1053 3123 1159 3166 qua-2

237 3190 331 3220 emo
341 3174 526 3229 majorem
541 3172 677 3221 habet,
691 3170 828 3227 sponso
839 3170 974 3212 anima:
986 3169 1055 3211 suae
1065 3182 1161 3224 prae-

220 3279 222 3282 ,
244 3239 246 3242 “
271 3249 312 3284 re
327 3262 342 3285 ,
372 3231 653 3289 &persolvere
667 3227 966 3285 concupisceret
986 3254 1001 3277 ‚
1025 3228 1065 3268 δι
1091 3240 1162 3279 pro

218 3290 365 3346 mit-isti
379 3291 537 3338 nomine
566 3290 607 3331 δε
630 3287 868 3332 conseffione
892 3288 1014 3328 vitam
1029 3283 1162 3327 &ian-

220 3343 376 3403 ffiffiem
398 3348 639 3406 profundere
664 3347 932 3389 desideraret.
966 3346 1022 3386 Ea
1045 3342 1162 3385 nimi-

220 3398 370 3461 1·ῠῷἒῇ
382 3405 541 3462 perfecti
554 3407 703 3449 amoris
720 3407 776 3447 vis
791 3407 828 3446 &
843 3414 984 3446 natura
995 3430 1011 3453 ,
1025 3411 1067 3443 ut
1082 3415 1159 3443 non

219 3458 337 3509 sacile
358 3466 609 3522 conquiescat
623 3493 637 3516 ,
668 3463 734 3507 sed
768 3462 919 3519 majora
943 3463 1093 3516 semper
1121 3461 1162 3501 &

219 3521 389 3564 maxima
401 3533 558 3579 appetat
574 3552 589 3576 ,
611 3525 651 3565 δι
679 3522 894 3572 moliatur,
929 3518 1160 3574 semperque

219 3572 632 3637 a&uostssssssoperosus
645 3581 704 3625 fit.
722 3584 973 3637 Itaque,cum
988 3579 1164 3632 aliquan-

216 3637 270 3679 do
284 3634 334 3679 ad
352 3635 488 3681 insulas
501 3639 686 3683 Canarias
699 3641 827 3682 miflus
842 3638 1009 3687 effet2ut
1025 3640 1158 3679 Guar-

215 3691 529 3796 dianifffidgjin
541 3696 613 3747 illo
627 3699 811 3746 Fratrum
824 3698 1026 3755 Minorum
1042 3699 1157 3751 Con:

348 3765 420 3795 om·
487 3777 499 3790 Ο

201 3207 207 3220 v*

1209 550 1481 604 vigilantia,&
1496 548 1710 606 Regularis
1725 549 1941 607 disciplina
1957 554 2173 595 observan-

1208 609 1264 649 tia
1281 609 1355 649 Vir
1380 609 1454 650 Dei
1482 610 1520 650 in
1546 610 1611 650 sua
1637 609 1817 651 custodia
1849 612 2070 653 excubabat
2083 640 2098 661 ,
2131 613 2170 654 in

1208 666 1320 708 omni
1338 668 1542 709 sanctitate
1554 669 1592 709 δι
1607 667 1747 720 justitia
1762 666 1888 710 forma
1907 666 2028 712 fafiius
2043 670 2173 725 pusilli

1209 726 1344 781 gregis
1361 724 1416 767 sui
1430 754 1444 777 ‚
1472 727 1512 767 δι
1535 724 1716 769 fidelium
1743 727 2024 770 Insulanorum
2041 757 2055 779 ,
2085 728 2179 783 qui-

1211 787 1283 826 bus
1303 786 1429 826 bonus
1444 784 1549 825 odor
1564 784 1715 828 Christi
1729 796 1810 827 erat
1825 786 1876 828 ad
1897 788 2044 834 vitam,
2060 788 2116 828 ita
2132 793 2178 827 ut

1209 840 1436 898 frequentes
1450 856 1540 884 eum
1557 843 1722 886 adirent
1734 870 1749 892 s
1772 858 1821 887 ex
1841 844 2002 901 ejusque
2012 845 2174 900 spirita-

1211 901 1315 944 libus
1334 901 1551 956 colloquiis
1567 902 1710 944 miram
1724 914 1914 958 caperent
1930 903 2177 946 consolatio·

1213 974 1303 1003 nem
1325 961 1366 1001 δι
1397 960 1647 1015 voluptatem
1666 987 1681 1001 .
1714 964 1906 1018 Magnam
1935 965 2031 1006 vero
2063 975 2178 1004 exer·

1211 1017 1344 1061 cendae
1356 1018 1565 1060 eharitatis
1597 1019 1826 1074 segetemin
1846 1019 1988 1062 lnsulis
2016 1020 2094 1063 illis
2109 1033 2179 1062 na-

1213 1080 1323 1124 ctus,
1351 1077 1542 1133 fimulque
1573 1080 1843 1134 consequendi
1860 1079 2049 1135 Martyrii
2072 1076 2177 1133 spe-0

1215 1136 1421 1184 incitatus,
1435 1136 1583 1179 multos
1594 1151 1640 1179 ex
1655 1138 1963 1181 Canarienfibus
1979 1135 2178 1186 infideles,

1212 1196 1249 1236 8(
1268 1195 1432 1248 impuris
1458 1194 1586 1237 adhuc
1602 1196 1812 1240 idolorum
1839 1194 2176 1252 superstitionibus

1211 1252 1413 1300 addictos,
1431 1254 1554 1295 verbo
1568 1281 1581 1304 ,
1607 1256 1795 1311 exemplo
1807 1282 1821 1304 ‚
1855 1253 2108 1297 orationibus
2124 1251 2176 1293 ad

1211 1311 1363 1351 Christi
1378 1309 1498 1351 fidem
1513 1311 1702 1365 perduxit
1717 1326 1730 1355 :
1745 1314 1880 1368 quoin
1895 1325 2062 1354 munere
2076 1311 2174 1352 dum

1210 1366 1364 1409 strenue
1382 1366 1634 1420 versarctur,
1659 1370 1786 1412 multa
1803 1368 2055 1425 illipericula
2070 1368 2109 1409 in
2128 1381 2173 1408 ea

1209 1428 1383 1470 Canaria
1393 1455 1407 1478 ,
1422 1439 1505 1480 qua:
1522 1439 1663 1479 magna
1677 1428 1910 1484 appellatur
1925 1454 1939 1478 ‚
1953 1426 2103 1470 diaboli
2118 1427 2179 1468 in-

1210 1485 1318 1528 vidia
1333 1485 1527 1529 conflavit
1542 1497 1559 1536 ;
1586 1484 1680 1541 saepe
1696 1487 1736 1528 in
1754 1487 1898 1542 capitis
1914 1513 1930 1536 ,
1955 1487 1995 1527 δι
2011 1486 2102 1527 vitae
2114 1484 2179 1526 di-

1212 1543 1381 1585 scrimen
1397 1545 1505 1584 venit
1519 1567 1534 1591 ,
1553 1552 1597 1585 ut
1610 1543 1690 1587 sese
1702 1545 1781 1600 jam
1795 1545 1987 1599 Martyrii
2000 1544 2178 1599 palmam

1210 1602 1432 1658 potiturum
1461 1601 1664 1656 speraret3
1694 1603 1760 1645 sed
1792 1606 1880 1646 Deo
1907 1603 2027 1645 aliter
2040 1601 2178 1657 dispo·

1211 1670 1355 1708 nente,
1382 1674 1464 1702 non
1492 1662 1689 1715 Martyrio
1715 1662 1870 1704 animus
1891 1663 1932 1703 δι.
1959 1659 2147 1703 voluntas
2160 1686 2176 1708 ‚

1215 1717 1282 1761 sed
1317 1717 1513 1760 voluntati
1540 1719 1782 1775 Martyrium
1808 1719 1967 1772 desum
1993 1729 2033 1760 at
2062 1720 2176 1761 certe

1213 1777 1341 1834 gloria
1355 1792 1434 1820 non
1451 1774 1583 1819 defuit
1603 1806 1618 1829 ‚
1649 1793 1741 1821 cum
1774 1779 1959 1834 praeclare
1989 1779 2011 1819 a
2045 1780 2174 1818 Beato

1211 1840 1394 1890 Martyre
1407 1837 1617 1889 Cypriano
1630 1835 1820 1890 scriptum
1837 1836 1900 1886 fit,
1916 1835 1965 1876 ad
1979 1847 2175 1877 coronam

1213 1894 1290 1937 Dei
1306 1893 1613 1949 promerendam
1629 1894 1746 1949 ipfius
1763 1893 2030 1937 testimonium
2048 1892 2176 1934 solum

1211 1951 1388 1994 sufficere
1402 1979 1416 2002 ,
1428 1952 1496 2006 qui
1511 1949 1756 2004 judicaturus
1770 1952 1823 1995 est
1836 1979 1852 2003 ‚
1877 1953 1945 2007 qui
1958 1964 2100 1993 areana
2116 1964 2176 1993 re-

1213 2022 1306 2050 num
1322 2006 1543 2058 scrutatur,
1573 2008 1614 2048 δι
1641 2010 1778 2051 cordis
1793 2011 1973 2051 intuetur
1987 2009 2149 2051 occulta
2161 2037 2175 2050 .

1216 2067 1329 2121 Ergo
1346 2066 1386 2106 ἀ
1399 2078 1638 2122 purpuream
1652 2066 1703 2108 de
1713 2065 1885 2122 pastione
1897 2079 2092 2109 coronam
2107 2065 2176 2108 ali.

1214 2139 1295 2181 quo
1308 2123 1431 2167 modo
1441 2125 1596 2179 accepit
1607 2153 1621 2175 ‚
1635 2126 1674 2166 δι
1688 2126 1833 2168 multas
1847 2124 1899 2167 de
1914 2124 2026 2166 bonis
2041 2123 2176 2179 operi-

1216 2184 1289 2225 bus
1302 2182 1492 2225 candidas
1510 2184 1727 2236 reportavit
1741 2210 1755 2231 ,
1768 2185 1993 2226 reservatus
2012 2183 2037 2226 ὲ
2052 2184 2142 2224 Deo
2160 2210 2176 2234 ‚

1215 2250 1260 2285 ut
1274 2239 1423 2281 multos
1441 2241 1603 2282 Christo
1619 2240 1855 2284 lucifaceret
1870 2269 1883 2282 .
1908 2242 1995 2296 Jam
2011 2241 2115 2283 enim
2133 2241 2171 2283 in

1217 2296 1398 2342 universa
1411 2298 1598 2354 Hispania
1612 2299 1867 2342 clariffimum
1894 2308 1979 2342 erat
1996 2301 2040 2341 B.
2053 2298 2176 2341 Dida-

1216 2358 1252 2399 ci
1266 2370 1409 2398 nomen
1422 2384 1437 2407 ,
1452 2371 1715 2414 magnamque
1727 2359 1831 2414 apud
1847 2371 1989 2401 omnes
2000 2359 2040 2399 δι
2056 2372 2175 2400 vene-

1214 2417 1464 2459 rationem&
1477 2416 1790 2459 admirationem
1806 2417 1979 2459 habebat
1993 2445 2010 2467 ,
2033 2418 2073 2458 &
2089 2426 2174 2458 tan·

1213 2489 1332 2531 quam
1349 2476 1554 2530 Angelum
1571 2476 1771 2531 quendam
1798 2477 1836 2517 in
1850 2478 1971 2518 terris
1987 2483 2175 2528 agentem

1213 2536 1265 2577 fic
1278 2546 1369 2575 eum
1386 2534 1564 2576 homines
1580 2536 1865 2577 intuebantur:
1897 2532 1998 2574 nihil
2024 2532 2101 2573 illo
2118 2532 2174 2574 le·

1213 2591 1300 2634 nius
1315 2620 1329 2644 ,
1362 2592 1460 2634 nihil
1478 2591 1743 2637 mansuetius:
1776 2592 1837 2634 lac
1864 2595 1903 2634 δι
1918 2590 1999 2634 mel
2015 2591 2084 2633 sub
2096 2591 2174 2632 lin·

1214 2665 1291 2709 gua
1321 2649 1404 2704 ejus
1418 2677 1432 2700 ‚
1458 2653 1498 2692 δι
1519 2665 1594 2693 cor
1613 2651 1697 2704 ejus
1711 2651 1927 2701 mundum,
1949 2652 1986 2692 δι
2014 2649 2177 2705 fimplex

1214 2709 1437 2754 Christiana
1450 2708 1667 2752 dulcedine
1685 2710 1964 2753 redundabat:
1984 2710 2119 2750 omnia
2136 2709 2176 2749 in

1215 2770 1356 2812 bonam
1370 2777 1525 2824 partem
1538 2769 1721 2824 accipere
1733 2770 1813 2821 ·,de
1829 2770 1985 2811 nemine
1999 2765 2105 2809 male
2119 2764 2176 2818 ju·

1215 2826 1377 2878 dicare,
1397 2827 1550 2870 nullum
1571 2826 1759 2868 adversus
1782 2826 1953 2881 aliquem
1970 2827 2175 2868 verbum

1217 2886 1398 2927 acerbius
1424 2884 1638 2926 immittere
1653 2896 1667 2924 :
1693 2884 1733 2925 Si
1751 2896 1872 2937 quem
1889 2882 1986 2924 vero
1998 2894 2174 2926 eontra.»

1218 2945 1352 2998 legem
1366 2943 1439 2985 Dei
1454 2971 1467 2993 ,
1490 2943 1531 2983 &
1547 2940 1790 2995 Regularem
1812 2939 2061 2995 disciplinam
2083 2954 2175 2994 pec·⁴

1221 2998 1734 3043 cantemanimadverteret
1749 2998 1869 3050 ,zelo
1882 2998 1959 3039 Dei
1977 2997 2174 3047 incensus,

1220 3058 1348 3102 libere
1362 3056 1631 3112 objurgabat,
1659 3056 1768 3098 nulla
1790 3067 1922 3098 tamen
1950 3058 1989 3096 in
2014 3068 2057 3095 re
2085 3054 2176 3108 glo—

1221 3119 1320 3160 riam
1340 3116 1445 3157 suam
1460 3144 1478 3164 ,
1499 3114 1565 3157 sed
1584 3114 1659 3156 Dei
1673 3116 1867 3157 honorem
1892 3115 1932 3155 δι
1955 3111 2173 3156 fraternam

1221 3174 1440 3218 utilitatem
1454 3173 1653 3228 quaerebat
1667 3199 1678 3211 ·
1708 3173 1840 3228 Signis
1861 3173 1982 3214 etiam
2005 3171 2043 3212 &
2056 3171 2174 3212 mira-

1219 3233 1324 3276 culis
1371 3233 1570 3275 viventem
1596 3235 1765 3275 Servum
1809 3230 1918 3274 suum
1959 3228 2173 3272 illustravit

1219 3295 1331 3334 Deus
1345 3317 1358 3338 ‚
1388 3289 1547 3346 ejusque
1559 3290 1821 3333 excellentem
1836 3288 1956 3332 fidem
1970 3288 2086 3330 rebus
2104 3287 2176 3328 mi-

1220 3349 1415 3393 rabilibus
1428 3348 1643 3393 efficiendis
1657 3347 1940 3403 multipliciter
1954 3342 2143 3401 patefecit
2159 3372 2173 3386 .

1220 3409 1418 3453 Elucebat
1434 3408 1473 3448 in
1486 3422 1535 3450 eo
1548 3407 1751 3464 fingularis
1766 3406 1893 3459 gratia
1905 3404 2175 3452 curationum,

1221 3468 1274 3510 ita
1290 3476 1332 3508 ut
1347 3465 1521 3520 undique
1547 3465 1597 3506 ad
1613 3479 1702 3508 eum
1713 3463 1796 3516 ejus
1821 3464 1882 3506 rei
1905 3461 2019 3505 eausa
2040 3476 2175 3517 quam-

1222 3524 1385 3581 plurimi
1400 3525 1651 3566 confluerent
1665 3535 1677 3564 ε
1693 3522 1762 3563 ille
1777 3521 1874 3564 vero
1886 3519 1964 3563 fide
1978 3546 1994 3569 a
2006 3534 2088 3577 quae
2105 3532 2174 3574 per

1223 3581 1571 3624 Deidileetionem
1595 3578 1758 3624 mirifica
1771 3590 1992 3636 operatur,
2025 3581 2065 3621 in
2090 3580 2173 3619 Do·

1218 3640 1328 3682 mino
1340 3639 1566 3688 roboratus,
1581 3652 1673 3681 cnm
1687 3638 1857 3694 digitum
1875 3638 1913 3680 in
1930 3636 2170 3692 lampadem,

1215 3712 1299 3755 quae
1326 3705 1418 3742 ante
1442 3700 1601 3740 Sacram
1622 3696 1848 3740 Beatjffimae
1866 3696 2046 3751 Virginis
2074 3694 2171 3731 ima-

1605 3757 1674 3811 Pp
1706 3768 1727 3797 2
1990 3752 2117 3804 ginem
