2444 4192
739 143 902 231 Sub
962 150 1340 235 Clemente
1404 150 1486 238 V
1510 149 1553 232 I
1572 148 1618 230 I
1635 150 1688 230 I.
1997 181 2035 255 3
2053 185 2103 264 4
2121 187 2154 241 1

267 295 473 351 qudicibus
486 294 751 354 Ecclesiastieis
764 309 931 340 avocant
945 328 958 350 ,
983 304 1142 344 illorum
1164 305 1317 360 cutfiem
1330 328 1345 352 ,
1372 303 1420 348 (θ’
1429 300 1672 343 audientiam
1685 323 1699 346 a
1728 296 1958 354 depevstnas
1974 327 1988 350 ‚
2015 308 2196 357 Capitale
2212 337 2226 360 ,

268 361 478 400 conventus
490 382 505 405 ,
528 357 698 411 Collegia
712 383 726 407 ‚
752 356 885 412 causas
907 355 1009 411 ipsas
1016 362 1199 415 profi-qui
1213 362 1376 400 volentes
1391 358 1609 410 impediunt
1623 382 1638 406 ,
1663 356 1760 411 aest·
1779 357 1824 394 de
1837 357 1997 398 illarum
2009 367 2224 413 cognitione

262 423 448 468 tanquam
462 412 621 464 ‘Judices
633 418 885 470 interponunt
898 441 912 464 ,
940 420 1054 468 quive
1073 427 1206 468 partes
1218 416 1404 460 notrices,
1430 424 1517 466 que
1527 413 1618 453 illos
1631 409 1824 451 committi
1838 411 2022 466 ficerunt
2040 444 2054 466 ,
2078 416 2131 466 &
2148 421 2226 475 sa-

237 476 239 478 ’
267 477 400 521 ciunt,
429 474 484 514 ad
493 474 770 521 revocandum,
797 470 851 523 ὰ
861 474 1036 514 revocari
1035 472 1264 526 faciendum
1280 469 1480 514 citationes
1490 497 1506 520 ‚
1525 471 1588 510 vel
1597 467 1843 509 inhibitiones
1856 498 1871 521 ,
1897 481 1968 512 aut
1981 473 2078 512 olias
2089 476 2227 518 literas

262 531 367 573 ineis
381 530 550 574 decretas
564 558 578 582 ,
603 531 713 579 &ad
725 528 957 589 fhciendum
969 557 983 580 ,
1007 532 1071 572 oei
1080 530 1386 586 coefintiendum
1398 530 1450 568 eis
1462 553 1476 576 ,
1502 536 1639 569 contra
1657 537 1745 580 quos
1757 529 1854 569 tales
1869 527 2116 571 inhibitiones
2129 545 2229 574 ema»

261 591 411 634 nerunt
425 617 440 640 ,
458 590 487 632 a*
501 589 668 648 censuris
683 617 698 641 ,
723 589 896 644 &punis
909 589 951 631 in
965 588 1044 631 illis
1058 588 1247 630 contentis
1258 586 1423 645 absblvi,
1438 594 1516 640 per
1519 586 1721 642 statutum
1734 615 1750 637 ,
1775 588 1838 628 vel
1847 586 1949 628 alids
1974 589 2205 641 compellunt
2215 616 2230 639 ,

261 651 325 691 vel
349 652 609 691 executionem
631 648 853 691 Literarum
878 647 1203 706 Aposloit'carum,
1214 646 1291 704 stu
1303 645 1682 699 exequutorialium,
1702 645 1943 704 procefficum
1956 674 1970 698 ,
1998 660 2043 688 ac
2065 646 2233 688 decreto-

261 717 355 751 rum
362 707 643 764 puditurum
655 706 931 763 quomodolibet
949 706 1164 762 impediunt
1179 732 1194 756 ,
1220 705 1408 762 velsteune
1422 703 1528 745 adid
1537 702 1722 763 savorem
1735 730 1749 752 ‚
1772 704 1972 760 confilium
1985 731 2000 754 ,
2026 714 2097 746 aut
2111 705 2234 763 offen-

246 766 344 824 stem
351 766 563 821 prestant,
574 769 692 808 etiam
701 774 898 822 pretextu
909 766 1102 810 violentie
1120 763 1361 820 prohibendf
1374 792 1388 814 ,
1402 763 1464 805 vel
1474 764 1647 805 aliarum
1665 763 1959 819 pretenstonum
1972 792 1987 816 ‚
2000 764 2078 821 siu
2091 774 2232 815 etiam,

257 827 371 866 donee
385 824 463 880 ipsi
467 825 523 865 ad
533 827 610 867 Nos
623 824 884 882 informandos
896 852 910 874 ,
925 834 971 867 ut
985 828 1122 869 dicunt
1134 852 1150 875 ,
1163 822 1481 880 supplicaverint
1495 850 1509 874 ,
1531 831 1604 864 aut
1601 821 1830 878 supplicari
1829 819 2005 877 ficerint
2020 849 2034 872 ,
2061 820 2236 878 niss'sup·

249 883 479 938 plicationes
493 882 590 939 huju
608 884 711 926 modi
722 897 851 927 coram
867 883 988 928 Nobis
1002 914 1016 937 ‚
1039 884 1089 934 b·
1102 882 1194 924 Sede
1209 882 1425 937 Apostolica
1445 881 1918 937 legitimiproliquantur
1929 911 1943 934 ,
1969 881 2124 935 etiamst
2131 880 2236 923 talia

256 941 534 983 committentes
574 942 706 985 uerint
722 943 952 1000 stestdcntcs
971 939 1337 993 cancellariorum,
1369 938 1623 995 Consiliorum
1639 968 1654 990 ,
1685 941 2023 982 Parlansentorum
2035 966 2050 989 ‚
2075 942 2235 983 Cancel-

255 998 356 1042 Iorii
368 1028 383 1052 ,
415 1001 511 1042 Vice-
523 997 761 1046 Canceiiorii
771 1031 787 1055 ,
801 1001 1050 1061 Confiliorii,
1074 1001 1311 1053 ordinarii,
1330 999 1395 1043 vel
1408 997 1734 1041 Extraordinarii
1745 1011 2069 1053 quorumcumque
2085 999 2235 1042 Princi-

247 1058 625 1117 pusnstcularium,
649 1061 806 1119 etiamst*
827 1063 1055 1117 luperiali,
1079 1061 1238 1115 Regali,
1265 1059 1436 1109 Ducali,
1464 1059 1530 1100 vel
1550 1057 1635 1099 alia
1654 1067 1886 1113 quacunque
1901 1055 2163 1114 prefulgeant
2176 1058 2238 1099 di·

244 1121 406 1173 gnitate
423 1144 438 1168 ,
466 1125 537 1160 aut
552 1119 862 1177 Archiepssopi,
888 1119 1064 1178 Epist-opi
1076 1149 1092 1172 ,
1114 1117 1309 1169 Abbates,
1335 1116 1695 1168 commendatarii,
1710 1116 1792 1172 stu
1812 1117 1955 1160 Vicarii
1967 1116 2134 1172 suerint
2148 1143 2160 1155 .

318 1189 332 1216 1
341 1187 382 1224 5.
442 1175 577 1230 Quive
587 1188 632 1217 ex
645 1189 778 1220 eorum
783 1181 968 1235 pretense't
979 1179 1099 1235 officio
1112 1205 1127 1230 ,
1152 1177 1215 1219 vel
1221 1178 1276 1219 ad
1284 1177 1512 1233 instantiam
1519 1174 1654 1231 partis
1667 1202 1682 1224 ,
1694 1185 1767 1217 aut
1776 1178 1947 1218 aliorum
1960 1187 2236 1230 quorumcum-

251 1245 326 1288 que
336 1258 350 1281 υ
364 1233 547 1287 personas
561 1233 840 1287 Ecelcstastieas
854 1264 869 1289 ,
889 1240 1074 1292 capitula
1091 1265 1107 1287 ,
1130 1240 1345 1279 Conventus
1357 1264 1374 1286 ,
1398 1234 1578 1291 collegia
1591 1262 1606 1285 ,
1635 1234 1889 1290 Ecclestarune
1904 1245 2238 1290 quarumcumque

248 1303 377 1334 coram
390 1288 439 1346 st·
461 1290 645 1348 adsuunt
657 1291 871 1342 Tribunal,
901 1294 1157 1337 Audientiam
1172 1321 1187 1344 ,
1215 1294 1528 1341 cancellariam,
1560 1293 1797 1347 confilium,
1824 1295 1888 1335 vel
1918 1294 2239 1339 Parlaneentum,

242 1357 393 1406 preter
404 1350 520 1402 ‘Juris
534 1346 721 1393 cononici
745 1350 1021 1410 dispost'tioncns
1032 1350 1203 1395 trahunt
1212 1375 1227 1399 ,
1256 1351 1321 1392 vel
1331 1349 1611 1405 trabifics'unt
1620 1377 1634 1398 ,
1662 1351 1948 1405 veiproenrant
1973 1349 2119 1390 dircfie
2130 1376 2145 1397 ,
2169 1350 2234 1390 vel

250 1407 462 1456 indireffh
491 1410 623 1463 quovis
634 1408 783 1467 questio
799 1412 921 1454 colore
931 1440 943 1453 .
959 1413 1131 1463 Necnon,
1144 1411 1214 1466 qui
1228 1411 1394 1451 Itatuta
1405 1434 1420 1458 ,
1436 1407 1709 1451 Ordinationes
1723 1437 1737 1460 ,
1755 1408 2057 1465 constitutiones
2075 1435 2087 1459 ,
2116 1410 2241 1462 Prag-

250 1466 408 1509 maticas
417 1492 432 1515 ,
442 1464 519 1523 fiu
533 1467 667 1521 quevis
679 1469 761 1510 alia
773 1469 926 1512 decreta
937 1471 983 1512 in
989 1482 1131 1526 genere
1142 1496 1158 1520 ,
1182 1468 1247 1510 vel
1257 1470 1300 1509 in
1311 1465 1446 1526 speeie
1456 1495 1472 1519 ,
1493 1479 1539 1507 cn
1555 1467 1692 1523 quavis
1705 1466 1823 1524 causa
1837 1493 1851 1516 ,
1875 1466 1931 1519 ό·
1944 1469 2077 1522 quovis
2092 1466 2239 1525 questio

251 1525 374 1568 colore
385 1548 402 1574 ,
431 1537 476 1566 ae
486 1525 606 1567 etiam
612 1533 813 1580 pretextu
825 1526 992 1585 cujusvis
1003 1526 1287 1585 consuetudinis
1296 1551 1311 1574 ,
1338 1534 1411 1568 aut
1417 1524 1628 1582 privilegii
1639 1553 1656 1577 ,
1684 1528 1749 1568 vel
1768 1527 1870 1569 alids
1886 1524 2162 1582 quomodolibet
2170 1526 2239 1584 fe-

249 1586 376 1626 corint
387 1611 403 1634 ,
430 1582 700 1627 ordinaverint
714 1611 728 1634 ,
759 1585 1108 1641 &publicaverint
1119 1613 1135 1636 ,
1166 1585 1228 1626 vel
1235 1580 1359 1638 fabiis
1373 1610 1388 1634 ,
1420 1582 1476 1633 ά·
1489 1583 1679 1627 ordinans
1695 1581 1918 1639 ufifuerine
1930 1612 1946 1635 ,
1969 1583 2068 1626 unde
2081 1583 2243 1627 libertas

250 1639 412 1698 Ecclesia
445 1646 506 1683 ica
514 1642 675 1684 tollitur
690 1671 705 1692 ,
724 1642 801 1698 se'u
813 1647 857 1685 in
870 1646 1004 1699 aliquo
1016 1646 1160 1688 laedunt
1171 1670 1187 1694 ,
1210 1643 1275 1684 vel
1284 1640 1523 1698 deprimitur
1535 1668 1550 1690 ,
1565 1652 1636 1685 aut
1650 1643 1755 1684 altds
1766 1643 1898 1697 quovis
1913 1643 2021 1684 mode
2034 1642 2242 1698 restringi-

248 1709 344 1748 tur,
390 1711 437 1739 eu
452 1697 617 1753 nostris,
648 1698 829 1750 &dim
844 1702 950 1744 Sedis
962 1732 978 1754 ,
1001 1716 1048 1745 ae
1065 1713 1399 1758 quarumcumque
1416 1701 1670 1759 Bcclestarum
1685 1700 1851 1758 juribus
1877 1698 2158 1758 quomodolibet
2180 1703 2241 1744 di-

249 1757 380 1805 reffl‘,
397 1757 458 1798 vel
478 1755 688 1811 indirecte,
717 1759 840 1803 tacit?
853 1762 917 1803 vel
931 1761 1099 1820 expreſsi
1116 1758 1412 1816 prejudicatus·
1423 1788 1436 1801 .

311 1814 376 1859 26.
439 1818 611 1869 Necnon,
623 1820 692 1872 qui
709 1818 1014 1876 ArchiepIJc'opos
1026 1846 1041 1869 ,
1059 1819 1253 1876 episcopos
1265 1844 1279 1868 ,
1296 1816 1471 1874 aliosque
1483 1820 1703 1873 Superiores
1717 1846 1731 1867 ,
1753 1816 2025 1873 &inferiores
2045 1821 2242 1869 Preietos,

249 1875 306 1926 ά·
318 1886 438 1916 omnes
453 1875 547 1916 alios
560 1874 802 1932 qnefiunque
813 1878 976 1934 ‘podices
990 1877 1258 1933 Eeelefi'asticos
1273 1874 1504 1919 Orlsnarios
1518 1875 1794 1931 quomodolibet
1807 1876 1879 1918 hae
1892 1876 1938 1917 de
1951 1875 2067 1932 confi
2083 1876 2241 1924 eirene,

252 1935 317 1977 vel
338 1929 527 1975 indita-&i
539 1959 555 1984 ,
583 1936 816 1978 carcerando
842 1964 859 1988 ,
888 1937 954 1980 vel
976 1935 1202 1992 molestando
1241 1948 1374 1977 ceruos
1405 1938 1571 1991 Agentes
1587 1963 1603 1984 ,
1637 1935 1915 1977 Procuratores
1928 1963 1941 1986 ‚
1978 1935 2217 1979 Familiares
2230 1962 2244 1983 ,

171 1991 175 1995 ’
252 2003 391 2035 necnon
408 1989 716 2048 Confinguineos
730 2021 744 2045 ,
767 1991 822 2044 ά·
835 1994 997 2054 Affines,
1022 2002 1096 2036 ant
1109 1994 1205 2034 alios
1218 1993 1431 2045 impediunt
1446 2018 1461 2041 ,
1491 1991 1567 2043 quo
1589 1992 1798 2048 uinussisa
1809 1992 2098 2050 ‘Jurisdiciiene
2116 1995 2244 2036 Eccle-

238 2050 404 2109 stastice
418 2058 553 2091 eontra
571 2050 813 2107 quofiunquc
839 2061 1008 2096 utentur
1022 2080 1036 2104 ,
1057 2048 1265 2098 licundtim
1292 2048 1399 2103 qued
1407 2052 1577 2092 canones
1590 2075 1605 2098 ,
1635 2046 1690 2096 ὠ·
1709 2052 1839 2089 sacre
1853 2050 2156 2106 constitutiones
2172 2055 2244 2094 Ec-

253 2109 467 2167 clele'asticae
481 2135 496 2158 ,
525 2107 575 2156 Β
595 2112 762 2152 Decreta
778 2111 1036 2153 conciliorum
1052 2109 1303 2151 Generalium
1315 2136 1331 2158 ,
1361 2104 1416 2156 ὠ-
1433 2101 1658 2160 prasertim
1680 2106 1930 2158 Tridentini,
1959 2107 2141 2152 statuunt
2154 2133 2168 2156 ,
2198 2121 2245 2151 ae

250 2168 370 2211 etiam
381 2179 440 2208 eos
455 2193 470 2215 ,
500 2164 570 2219 qui
583 2165 671 2219 post
681 2166 850 2222 ipsoram
864 2166 1171 2210 ordinariorum
1184 2193 1198 2215 ,
1227 2165 1289 2205 vel
1299 2167 1417 2205 etiam
1432 2163 1483 2203 ab
1496 2166 1549 2203 eis
1573 2163 1854 2218 Delegatorum
1866 2177 2245 2220 quorumcumun

251 2226 495 2269 sententias,
518 2219 574 2271 ὠ·
590 2225 758 2266 Decreta
771 2251 787 2275 ,
817 2232 890 2266 aut
908 2225 1008 2266 alids
1025 2224 1119 2266 Feri
1135 2220 1390 2276 Ecclese'astici
1407 2220 1607 2275 judicium
1628 2226 1817 2263 evitantes
1834 2251 1848 2272 ,
1882 2224 1938 2264 ad
1950 2223 2213 2266 Cancellarios
2227 2255 2242 2279 ‚

250 2283 307 2335 ῥα
317 2282 415 2325 alias
431 2282 572 2322 Curias
574 2278 776 2336 ficulnus
789 2292 1004 2325 recurrunt
1014 2308 1029 2331 ,
1051 2279 1105 2332 ῥ’
1117 2280 1169 2322 ab
1179 2278 1258 2323 iilis
1263 2278 1551 2334 prohibitiones
1563 2304 1578 2327 ,
1610 2277 1665 2328 <9-
1678 2280 1864 2322 mandata
1878 2309 1893 2332 ,
1913 2285 2033 2323 etiam
2041 2284 2214 2338 poenalio
2228 2312 2244 2336 ,

249 2338 473 2385 ordinariis
488 2365 502 2389 ,
532 2335 586 2387 ά·
606 2340 802 2395 DelegatIs
820 2341 1024 2395 pradib‘iis
1036 2341 1216 2390 decerni,
1246 2339 1300 2390 ό·
1312 2348 1450 2382 contra
1471 2337 1557 2378 illos
1579 2341 1722 2393 exequi
1726 2349 1967 2395 procurant,
1990 2354 2046 2382 cos
2063 2355 2240 2397 quoque,

250 2399 319 2456 qui
341 2398 422 2442 hac
432 2397 668 2510 ‘inffatam'
694 2396 749 2449 ῥα
766 2410 1014 2455 exequuntur
1031 2425 1045 2450 ,
1055 2397 1132 2457 stu
1155 2398 1253 2442 dant
1272 2398 1495 2447 auxilium,
1524 2396 1751 2453 confilium,
1777 2399 2070 2457 patrecinium,
2101 2400 2155 2451 ά·
2167 2399 2241 2457 fa-

251 2471 382 2502 vorem
405 2460 448 2500 in
468 2470 488 2498 c
568 2468 627 2498 ns.

314 2529 382 2568 ¹7·
443 2512 900 2572 QuivejnrisdiHioncs,
919 2514 1183 2573 finfruflus,
1211 2514 1386 2559 redditus
1399 2544 1414 2568 ,
1444 2514 1501 2566 ὰ
1512 2522 1726 2571 preventus
1737 2516 1794 2558 ad
1802 2517 1904 2565 Nos,
1937 2517 2070 2558 sedem
2085 2517 2243 2573 Aposto-

157 2616 162 2622 .
245 2576 388 2624 licam,
418 2572 474 2624 ά·
497 2573 743 2630 quascunque
773 2575 1051 2635 Beclefiallieas
1081 2575 1261 2632 strsonas
1288 2575 1442 2618 ratione
1470 2574 1724 2632 Ecclefiarum
1750 2601 1765 2624 ,
1800 2573 2131 2631 Menasteriornm
2147 2604 2161 2628 ‚
2190 2575 2243 2625 &e

194 2648 197 2651 ·
245 2635 414 2678 alierum
432 2630 709 2688 Beneficiorum
725 2634 1071 2693 Ecclestastieorum
1078 2634 1322 2690 pertinentes
1347 2636 1544 2691 :fierpant
1555 2661 1570 2684 ,
1590 2635 1655 2675 vel
1666 2637 1786 2676 ctiam
1799 2634 1937 2690 quovis
1950 2634 2135 2689 occasione
2148 2664 2161 2684 ,
2185 2634 2245 2674 vei

245 2691 360 2752 causa
373 2720 388 2744 ,
399 2689 487 2805 fisne
505 2693 668 2801 nonnoni
688 2691 880 2750 Pontifieis
892 2722 909 2747 ,
937 2697 1003 2740 nel
1015 2695 1188 2738 aunan
1201 2698 1259 2738 ad
1271 2691 1542 2752 illegitimam
1554 2690 1801 2751 facultatem
1826 2691 2054 2736 habentium
2071 2692 2242 2751 cxprqffa

247 2753 409 2795 licentia
449 2760 545 2801 eque
577 2757 673 2792 rant
686 2776 701 2791 .

310 2809 375 2851 18.
435 2806 564 2861 Quive
574 2806 746 2849 collectos
759 2838 776 2860 ,
797 2807 963 2853 decimas
974 2838 990 2863 ,
1024 2811 1164 2854 teileas
1174 2839 1191 2863 ,
1205 2810 1461 2865 prestanti„
1477 2839 1492 2862 ,
1518 2809 1575 2861 ὸ·
1587 2812 1674 2853 alia
1691 2822 1810 2852 onera
1826 2810 1986 2852 clericis
1998 2836 2014 2858 ,
2041 2810 2241 2861 halatis,

249 2867 402 2917 &eliis
420 2862 587 2922 Pcsfenis
599 2864 862 2923 Ecciestosticis
885 2893 901 2916 ‚
923 2882 970 2912 ac
993 2880 1131 2912 earn-
1145 2869 1401 2921 Eceiest'arnn
1414 2896 1429 2919 ‚
1460 2867 1792 2924 Mmsterioruu
1805 2893 1820 2915 ι.
1847 2867 1898 2914 δ’
1914 2868 2084 2909 aliorum
2095 2869 2243 2923 Benefi-

246 2928 396 2970 ciorum
416 2921 755 2980 Ecclefiasticeruns
770 2923 876 2968 honis
888 2953 904 2977 ,
920 2927 1153 2984 illorumque
1169 2925 1392 2985 ftumin,
1404 2925 1621 2970 redditibus
1632 2951 1647 2972 ‚
1677 2923 1991 2978 &proventibus
2007 2923 2244 2981 hujtsneodi,

248 2985 394 3043 absque
409 2980 547 3040 statii
576 2984 740 3027 Romam·
764 2982 959 3040 Pontificis
963 2986 1133 3044 speciali
1158 2987 1214 3038 ό·
1238 2986 1408 3044 enpreffl't
1428 2984 1588 3029 lieentia
1612 2987 1844 3037 imponunt,
1868 2980 2091 3037 &diversts
2116 2987 2239 3026 etiam

245 3041 446 3098 exquisitis
458 3037 576 3083 modis
598 3041 789 3098 exigunt,
813 3053 885 3086 aut
895 3043 955 3099 stc
967 3045 1145 3101 inspofi'ta
1158 3072 1173 3095 ,
1194 3044 1316 3088 etiam
1328 3047 1356 3086 d
1368 3043 1515 3101 sponte
1526 3039 1707 3086 dontibus
1723 3067 1737 3090 ,
1759 3040 1809 3087 ὅ·
1837 3039 2127 3083 concedentibus
2139 3044 2239 3083 reci-

239 3107 365 3160 piune
380 3114 395 3154 3
417 3111 575 3152 necnon,
594 3102 667 3155 qui
669 3109 746 3157 per
747 3100 796 3161 fi
811 3130 827 3154 ,
841 3103 904 3144 vel
917 3103 1013 3146 aiios
1025 3102 1171 3147 ἄνιθι)
1180 3130 1196 3153 ,
1221 3104 1287 3148 vel
1294 3101 1482 3145 indirefii
1494 3097 1832 3158 pradii‘iafacere
1846 3125 1862 3149 ,
1887 3101 2051 3154 exequi,
2069 3100 2238 3154 velpro·

248 3172 391 3205 curare
407 3188 424 3211 ,
444 3168 517 3202 aut
530 3158 574 3201 in
585 3158 725 3218 eisdem
742 3158 963 3213 auxilinm,
989 3162 1214 3220 confilium,
1236 3166 1300 3206 vei
1309 3161 1496 3219 favorem
1514 3158 1705 3219 prastare
1720 3170 1796 3199 non
1809 3166 2021 3209 verentur,
2041 3158 2236 3216 eujusc‘un-

250 3218 413 3277 questui
419 3217 729 3274 preeminencie
737 3247 754 3271 ,
779 3218 983 3276 dignitatis
997 3247 1010 3270 ,
1026 3220 1172 3264 ordinis
1183 3250 1200 3273 ,
1221 3221 1450 3265 conditionis
1459 3246 1475 3270 ,
1498 3229 1570 3263 aut
1578 3218 1705 3270 statas
1718 3245 1733 3268 ,
1756 3215 1914 3272 etiamst
1921 3217 2124 3271 Imperiali
2135 3244 2151 3269 ,
2161 3227 2236 3260 out

250 3279 387 3335 Regali
388 3276 667 3336 prefulgeant
678 3277 899 3335 dignitate,
915 3279 994 3338 siu
1014 3282 1204 3337 Principes
1219 3308 1236 3332 ,
1264 3284 1390 3324 Duces
1403 3308 1418 3330 ,
1446 3281 1638 3328 Comites,
1667 3281 1860 3329 Berones,
1888 3274 1938 3323 ὅ
1962 3274 2035 3317 alii
2061 3278 2238 3319 Potente-

252 3344 315 3378 802
339 3339 583 3393 quicunque,
596 3339 717 3379 etiam
748 3338 889 3395 Regnis'
903 3367 920 3390 ,
937 3339 1170 3388 Provinciis,
1198 3337 1440 3383 Civitatibus
1465 3337 1517 3386 θ’
1532 3334 1664 3381 Terris
1686 3334 1946 3393 quoquomodo
1973 3334 2237 3391 Prass'dentes,

255 3393 476 3448 Confines-ii
489 3425 506 3448 ,
535 3396 590 3448 ὁ·
605 3399 832 3451 Senatores,
859 3406 931 3442 aut
951 3401 1089 3454 quavis
1113 3400 1233 3440 esion-
1249 3396 1472 3454 Pontsficali
1482 3396 1676 3454 agnitate
1699 3393 1909 3450 infignit1'3
1933 3396 2159 3436 innovantes
2170 3395 2237 3435 de·

252 3460 359 3492 creta
372 3451 490 3509 snper
514 3455 573 3498 bis
594 3464 669 3511 per
698 3459 833 3499 saeros
859 3459 1054 3508 Conones,
1084 3467 1167 3501 tam
1190 3455 1236 3500 in
1263 3455 1523 3502 Later-onena·
1543 3453 1736 3513 novifflmd
1758 3453 1976 3502 celebrato,
1998 3453 2119 3508 quom
2143 3452 2233 3495 aliis

255 3510 430 3552 Coneiiiis
448 3513 698 3568 generalibus
729 3515 836 3559 edita
849 3530 935 3560 cuns
948 3517 1119 3572 censttrIs
1145 3515 1193 3564 θ’
1202 3518 1328 3571 penis
1338 3518 1382 3557 in
1399 3517 1454 3556 eis
1465 3518 1653 3558 contentis
1664 3543 1677 3555 .

321 3580 335 3608 Ι
343 3579 383 3621 9·
444 3573 541 3615 iee-
553 3578 918 3620 excommunicamus
931 3605 945 3628 ,
971 3575 1025 3626 ὰ
1042 3574 1423 3618 anathematizamus
1435 3587 1558 3615 omms
1575 3602 1589 3625 ,
1616 3573 1666 3620 (5
1689 3571 1931 3628 quosinnque
1943 3570 2203 3627 Magistratus
2214 3601 2228 3623 ‚

162 3673 165 3676 .
254 3626 303 3674 θ’
317 3625 475 3679 ‘Judices
487 3656 501 3680 ,
513 3633 696 3674 Notarios
710 3660 726 3684 ,
739 3633 893 3678 Scribas
904 3663 918 3685 ,
933 3639 1194 3691 Exequutores
1205 3661 1220 3685 ,
1233 3632 1561 3688 subexequutores
1583 3629 1859 3688 quomodolibet
1876 3628 1924 3689 st·
1947 3633 2226 3685 interponentes

252 3684 295 3726 57¹
308 3682 431 3736 5⁰⁰)st
454 3689 683 3741 capitalibus
694 3718 709 3741 ,
720 3692 800 3749 stu
811 3694 1080 3736 criminalibus
1091 3702 1229 3736 contra
1245 3692 1424 3748 Personas
1439 3690 1710 3748 Ecelcssastieas
1727 3715 1742 3739 ,
1754 3688 2094 3748 illasprocesp‘sndo
2106 3714 2119 3735 ,
2135 3687 2228 3726 ban-

251 3743 390 3787 niendo
400 3771 417 3794 2
436 3744 614 3800 ‘apiend‘
625 3774 640 3798 a
647 3748 724 3806 stu
723 3747 946 3808 sententias
957 3763 1092 3796 contra
1106 3749 1428 3808 illosprofirendo
1441 3778 1456 3803 ,
1479 3751 1542 3793 vel
1550 3748 1764 3806 exequendo
1777 3777 1792 3801 ,
1801 3748 1890 3807 stne
1887 3747 2058 3806 speciali
2066 3775 2109 3853 ,f
2098 3743 2228 3839 ζζσεὶ·

2091 3823 2102 3838 '
2165 3824 2180 3848 2
