2444 4192
307 245 423 326 34

244 381 343 413 nota
359 369 485 414 fuerit
502 369 662 427 plenior
688 368 787 415 fides
802 384 935 414 rerum
950 401 965 424 ‚
984 374 1146 429 quando
1160 375 1218 416 vi·

242 431 400 473 delicet
427 431 467 472 in
490 431 717 474 minoribus
746 432 982 483 constituti,
1008 431 1215 476 Confcffo.

241 494 299 532 ris
312 489 488 545 ejusdem
503 487 746 534 familiarem
764 520 778 543 ‚
794 506 844 533 ex
870 505 1034 535 munere
1052 494 1220 542 Divino,

241 550 466 591 meruimus
481 550 631 593 habere
644 553 832 594 notitiam
845 578 860 599 ,
887 548 1043 606 praefati
1059 553 1221 595 Praede-

240 605 403 651 cessoris
437 609 561 650 nostri
600 610 828 653 domesticis
862 608 1061 665 obsequiis
1087 641 1104 662 ,
1128 622 1220 653 tunc

239 668 435 726 temporis
448 667 663 710 infistendo
674 701 687 711 .

357 730 465 770 Cum
480 727 603 781 igitur
615 736 804 783 oporteat
819 740 963 769 cavere
978 726 1218 781 prudenter,

236 798 292 828 ne
319 795 432 829 tanta
469 787 684 842 patrocinii
708 786 834 840 gratia
880 787 1040 828 humani
1080 785 1219 841 generi

237 845 393 890 celitus
412 846 452 887 in
469 855 703 886 memorato
728 842 968 887 Confeffore
982 845 1137 887 collata
1150 873 1164 895 ‚
1181 844 1219 884 in

237 917 411 947 vacuum
441 901 685 953 assumatur,
716 903 1027 946 Univerfitatem
1050 903 1219 946 vestram

233 976 421 1019 rogamus
435 990 450 1012 ,
464 975 672 1004 monemus
685 992 699 1012 ,
713 964 926 1004 hortamur
939 962 1097 1004 attente
1110 990 1125 1014 ,
1140 972 1212 1016 per

234 1022 470 1077 Apostolica
501 1019 617 1062 vobis
646 1019 793 1074 scripta
822 1020 1089 1071 mandantes,
1116 1033 1212 1075 qua-

236 1092 357 1123 tenus
388 1077 569 1134 ejusdem
590 1076 836 1120 Consefforis
864 1079 1041 1131 pretiosa
1066 1076 1214 1119 merita

230 1141 272 1180 δι
286 1138 574 1181 miraculorum
603 1136 801 1191 magnalia
814 1161 829 1184 ‚
851 1137 892 1177 δι
906 1135 1116 1179 salutarem
1129 1149 1214 1176 me·

228 1201 400 1242 moriam
427 1193 667 1239 celebritate
680 1208 824 1245 annua,
838 1194 1124 1249 praedicatione
1139 1194 1216 1236 fre-

232 1258 374 1311 quenti
392 1258 432 1297 &
447 1253 709 1296 veneratione
723 1252 982 1296 recensentes
993 1282 1007 1305 ‚
1026 1253 1077 1295 ad
1096 1251 1214 1309 ipfius

229 1316 530 1364 devotionem,
560 1313 601 1353 &
625 1313 763 1368 gratiae
794 1314 949 1355 Divinae
979 1313 1213 1356 memoriam

229 1372 412 1417 subditos
428 1372 583 1415 vestros
596 1399 612 1424 ,
633 1371 863 1415 celebribus
878 1373 1045 1415 monitis
1061 1372 1215 1416 excite-

228 1435 283 1475 tis
295 1458 311 1480 ‚
342 1442 387 1474 ut
402 1447 471 1484 eo,
488 1444 563 1487 pro
573 1431 763 1476 universo
777 1430 958 1475 fidelium
972 1432 1150 1488 populo,
1166 1446 1213 1475 ac

230 1490 455 1547 prasertim
482 1504 557 1546 pro
582 1491 658 1542 iis,
684 1492 753 1546 qui
781 1505 874 1533 euni
899 1492 1212 1541 invocaverint,

228 1552 426 1593 Divinam
440 1548 762 1593 Misericordiam
778 1550 1028 1607 implorante
1040 1579 1055 1603 ‚
1081 1564 1211 1594 mere-

228 1620 348 1652 antur
361 1609 563 1666 supplices
578 1637 593 1660 ‚
607 1608 717 1665 quod
732 1624 905 1666 operum
922 1609 1083 1653 suorum
1098 1609 1210 1667 poffi-

229 1668 369 1710 bilitas
384 1669 578 1711 obtinere
590 1682 669 1711 non
688 1672 844 1723 potest,
859 1669 943 1727 ejus
966 1669 1215 1714 interceffio·

228 1726 342 1769 nibus
356 1728 579 1784 impetrare
596 1758 608 1768 .
639 1731 773 1770 Nemo
789 1730 923 1786 itaque
947 1728 1083 1773 eidem
1112 1734 1215 1775 San·

226 1788 294 1827 ἂο
307 1786 456 1829 audeat
469 1788 522 1832 de
545 1799 695 1830 caetero
715 1785 793 1831 effe
809 1788 999 1832 molestus
1012 1790 1053 1833 in
1068 1804 1217 1846 corpo·

229 1860 277 1887 re
304 1846 373 1888 suo
395 1847 545 1890 Christi
574 1848 838 1903 triumphalia
863 1849 1044 1906 stigmata
1071 1849 1215 1907 praefe-

228 1906 337 1945 rcnti
355 1931 367 1944 .
386 1905 427 1947 Si
454 1908 542 1962 quis
557 1907 684 1963 igitur
711 1906 849 1962 spiritu
864 1910 1089 1953 temeraria
1113 1923 1214 1966 prae·

226 1963 463 2019 sumptionis
479 1963 826 2017 insaniens‚Divini
843 1970 1019 2013 muneris
1034 1969 1212 2022 invidus,

226 2022 459 2077 Apostolici
484 2026 637 2080 judicii
680 2025 898 2084 sacrilegus
926 2030 1213 2086 impugnator,

224 2080 417 2136 praemiffa
437 2084 499 2125 vel
518 2083 596 2126 alia
614 2086 898 2142 prodigiorum
915 2087 1022 2143 signa
1037 2090 1212 2140 ‚quibus

223 2142 264 2180 in
285 2141 465 2181 Ecclesia
482 2143 561 2183 Dei
576 2145 774 2183 sanctitas
798 2145 973 2194 predicti
1000 2141 1211 2183 consecro-

224 2197 280 2238 ris
304 2195 430 2237 eluxit
446 2222 461 2243 ·,
488 2196 680 2251 improbae
716 2199 1053 2242 contradictionis
1077 2196 1213 2241 morfi-

223 2255 296 2297 bus
324 2256 588 2297 obtrectanda
625 2255 859 2296 crediderit
883 2279 899 2303 ,
942 2256 1130 2295 volumus
1171 2253 1212 2291 δι

222 2312 490 2360 mandamus,
521 2319 567 2352 ut
596 2324 691 2352 eum
719 2306 818 2353 sanae
844 2311 988 2354 mentis
1025 2312 1211 2353 restituat

222 2368 428 2427 judicialis
444 2368 639 2412 severitas
660 2367 910 2425 discipline,
938 2370 992 2413 ita
1016 2372 1129 2429 quod
1147 2368 1212 2412 di-

226 2426 360 2471 stricta
378 2430 530 2483 proprii
547 2427 978 2485 Proelaticassigatione
988 2433 1212 2482 terreatis,

225 2488 303 2530 Dei
319 2499 442 2542 opera
459 2487 737 2544 blasphemare
749 2486 986 2539 dediscat,&
1002 2490 1116 2536 Fidei
1129 2492 1211 2533 Ca·

226 2547 391 2588 tholicae
410 2546 647 2598 (miltiade
671 2546 735 2604 pia
764 2549 1012 2593 mirabilium
1039 2547 1208 2594 Domini

229 2605 483 2648 credulitate
507 2605 744 2664 pullulans,
776 2621 854 2651 non
883 2609 1063 2654 arescat.
1089 2607 1208 2652 Nulli

236 2677 340 2721 ergo
354 2681 418 2707 om
426 2669 522 2709 nino
537 2670 745 2709 hominum
760 2665 883 2712 liceat
904 2669 1005 2714 hanc
1020 2669 1209 2728 paginam

231 2726 372 2768 nostra:
390 2725 726 2778 confirmationis,
742 2728 1031 2782 prohibitionis
1044 2759 1059 2783 ,
1072 2730 1111 2773 ει
1134 2741 1208 2772 vo·

234 2783 402 2827 luntatis
433 2785 685 2843 infringere,
710 2785 774 2829 vel
799 2786 838 2829 ei
866 2787 959 2833 ausu
987 2788 1208 2835 temerario

227 2856 435 2889 contraire
450 2874 463 2888 .
498 2849 539 2890 δι
565 2849 655 2903 quis
668 2856 804 2889 autem
818 2846 898 2891 &c-

345 2903 492 2949 Dirum
505 2906 698 2963 Anagnia
707 2908 875 2967 erto
887 2906 985 2954 ldus
998 2907 1203 2954 Novemb-

226 2963 491 3009 Pontificaitis
504 2966 631 3011 nostri
644 2967 768 3009 Anno
781 2967 915 3023 primo
925 2994 939 3009 .

283 3086 727 3130 Bullar.Roman.Tom.
747 3100 783 3142 3.
795 3095 892 3143 pag.
910 3086 1007 3142 368.
1024 3101 1111 3131 cun
1132 3090 1212 3131 Da·

344 3154 390 3187 ta
404 3160 446 3197 ⁴·
463 3150 563 3190 Νη.
581 3146 748 3203 Rodrlq.
766 3147 871 3190 Bau.
884 3145 1040 3204 fil-27.
1053 3148 1125 3191 col.
1148 3160 1181 3190 ι.

230 3378 293 3427 Δ·
317 3376 555 3427 Fratribus
569 3375 833 3428 Minoribus
847 3410 862 3434 ‚
893 3375 950 3428 ad
967 3376 1209 3447 Episcopa-

299 3461 372 3493 tus
409 3483 422 3504 ,
449 3464 528 3498 aut
557 3450 665 3499 alias
680 3449 926 3518 dignitates
953 3452 1203 3518 promotis,

303 3516 453 3635 1ιριοὶ
463 3554 476 3576 ,
500 3519 548 3571 ὅ(
568 3521 656 3570 alia
673 3519 846 3572 Ordini
876 3518 958 3571 suo
977 3522 1205 3573 renuntia-

300 3603 340 3635 ri
378 3603 423 3644 iu
457 3603 527 3638 et.

228 3718 729 3771 ALEXANDER
770 3723 1213 3783 EPISCOPUS

421 3849 597 3892 Saavus
630 3852 885 3897 staverun
919 3853 1003 3896 Dat

800 214 964 302 Sub
1029 210 1476 302 Alexandro
1541 212 1586 298 I
1608 211 1744 302 V.·

1281 375 1450 419 Dilcetis
1470 373 1585 415 Filn's
1600 401 1614 424 ,
1631 369 1819 413 Generalt'
1833 394 1846 417 2
1868 366 1917 416 ἐς
1945 357 2253 409 provincialibus

1395 431 1594 488 Ministro
1629 430 1791 473 Ordinis
1826 430 2019 470 Fratrum
2054 428 2138 470 Mi—

1455 504 1596 536 nor-um
1609 491 1804 546 ,salutem
1820 516 1833 537 ‚
1857 485 1911 536 (θ’
1926 485 2080 541 Aposto-

1522 552 1642 592 licam
1669 546 2002 591 Benediffionem.

1390 672 1429 712 Χ
1456 679 1572 726 parte
1596 667 1725 711 vestra
1743 665 1875 708 Nobis
1895 661 1972 706 fuit
1987 662 2218 707 intimatum
2238 692 2254 715 ,

1281 672 1377 785 E
1406 730 1517 785 quod
1530 755 1546 778 ‚
1559 742 1650 770 cum
1663 729 1910 780 continguat
1933 723 2139 766 interdum
2152 752 2168 776 ,
2202 723 2254 765 ad

1284 786 1565 843 Episcopalem
1580 816 1596 837 ,
1612 789 1651 828 &
1673 786 1772 826 alias
1791 784 2017 839 superiores
2029 808 2044 831 2
2061 780 2128 825 seu
2146 783 2258 825 inse-

1279 845 1409 888 riores
1427 846 1671 901 dignitates,
1685 844 1844 899 aliquos
1869 844 1920 885 de
1945 841 2155 885 Fratribus
2182 856 2254 884 ve-

1283 902 1348 943 stri
1365 901 1536 946 Ordinis
1554 904 1818 959 promoveri,
1847 902 1916 957 ipsi
1931 902 2064 943 libros
2078 929 2093 953 ,
2105 901 2143 942 &
2160 901 2256 949 alia,

1273 975 1361 1015 quae
1381 972 1568 1017 tempore
1580 961 1653 1004 suae
1669 960 1945 1017 promotionis
1962 960 2184 1010 habebant,
2205 959 2256 1002 li-

1273 1021 1342 1061 cet
1357 1035 1439 1063 non
1468 1022 1518 1062 ad
1539 1034 1640 1072 eos,
1676 1022 1768 1062 cum
1784 1020 1999 1076 proprium
2020 1021 2170 1062 habere
2196 1019 2255 1062 eis

1274 1090 1357 1120 non
1373 1079 1496 1121 liceat
1509 1106 1525 1131 ,
1549 1078 1618 1121 sed
1634 1078 1685 1119 ad
1699 1079 1898 1120 Ordinem
1914 1079 2149 1131 pertineant
2167 1091 2256 1120 me-

1275 1146 1481 1179 moratum
1496 1164 1510 1187 ‚
1532 1135 1709 1191 propriis
1728 1134 1857 1176 ufibus
1883 1134 2093 1190 applicare
2109 1135 2260 1190 praesu-

1276 1206 1386 1238 mant
1411 1195 1452 1237 in
1475 1195 1631 1236 suarum
1655 1192 1932 1250 praejudicium
1966 1193 2255 1237 animarum...

1275 1257 1419 1314 Qare
1445 1252 1679 1310 suppliciter
1700 1251 1924 1310 postulastis
1948 1254 1971 1298 a
1989 1253 2121 1296 Nobis
2150 1282 2165 1306 ‚
2211 1263 2257 1296 ut

1274 1313 1499 1369 providere
1519 1313 1635 1369 super
1649 1313 1728 1355 hoc
1743 1311 1959 1356 salubriter
1983 1326 2223 1356 curaremus
2240 1345 2255 1354 .

1393 1376 1483 1416 Nos
1509 1373 1634 1428 igitur
1647 1372 1875 1416 eorundem
1904 1373 2093 1415 Fratrum
2119 1372 2259 1424 saluti,

1275 1432 1316 1474 ὅ(
1342 1431 1603 1475 indemnitati
1635 1431 1757 1475 vestri
1781 1430 1950 1475 Ordinis
1978 1441 2148 1487 paterna
2180 1444 2259 1474 vo-

1277 1491 1407 1534 lentes
1435 1490 1714 1534 sollicitudine
1734 1491 1954 1548 providere
1973 1516 1987 1539 ,
2022 1501 2068 1534 ut
2097 1491 2227 1534 libros
2242 1518 2260 1543 ,

1273 1551 1313 1592 δι
1328 1551 1405 1592 alia
1419 1580 1436 1604 ‚
1461 1565 1548 1608 quae
1572 1549 1676 1606 ipsos
1696 1550 1971 1607 promotionis
1995 1547 2069 1593 suae
2089 1559 2256 1604 tempo-

1275 1625 1319 1653 re
1337 1608 1542 1666 habuiffe,
1574 1611 1643 1654 seu
1674 1609 1825 1655 habere
1852 1609 2109 1661 constiterit,
2130 1608 2257 1661 Tibi,

1275 1669 1352 1713 Pili
1368 1670 1587 1715 Generalis
1609 1668 1821 1722 Minister,
1851 1668 1918 1713 vel
1953 1669 2032 1711 tuis
2078 1661 2257 1713 provini-

1274 1729 1448 1773 cialibus
1476 1729 1671 1774 Ministris
1687 1758 1703 1780 ,
1729 1727 1914 1771 submoti
1937 1727 2121 1784 qualibet
2146 1726 2256 1777 dilaq

1275 1789 1389 1832 tione
1413 1788 1616 1847 resignent
1631 1818 1646 1841 ,
1659 1786 1748 1844 iplis
1765 1788 1970 1831 Fratribus
1990 1786 2071 1844 jam
2086 1799 2258 1844 promo·-
2286 1805 2290 1809 ·

1275 1850 1328 1891 tis
1343 1849 1384 1894 in
1402 1851 1556 1893 virtute
1570 1847 1838 1897 obedientia,
1854 1847 1935 1891 illis
1963 1856 2100 1891 autem
2114 1877 2131 1900 ,
2151 1859 2255 1904 quos

1274 1909 1511 1966 promoveri
1540 1908 1796 1964 contigerit,
1824 1921 1876 1950 ne
1903 1907 2108 1963 resignare
2133 1904 2255 1949 diffe-

1273 1979 1366 2012 rant
1382 1997 1396 2021 ,
1418 1969 1666 2013 auctoritate
1694 1965 1925 2022 hujusmodi
1951 1965 2139 2010 duximus
2188 1965 2253 2007 in·

1273 2027 1553 2085 jungendum:
1580 2028 1648 2070 nifi
1679 2024 1813 2068 forsan
1843 2027 1930 2067 Vos
1957 2026 2137 2078 ipsorum
2163 2021 2254 2064 usus

1274 2088 1335 2126 eis
1361 2088 1412 2126 ad
1441 2096 1602 2139 tempus
1625 2081 1902 2125 concen'eritis
1929 2081 1980 2125 de
2005 2080 2138 2136 gratia
2166 2079 2259 2138 spei
2333 2082 2338 2087 '

1275 2139 1368 2182 mah
1391 2168 1545 2238 batum
1586 2197 1781 2238 Laterani
1822 2198 1943 2239 nonis
1984 2198 2257 2252 Decembris,

1273 2250 1544 2295 Pontificatfis
1563 2250 1689 2295 nostri
1714 2254 1839 2295 Anno
1853 2254 1994 2298 Primo
2007 2284 2020 2298 .

1330 2371 1492 2413 Butler.
1511 2371 1620 2413 Rom.
1636 2378 1771 2426 tom-3.
1779 2379 1884 2428 par.
1905 2387 1936 2417 t.
1944 2371 2025 2431 fol.
2042 2375 2100 2432 36
2100 2389 2142 2432 9.
2168 2378 2253 2419 Mo·

1386 2438 1572 2473 numento
1600 2428 1785 2488 Ord-jbl.
1804 2445 1873 2488 ²4·
1896 2434 1925 2476 d
1937 2444 2062 2493 tergo.
2078 2434 2253 2493 Redi-iq.

1389 2485 1653 2546 neafliam.
1669 2490 1784 2533 col-a.

1773 2633 2247 2655 ——-—-

1269 2733 1455 2782 Fratres
1479 2730 1691 2780 Minores
1706 2763 1722 2788 ,
1746 2726 1805 2779 ab
1841 2729 2212 2802 Archiepiscopis
2232 2744 2252 2796 3

1335 2802 1413 2853 vel
1443 2798 1679 2871 Episcopis
1715 2801 1759 2848 in
1789 2803 1950 2851 Socios
1981 2802 2250 2873 assumptos,

1334 2872 1362 2923 ὲ
1380 2871 1700 2944 Superioribus
1718 2870 1912 2923 Ordinis
1930 2879 1952 2935 (
1969 2891 2131 2945 praeter
2147 2874 2253 2929 vifi-

1339 2946 1583 3005 tationem,
1598 2962 1652 2995 ac
1677 2943 2012 2998 correctionem
2031 2953 2052 3011 )
2070 2951 2251 3000 etiam..

1343 3018 1552 3069 revocari
1574 3012 1693 3086 poffe
1711 3015 1916 3068 declarat
1931 3053 1947 3077 ,
1975 3020 2074 3070 aliis
2093 3033 2248 3071 tamen

1342 3089 1390 3139 in
1419 3086 1687 3158 Episcopale
1715 3085 1990 3160 obsequium
2011 3090 2247 3145 Fratribus

1342 3157 1593 3212 substitutis
1605 3186 1623 3199 -

1269 3305 1758 3357 ALEXANDER
1795 3302 2240 3365 EPISCOPUS

1442 3436 1619 3481 δεινος
1650 3433 1907 3480 Saavoittm
1940 3436 2024 3480 Dat
2040 3463 2053 3478 .

1268 3567 1435 3612 Dileffls
1457 3565 1571 3610 Fam
1583 3591 1599 3618 ,
1617 3565 1805 3608 Generalt
1818 3594 1832 3618 ‚
1857 3564 1912 3617 ά
1933 3566 2244 3613 Ρνονὶηείσῐίὒηε

1324 3625 1529 3683 Menssrlt
1558 3624 1718 3669 Ordiim
1735 3627 1933 3670 Fratrum
1950 3627 2153 3672 Minorem
2168 3655 2183 3680 ‚
2253 3632 2255 3634 ’

1376 3686 1557 3746 salutm
1596 3683 1646 3734 θ’
1672 3684 1935 3743 apostoticam
1948 3687 2124 3732 aenam.

1344 3804 1462 3848 Acro
1476 3802 1707 3861 Religionis
1724 3805 1862 3852 vestre
1893 3806 1996 3851 sama
2011 3806 2239 3860 clariffima,

1361 3864 1418 3908 eil
1435 3865 1486 3908 ab
1503 3866 1698 3911 univeriis
1729 3867 1770 3912 Bt
1796 3867 1957 3927 lingulis
1985 3869 2094 3913 illam
2112 3863 2240 3924 profi-

2090 3939 2180 3974 ten·
