2444 4192
742 182 908 270 Sub
971 182 1369 270 Benedic‘lo
1431 181 1574 269 XI
1595 182 1692 269 V.

209 336 297 381 fieri
312 334 648 394 prohiberemus;
681 334 748 380 sed
769 345 814 378 ut
838 337 879 378 in
897 338 976 381 hoc
1001 338 1176 397 gravisfi'-

206 409 280 439 mo
294 395 435 452 judicii
452 408 599 450 genere
610 423 624 446 -,
655 397 694 438 in
708 408 789 452 quo
804 395 855 437 de
880 394 992 439 sacro
1007 403 1177 442 Connu-

209 455 374 496 biorum
407 452 563 498 foedere
585 455 722 510 agitur
746 482 761 505 ,
797 452 973 508 pleniori
1001 455 1182 498 veritatis

210 514 475 556 elucidationi
491 514 815 563 consuleremus3
846 522 971 566 utque
990 514 1155 569 Judices
1168 540 1182 563 ‚

207 585 291 624 non
314 572 393 616 fine
405 572 618 616 certissima
630 570 861 626 cognitione
880 572 1079 620 omnium,
1092 583 1180 625 quae

209 631 261 671 ad
277 645 362 675 rem
381 632 553 675 maxime
573 631 805 675 conducunt
818 653 834 677 ,
848 626 1075 683 hujusmodi
1091 629 1178 670 vin-

206 688 345 733 culum
375 705 424 734 ex
459 701 521 734 tot
539 690 757 733 rationibus
781 685 992 730 insolubile
1015 687 1179 729 lenten-

204 749 275 788 tiis
289 748 365 792 suis
380 778 395 802 ,
420 759 637 804 tamquam,
656 748 816 791 irritum
847 745 898 786 ab
919 745 1063 795 initio,
1095 740 1174 784 dis-

205 805 429 851 solverent·
445 807 575 864 Cujus
590 807 750 863 quidem
764 802 1079 849 constitutionis
1095 801 1178 844 uti·

206 862 330 915 litas,
363 870 455 910 Deo
479 865 671 918 favente,
701 864 752 907 ad
779 865 885 907 hunc
907 859 1177 918 diemaperte

205 924 499 980 comprobatur
512 938 528 978 ;
548 939 670 982 quum
684 937 734 968 ex
746 936 798 966 eo
813 932 998 978 tempore
1010 917 1025 968 '³
1041 932 1172 976 neque

205 993 271 1025 tot
286 986 424 1030 Causae
437 984 551 1042 super
570 982 760 1040 praetensa
787 980 1177 1026 matrimoniorum-a

203 1042 398 1086 nullitate
431 1044 470 1086 in
505 1042 793 1086 Tribunalibus
824 1039 1028 1097 pendeant
1054 1051 1071 1092 3
1099 1051 1174 1080 nec

205 1110 288 1143 tam
307 1097 569 1158 frequenter,
584 1110 785 1150 mantea,
815 1101 936 1144 nobis
961 1098 1177 1142 exhibean-

204 1167 276 1203 tur
291 1173 436 1216 preces
469 1173 544 1216 pro
565 1159 796 1203 obtinendis
820 1157 1179 1216 dispensationibus

203 1215 322 1274 super
333 1218 600 1262 Matrimonio
615 1227 706 1261 rato
719 1220 760 1261 &
777 1232 860 1262 non
875 1215 1175 1264 consummato,

204 1275 304 1317 dum
331 1272 484 1319 seilicet
500 1286 594 1320 ante
605 1277 785 1319 omnium
810 1276 955 1319 oculos
969 1276 1179 1332 proposita:

204 1331 298 1375 sunt
325 1331 591 1376 difficultates
628 1334 750 1388 paulo
779 1334 945 1387 quidem
973 1332 1178 1387 majores,

204 1388 276 1434 sed
307 1389 478 1433 omnino
510 1389 611 1446 justae
636 1394 656 1441 ‚'
674 1403 759 1446 quae
782 1403 833 1431 ex
859 1402 967 1432 novo
994 1390 1178 1433 ordinet

209 1449 342 1493 Nobis
369 1447 544 1500 statuto,
572 1449 747 1492 cuilibet
773 1447 1000 1503 superandae
1025 1447 1064 1489 se
1084 1445 1179 1489 offe·-

207 1518 306 1551 rent
337 1534 352 1558 ‚
396 1516 611 1564 antequam
639 1515 825 1562 optatum
856 1503 979 1549 finem
1008 1503 1182 1562 affequa.

209 1576 281 1611 tur
293 1593 306 1608 ο
322 1585 324 1588 ’
452 1570 457 1588 ⁸
1023 1568 1025 1572 Ι

211 1663 213 1665 .
242 1662 243 1665 ,
289 1659 291 1662 .
328 1621 692 1682 Quemadmodum
708 1622 842 1680 itaque
866 1635 942 1677 pro
967 1622 1182 1666 Matrimo-

177 1695 185 1707 ·
210 1681 287 1726 niis
302 1681 567 1727 carnalibus&
583 1681 698 1724 nobis
727 1682 932 1740 provisum
955 1680 1060 1733 fuit,
1093 1684 1179 1726 ita..

209 1755 320 1784 nune
350 1740 403 1783 de
434 1739 707 1794 spiritualibus
734 1741 957 1783 animarum
984 1742 1180 1788 nexibus,

209 1799 264 1842 de
281 1798 494 1856 Religiolis
520 1797 708 1842 videlicet
733 1795 937 1854 utriusque
962 1797 1071 1843 sextu
1089 1801 1181 1842 Re-

206 1855 416 1914 gularium
432 1854 774 1907 Prosessionibus,
791 1860 890 1915 ‚pari
921 1860 1078 1902 ratione
1104 1858 1183 1901 sta-

210 1923 331 1960 tuere
361 1916 617 1960 decrevimus
638 1930 649 1959 :
675 1917 868 1960 nimirum
898 1930 1056 1962 certam
1088 1928 1184 1960 nor-

215 1990 320 2018 mam
336 2001 351 2024 ‚
371 1989 420 2017 ac
439 1975 677 2020 methodum
696 1976 883 2027 tradere,
898 1992 1017 2035 quam
1046 1977 1186 2019 obser-

159 2043 162 2047 ’
214 2047 310 2078 vare
331 2034 503 2078 debeant
517 2034 680 2091 Judices
709 2035 971 2079 Ecclesiastiei
985 2065 1002 2088 ,
1025 2036 1184 2093 quoties

211 2092 364 2152 judicia
393 2095 511 2149 super
536 2093 727 2138 nullitate
754 2093 1099 2138 Profellionumin
1113 2094 1184 2136 ali·

211 2167 298 2208 quo
325 2152 486 2197 Ordine
515 2153 710 2208 Regulari
739 2157 763 2198 a
790 2155 895 2198 Sede
908 2153 1184 2211 Apostolica..)

211 2213 444 2270 approbato
457 2208 667 2260 factarum
681 2226 818 2256 coram
834 2215 843 2255 i
848 2215 919 2270 ptis
931 2213 1078 2270 agitari
1089 2225 1187 2256 con·

213 2273 341 2327 tingat
354 2284 370 2325 3
384 2271 566 2327 nequeid
576 2270 744 2326 quidem
757 2271 806 2313 ad
833 2274 939 2316 hunc
957 2265 1121 2322 noemi
1139 2267 1185 2314 ui

212 2330 349 2374 a'ditus
364 2329 667 2373 intercludatur
683 2331 729 2371 iis
743 2359 760 2382 ,
789 2332 859 2387 qui
874 2330 982 2388 justis
995 2332 1047 2374 de
1062 2330 1186 2373 caulis

212 2388 441 2445 hujusmodi
457 2388 636 2432 actiones
651 2388 852 2433 intentare
876 2389 1003 2433 velint
1016 2419 1030 2443 ‚
1043 2399 1184 2445 aepo-

211 2448 357 2492 stulent
371 2478 386 2500 ,
407 2445 693 2492 Profeslionem
708 2450 732 2492 a
746 2446 940 2492 &saetam
972 2464 1023 2492 ex
1052 2451 1184 2504 capite

211 2506 416 2554 nullitatis
431 2507 585 2549 irritam
601 2506 826 2562 declarari;
844 2508 907 2552 sed
923 2517 969 2552 ut
984 2510 1050 2566 ipfi
1061 2507 1181 2565 Judi-

211 2580 281 2610 cea
294 2578 432 2608 rerum
450 2566 662 2618 veritatem
681 2566 718 2607 in
737 2565 864 2621 speeie
876 2568 1152 2623 dignoscere,
1166 2590 1182 2615 0

209 2622 374 2679 suasque
384 2621 598 2666 sententias
613 2623 789 2664 indubiis
821 2624 1095 2669 fundamentis
1104 2627 1180 2668 in·

209 2684 319 2728 nixas
341 2676 529 2736 proferre
557 2681 750 2733 valeant;
775 2694 820 2724 ae
852 2697 901 2726 ne
922 2697 1097 2740 unquam
1129 2696 1179 2725 ex

210 2739 440 2796 ignorantia
452 2736 645 2780 fanorum
655 2767 674 2791 ,
687 2740 862 2795 aliquem
879 2740 1103 2786 decernant
1118 2742 1191 2785 sos

213 2798 350 2842 lutum
363 2794 528 2840 vinculo
539 2821 555 2846 ‚
566 2795 661 2839 dum
677 2798 711 2837 is
731 2796 840 2840 forte
853 2826 870 2849 ,
884 2799 1021 2842 valida
1034 2802 1179 2844 solem·

211 2857 328 2902 nium
343 2864 532 2897 votorum
546 2852 783 2910 profeffione
799 2854 943 2900 emissa
957 2886 972 2910 ‚
998 2858 1183 2913 Religio-

212 2914 258 2959 so
270 2913 419 2959 oudini
435 2940 451 2966 ,
464 2913 532 2956 cui
544 2926 694 2956 nomen
704 2914 848 2968 dedit,
862 2928 908 2958 re
924 2915 1005 2971 ipsa
1026 2925 1186 2959 maneat

215 2972 448 3017 adstrictus.
461 2973 558 3027 Qua
571 2986 621 3015 cx
637 2974 834 3017 methodo
846 2974 868 3016 a
887 2974 1000 3017 nobis
1015 2974 1187 3018 traden-

214 3032 390 3078 dahune
403 3031 574 3074 Frui-Itum
588 3031 769 3076 (imiliter
795 3033 1070 3078 obventurum
1104 3036 1187 3090 spe-

216 3105 348 3136 ramus
361 3118 378 3143 ,
392 3101 438 3134 ut
456 3089 496 3132 δι
513 3089 688 3134 rariores
714 3092 956 3148 inposterum
981 3094 1021 3136 in
1045 3093 1187 3137 Tribu-

217 3149 379 3195 nalibus
406 3147 552 3194 futurae
579 3150 656 3192 ssnt
683 3151 818 3195 Causae
833 3149 950 3207 super
963 3151 1185 3207 praetensL,

216 3206 508 3257 Proseflionum
528 3207 750 3264 nullitate3
773 3211 814 3252 δι
826 3212 895 3266 qui
908 3210 1092 3267 deinceps
1110 3212 1187 3254 hu-

217 3267 390 3326 jusmodi
405 3266 607 3312 nullitatis
621 3267 946 3313 declarationem
963 3270 1002 3312 in
1017 3268 1106 3314 soro
1118 3285 1189 3314 ex-

220 3337 342 3395 terno
358 3326 609 3395 obtinueri-nt
625 3355 642 3379 ,
669 3330 1015 3384 &consequenter
1027 3330 1049 3372 a
1072 3330 1189 3374 Reli-

219 3383 1189 3504 ,ξῗῖιέἐῖῗέἷῗὲῑέἱίῑὲἳῗέἑῗῗᾞῗρῗὲἷίἶῗὲἓ

222 3501 271 3545 ad
288 3505 483 3552 Nouam
499 3505 551 3546 ad
568 3504 759 3549 Officium
775 3507 1095 3550 Poenitentiariae
1112 3521 1188 3550 no·

221 3562 307 3604 strae
324 3561 586 3623 apostolice,
610 3574 656 3608 ut
679 3579 759 3608 non
776 3565 898 3608 semel
922 3565 1094 3610 evenisse
1117 3581 1187 3609 no-

220 3620 384 3672 vimus,
398 3617 618 3678 confugere
635 3635 864 3682 cogantur,
885 3624 1099 3670 occultato
1112 3654 1126 3677 ,
1140 3634 1186 3668 ut

221 3680 346 3723 moris
360 3678 414 3722 est
426 3706 443 3730 ‚
460 3678 501 3720 in
513 3683 694 3735 precibus
708 3686 874 3728 nomine
887 3712 901 3736 ‚
917 3682 1090 3728 fatentes
1105 3686 1188 3727 sen.

219 3739 392 3782 tentiam
413 3737 530 3792 super
558 3741 814 3787 Profeffionis
843 3744 1030 3788 nullitate
1048 3744 1189 3800 pravis-

218 3799 372 3842 artibus
385 3807 589 3842 extortam
605 3799 628 3843 a
643 3800 682 3845 se
695 3800 825 3857 fuiss'e,
837 3804 1183 3861 deceptoJudice,

1985 219 2020 299 5
2039 218 2070 271 ¹
2087 218 2141 298 9

1237 342 1302 384 vel
1325 355 1396 398 per
1411 340 1616 382 mendacia
1632 337 1670 378 in
1699 336 1788 378 facti
1816 339 2064 392 expolitione
2081 344 2199 387 adhi-

1235 399 1338 446 bita,
1363 399 1426 439 vel
1442 411 1511 450 per
1524 404 1736 448 corruptos
1763 395 1909 446 testes3
1934 398 2108 453 ideoque
2125 404 2194 446 fla.

1243 457 1413 511 girantes
1428 482 1444 503 ,
1458 465 1502 495 ut
1514 467 1561 494 ex
1576 454 1705 506 gratia
1726 453 1764 492 δι
1777 449 2066 505 dispensatione
2084 460 2195 513 Apo.

1242 514 1381 555 stolica
1397 541 1412 562 ,
1427 509 1598 552 facultas
1615 509 1801 551 manendi
1817 510 1855 550 in
1871 509 2014 552 saeculo
2027 512 2115 565 ipsis
2140 517 2199 558 in-

1237 571 1456 626 dulgeatur
1468 596 1480 608 .

1358 629 1415 670 Ut
1442 638 1576 669 autem
1603 624 1792 667 ordinate
1817 626 2085 680 procedamus
2098 654 2113 677 ‚
2143 628 2205 670 di-

1235 685 1512 741 stinguendum
1529 685 1646 727 initio
1659 685 1714 727 est
1729 684 1839 726 inter
1853 685 2080 740 Regulares
2091 684 2202 735 illos,

1234 745 1301 800 qui
1331 746 1435 786 intra
1459 743 1776 800 quinquennium
1792 744 1815 786 ὲ
1833 743 1898 785 die
1925 743 2031 785 faetae
2042 742 2203 787 Profes-

1235 803 1350 846 fionis
1364 831 1380 856 ,
1405 802 1456 846 de
1482 802 1591 844 illius
1619 802 1807 844 nullitate
1819 802 2018 844 astionem
2034 815 2201 857 promo-

1236 870 1358 914 vent3
1382 863 1422 903 δι
1441 874 1510 904 eos
1535 887 1549 910 ‚
1570 859 1639 916 qui
1667 859 1753 915 post
1780 859 1958 915 elapsum
1983 862 2203 916 quinquen-

1236 922 1344 964 nium
1372 921 1597 963 reclamant
1611 948 1622 959 .
1649 917 1775 975 Quod
1787 918 1837 960 ad
1855 918 2009 974 priores
2026 919 2170 961 attinet
2184 946 2200 969 ,

1235 978 1400 1024 celebre
1412 978 1468 1020 est
1480 979 1534 1020 de
1549 978 1631 1020 illis
1642 978 1852 1020 decretum
1878 982 2009 1022 Sacrae
2026 977 2204 1020 Triden-

1237 1040 1330 1080 tinae
1343 1036 1497 1095 Synodi
1508 1036 1607 1094 ſsffi
1621 1049 1643 1078 2
1650 1048 1688 1085 5.
1703 1036 1748 1076 de
1763 1038 1950 1090 Regular.
1968 1045 2128 1092 cap.19.
2157 1037 2202 1078 in

1238 1099 1320 1141 haec
1338 1097 1462 1141 verba
1475 1111 1531 1138 =
1547 1093 1799 1153 Quicumque
1813 1096 2019 1150 Regularis
2027 1104 2200 1150 praeten-

1237 1157 1307 1199 dat
1322 1156 1384 1214 ,fi
1392 1166 1466 1214 per
1481 1160 1562 1198 vim
1579 1155 1629 1203 (9·
1652 1163 1797 1197 metum
1808 1153 2018 1210 ingre-stiam
2041 1153 2112 1212 ‘ff
2131 1156 2203 1195 Re.

1237 1213 1419 1273 {igionem
1433 1245 1448 1268 ,
1459 1225 1531 1258 aut
1545 1213 1666 1256 etiam
1680 1215 1803 1264 dicat,
1817 1221 1909 1254 ante
1924 1222 2082 1255 etatem
2097 1211 2209 1255 debe-

1237 1270 1693 1342 tamprofiffi‘emfuff,
1718 1281 1788 1315 aut
1806 1270 1907 1327 quid
1915 1271 2048 1327 stmile
2061 1298 2076 1320 ‚
2093 1271 2212 1312 velit·

1237 1347 1314 1388 que
1323 1334 1504 1377 hobitum
1517 1333 1719 1375 dimittere
1733 1344 1976 1386 quacumque
2004 1329 2049 1371 de
2062 1327 2179 1385 causta
2193 1354 2210 1377 ,

1238 1399 1312 1432 aut
1330 1394 1451 1433 etiam
1468 1404 1552 1433 cum
1561 1391 1703 1432 babitu
1714 1389 1906 1445 discedere
1917 1413 1932 1434 2
1950 1387 2034 1439 fine
2048 1388 2210 1428 licentia

1239 1451 1498 1505 superiorum
1515 1474 1530 1497 ‚
1543 1461 1621 1490 non
1635 1448 1829 1489 audiatur
1839 1446 1857 1497 '‚
1869 1451 1913 1487 ni
1927 1460 1944 1485 ι
1962 1448 2077 1486 intra
2093 1443 2214 1500 quin-

1238 1512 1453 1562 quantun·
1463 1505 1622 1550 tantam
1635 1506 1663 1548 d
1683 1506 1745 1548 die
1764 1502 1881 1562 Profe
1921 1503 2029 1553 onis,
2049 1502 2099 1551 U
2113 1512 2208 1545 tunc

1239 1577 1314 1608 non
1344 1567 1465 1608 auter
1478 1590 1494 1614 ‚
1520 1563 1604 1619 'nist
1619 1564 1753 1620 eaustus
1771 1590 1786 1613 ‚
1817 1576 1914 1618 quas
1923 1562 2187 1616 putendi-rit
2198 1587 2214 1611 ‚

1240 1622 1447 1667 deduxerit
1459 1637 1590 1666 coram
1608 1624 1816 1678 superlore
1815 1622 1893 1679 fico
1909 1621 1958 1669 θ’
1974 1620 2189 1663 Ονᾶηανίο
2200 1649 2214 1661 .

1240 1686 1288 1725 ln
1302 1695 1386 1737 quo
1400 1682 1491 1725 sane
1505 1681 1792 1734 decret0,licet
1808 1681 1847 1723 in
1862 1681 2004 1724 littera
2019 1679 2215 1723 Virorum

1243 1742 1511 1798 Regularium
1528 1742 1736 1784 dumtaxat
1752 1741 1910 1783 mentio
1934 1738 2003 1781 fiat
2017 1765 2031 1788 ‚
2061 1738 2213 1781 nihilo-

1243 1803 1373 1844 minus
1406 1801 1528 1844 etiam
1554 1797 1727 1842 foeminae
1748 1798 2004 1854 Religionem
2038 1795 2212 1852 professae

1242 1859 1817 1917 comprehenduntur3quum
1845 1871 1896 1900 ex
1928 1856 2081 1912 regulis
2097 1855 2210 1910 juris,

1244 1919 1508 1965 masculinum
1531 1931 1657 1974 genus
1681 1918 1806 1959 etiam
1832 1913 2071 1972 femininum
2091 1914 2217 1956 inelu-

1244 1981 1342 2030 dat,
1361 1979 1430 2021 ubi
1457 1992 1533 2019 una
1548 1977 1770 2033 eademque
1797 1977 1914 2018 causa
1944 1988 2020 2029 pro
2034 1972 2215 2015 foeminis

1243 2052 1355 2096 aeque
1370 2051 1415 2080 ac
1431 2050 1507 2092 pro
1523 2034 1703 2077 masculis
1721 2035 1869 2077 militat
1885 2061 1897 2074 .
1917 2032 2124 2092 Qamvis
2146 2046 2214 2074 au-

1244 2109 1327 2142 tem
1346 2095 1511 2139 Decreti
1527 2094 1652 2137 verba
1668 2093 1760 2136 satis
1779 2092 1887 2136 clara
1904 2090 1973 2132 sint
1987 2117 2001 2139 ,
2020 2091 2137 2132 varia:
2152 2101 2213 2131 ta·

1245 2171 1338 2200 men
1354 2153 1588 2212 quaestiones
1602 2155 1711 2196 eirca
1731 2165 1872 2197 eorum
1890 2148 2043 2192 sensum
2067 2163 2114 2191 ac
2134 2149 2218 2191 vim

1245 2217 1429 2261 exc-itata:
1444 2214 1609 2257 suerunt
1622 2241 1636 2254 .

1242 2297 1247 2303 ·
1361 2277 1504 2333 Qum
1521 2272 1669 2315 etenim
1697 2270 1751 2312 ibi
1787 2269 1917 2313 sermo
1935 2267 2148 2311 dumtaxat
2170 2267 2219 2310 fit

1245 2334 1298 2378 de
1322 2333 1521 2389 Regulari
1545 2326 1746 2379 Professo,
1772 2331 1838 2386 qui
1867 2327 1973 2370 suam
2002 2324 2217 2370 Professio-

1247 2407 1337 2437 nem
1349 2392 1505 2434 nullam
1533 2389 1644 2433 suilse
1660 2388 1885 2432 contendat
1901 2402 1957 2429 z:
1969 2385 2217 2443 Quicumque

1247 2451 1453 2510 Regularis
1464 2449 1692 2507 protendat
1704 2448 1755 2506 fi
1776 2458 1850 2504 per
1864 2448 1944 2490 vim
1959 2447 2007 2494 θ’
2028 2454 2218 2487 metum..

1241 2510 1455 2570 ingrffem
1474 2508 1546 2568 effe
1573 2511 1810 2563 Rellgionem
1837 2507 1920 2556 &a
1943 2534 1957 2558 ‚
1984 2504 2083 2547 nihil
2116 2505 2215 2546 vero

1240 2569 1428 2629 expresse
1449 2570 1645 2613 statuatur
1656 2568 1707 2610 de
1722 2565 1803 2624 ipsa
1821 2565 2042 2620 Religione
2055 2592 2071 2614 ‚
2103 2561 2218 2616 cujus

1240 2629 1463 2685 aliquando
1477 2628 1645 2672 interest
1657 2626 1828 2679 alicujus
1846 2624 2016 2669 Alumni
2043 2621 2097 2665 sui
2118 2623 2221 2664 Pro-

1240 2688 1442 2732 fessionem
1457 2688 1614 2730 irritam
1629 2686 1851 2737 declar-am
1866 2692 1911 2728 ut
1926 2683 1950 2725 fi
1966 2682 2072 2738 quis,
2089 2692 2224 2722 exem.

1240 2748 1296 2805 pli
1320 2746 1439 2790 causa
1463 2772 1478 2795 ,
1513 2745 1793 2800 comperiatur
1817 2742 2031 2786 occultum
2055 2737 2221 2794 aliquod

1242 2806 1577 2862 impedimentum
1595 2818 1676 2845 non
1700 2800 1896 2846 revelasse
1907 2827 1922 2850 ‚
1938 2801 1991 2843 de
2004 2812 2084 2856 quo
2095 2798 2216 2839 inter.

1244 2875 1415 2965 22³3?AE
1421 2860 2074 2971 J‘zizz‘eztssfflzssffssitz‘fss‘g’
2090 2857 2220 2968 ῗέἕέξ

1663 2944 1678 2968 9
2063 2942 2076 2963 2

1245 2979 1426 3024 admiffio
1443 2980 1466 3023 a
1484 2978 1700 3034 Religione
1727 2975 1892 3017 minime
1920 2984 2006 3016 rata
2032 2971 2216 3014 habenda

1245 3039 1350 3084 foret
1366 3051 1383 3093 3
1398 3040 1490 3080 hinc
1506 3037 1742 3080 dubitatum
1757 3031 1832 3077 fuit
1847 3062 1862 3085 ‚
1876 3047 1924 3075 an
1939 3033 1978 3074 in
1994 3030 2216 3082 hujusmodi

1246 3098 1338 3142 casu
1355 3097 1460 3141 solus
1487 3098 1682 3152 Superior
1700 3091 1916 3150 Regularis
1937 3092 2016 3134 fine
2041 3090 2219 3132 Ordina—

1247 3159 1309 3200 rio
1325 3154 1550 3212 procedere
1569 3153 1694 3210 poffet
1710 3182 1725 3205 ‚
1747 3167 1794 3196 an
1810 3153 1907 3194 vero
1932 3151 2059 3193 ctiam
2076 3149 2117 3191 in
2140 3149 2215 3192 hac

1250 3215 1339 3259 faeti
1353 3214 1484 3271 specie
1509 3212 1762 3257 discutienda
1787 3209 1881 3256 effet
1895 3210 2025 3254 Causa
2042 3222 2213 3252 coram...

1249 3272 1452 3330 Regulari
1466 3274 1683 3329 Superiore
1700 3271 1811 3316 fimul
1829 3273 1870 3312 δι
1882 3267 2103 3313 Ordinatio
2116 3267 2227 3314 loci„

1248 3338 1377 3390 Super
1385 3346 1467 3390 quo
1479 3332 1763 3389 congregatio
1775 3325 2212 3377 S.R.E.Cardinalium

1248 3395 1299 3438 ad
1315 3394 1433 3450 iptius
1449 3393 1631 3435 Concilii
1648 3389 1877 3436 Tridentini
1894 3386 2213 3441 Interpretatio-

1247 3467 1337 3496 nem
1356 3453 1407 3495 ab
1421 3451 1652 3507 Apostolica
1676 3450 1778 3494 Sede
1800 3450 2090 3502 deputatorum
2114 3458 2214 3487 con-

1246 3512 1397 3555 stanter
1417 3510 1602 3554 decrevit
1630 3540 1647 3562 ,
1672 3508 1825 3553 Causas
1847 3503 2075 3561 hujusmodi
2094 3505 2210 3558 super

1245 3571 1436 3614 nullitate
1446 3569 1697 3613 Profeffionis
1710 3596 1725 3619 ,
1753 3569 1872 3610 tama*
1890 3564 2086 3621 Regulari
2111 3565 2210 3604 Pro·

1245 3629 1344 3672 fcffo
1360 3658 1375 3681 ‚
1402 3631 1522 3684 quim
1547 3628 1569 3671 a
1597 3627 1811 3682 Religione
1849 3627 1956 3669 intra
1986 3624 2207 3680 quinquen.

1247 3686 1612 3743 niuminjudicium
1636 3686 1857 3735 deductas,
1884 3687 1921 3727 &
1946 3683 1970 3727 ἃ
1989 3683 2200 3738 Superiore

1245 3746 1442 3805 Regulari
1453 3773 1467 3795 ‚
1480 3747 1522 3788 δι
1535 3747 1586 3791 ab
1597 3745 1819 3790 Ordinatio
1833 3744 1913 3789 loci
1929 3741 2043 3787 fimul
2057 3747 2202 3791 cogno·

1243 3807 1406 3866 scendas
1420 3802 1497 3850 effe
1508 3835 1521 3849 .
2017 3857 2082 3913 Q

2062 3865 2152 3893 uum
