2444 4192
347 232 550 314 44²·v

289 360 464 405 foedatas
478 375 695 418 peragere,
721 354 813 414 jussa
829 355 1030 413 capeffere
1057 359 1263 400 cunctatus

290 437 369 464 non
385 421 440 464 est
454 450 469 472 ‚
498 433 622 476 eaque
641 418 847 459 hilaritate
861 445 875 466 ,
907 430 986 471 qua
1006 416 1262 473 injunctum„

290 480 469 523 emensus
483 481 536 523 est
550 475 1093 531 itcr,contumelias,probra,
1111 478 1236 518 minas
1251 502 1266 526 2

288 540 608 595 &lapidationes
620 537 670 576 ab
690 535 891 578 haereticis
906 535 1131 581 Catholicae
1147 535 1263 576 Reli..

289 601 402 655 gioni
415 627 430 648 ,
445 594 655 651 praesertim
673 593 939 648 Regularium
951 594 1100 637 Ordini
1127 594 1262 649 appri-

286 673 355 701 me
368 655 526 700 infenfis
543 654 762 709 ,patienter
775 679 789 702 ,
814 651 854 693 δι
878 653 1043 695 fortiter
1057 654 1229 709 pertulit
1243 679 1259 702 ,

285 719 528 770 illorumque
547 712 672 766 impie
692 711 745 753 de
771 708 853 753 fide
867 709 1125 756 sentientium
1139 710 1262 755 auda-

283 779 387 818 ciam
406 772 624 816 retundens
639 769 802 826 publice
821 799 836 821 ‚
867 771 909 812 δι
923 771 1052 827 palam
1067 770 1262 814 Catholi-

281 849 370 877 cam
387 832 622 875 Doctrinam
638 859 653 880 ,
678 829 719 870 δι
736 827 875 874 Fidem
898 828 1087 885 prosefl'us
1116 828 1200 879 cst,
1231 828 1254 868 a

277 893 421 947 quibus
436 888 811 944 persequutionibus
825 913 841 937 ,
869 889 912 929 δι
939 889 1128 944 angustiis
1155 886 1254 929 licet

277 950 355 993 Dei
371 946 649 992 misericordia
662 946 826 989 tandem
839 946 1030 996 evaserit,
1046 945 1179 989 defuit
1191 955 1253 986 ta-

276 1023 368 1051 men
413 1009 449 1051 ei
485 1006 620 1064 potius
665 1007 905 1062 martyrium
929 1032 944 1057 ,
981 1005 1101 1064 quim
1133 1002 1253 1059 ipse,

275 1067 494 1122 martyrio.

329 1127 368 1176 ξ.
389 1139 452 1169 ιο.
514 1123 682 1168 Nullam
699 1121 804 1178 pene
833 1122 902 1165 diu
936 1125 1139 1176 noctuque
1165 1118 1246 1162 labi

270 1187 420 1227 sinebat
434 1187 578 1227 horam
592 1212 607 1235 ,
631 1183 709 1238 qua
724 1196 802 1224 non
815 1179 912 1224 cffet
941 1183 981 1224 in
998 1193 1139 1237 preces
1150 1177 1245 1222 effu-

271 1250 331 1287 sus
345 1271 359 1293 ‚
377 1246 439 1286 seu
455 1254 590 1286 mente
603 1240 784 1284 elevatus
800 1239 840 1284 in
855 1241 986 1284 Deum
1002 1268 1015 1282 .
1031 1235 1247 1302 Qidquid

269 1304 466 1358 temporis
481 1302 549 1344 fibi
566 1314 617 1344 cx
633 1300 873 1345 obedientie
903 1295 1139 1354 prescripto
1158 1309 1251 1338 mu·

269 1362 453 1410 neribus,
479 1361 760 1415 proximorum
774 1357 924 1408 saluti,
944 1354 1156 1412 brevisque
1184 1354 1246 1398 so·

269 1421 352 1463 mni
366 1430 576 1463 tormento
600 1416 737 1473 potiris
756 1445 772 1467 ,
795 1419 914 1472 quam
940 1415 1066 1472 quieti
1087 1411 1248 1470 supere-

270 1490 363 1530 rat,
389 1489 524 1520 totum
551 1476 594 1519 id
609 1474 819 1525 orationi,
844 1476 885 1517 dt
906 1472 1245 1527 contemplationi

269 1538 417 1593 ubique
434 1535 725 1591 impendebat,
753 1534 793 1572 δι
807 1533 885 1573 Dei
901 1530 1177 1584 presentiam,
1205 1529 1245 1569 in

268 1595 360 1651 ipfis
386 1593 659 1636 exterioribus
691 1589 842 1629 actibus
868 1599 950 1628 non
961 1587 1134 1637 oblitus,
1159 1584 1244 1640 jugi

269 1667 364 1696 cum
378 1650 605 1693 attentione
621 1677 635 1699 ,
645 1648 855 1689 &interna
869 1644 1056 1687 oratione
1074 1657 1245 1686 venera-

268 1714 388 1755 batur
411 1737 422 1749 .
458 1706 633 1762 Pervigil
659 1705 813 1760 f‘emper
838 1703 954 1746 noste
978 1702 1245 1760 intempesta,

270 1767 476 1813 nocturnis
502 1766 612 1809 horis
627 1765 794 1815 aderat,
824 1764 866 1806 δι
890 1764 1075 1818 quamvis
1099 1775 1245 1818 perpe·

269 1830 349 1871 tuis
363 1826 572 1869 laboribus
584 1852 600 1875 ,
629 1833 751 1880 atque
765 1820 1087 1865 afflictationibus
1103 1821 1245 1877 fatiga·

268 1898 359 1935 tus,
384 1887 426 1927 δι
449 1882 551 1940 pene
567 1884 716 1926 fractus
731 1912 747 1934 ,
770 1881 922 1924 nonnifi
947 1881 1032 1937 post
1056 1892 1243 1923 auroram

266 1944 608 1989 revertebaturin
624 1942 841 1992 cellulam,
867 1950 956 1982 toto
983 1954 1034 1981 co
1060 1950 1243 1995 tempore

266 2007 307 2049 in
325 2005 498 2050 Choro,
520 2001 584 2045 vel
599 1998 779 2043 Ecclcfia
795 1999 903 2042 inter
915 1998 1143 2044 meditandi
1170 1997 1243 2042 de·

266 2063 383 2106 licias
398 2059 589 2103 traducto
604 2086 619 2099 .

319 2120 363 2171 ἦ.
385 2133 448 2164 ιι.
509 2116 684 2163 chator
699 2116 1039 2174 animarum‚quas
1058 2114 1243 2171 alloque-

263 2183 386 2224 batur
398 2178 450 2223 ad
465 2176 824 2231 compunctionem
839 2203 855 2227 ,
884 2176 924 2218 δι
935 2175 1243 2233 expiationem.-

261 2249 520 2295 peccatorum
534 2263 549 2286 ,
563 2235 746 2291 Deique‚
778 2236 814 2277 Sc
841 2235 1038 2279 virtutum
1063 2247 1241 2277 amorem

260 2300 361 2342 mira
379 2295 616 2353 disponebat
628 2292 1100 2346 dulcedine,noetrinam
1112 2292 1241 2337 Chri·

261 2359 429 2401 stianam
440 2355 619 2398 docebat
633 2354 794 2409 ignaros
807 2383 824 2404 ‚
841 2350 1074 2409 Religiosos
1090 2352 1140 2395 ad
1153 2365 1240 2410 per·

259 2418 470 2460 sectionem
485 2412 593 2458 suavi
605 2412 805 2455 excitabat
818 2412 985 2471 eloquio
996 2443 1012 2466 ‚
1028 2411 1157 2455 corda
1170 2425 1240 2455 au·

260 2477 382 2533 tiquis
407 2474 513 2518 odiis
544 2470 596 2516 ad
614 2470 833 2516 vindictam
846 2471 1040 2523 accensa,
1070 2471 1238 2539 &alio-

259 2530 1240 2645 32⁰2.55'332‘50’0xlb35253'332‘25525¹:²32?ss¹3:3¹:

258 2651 356 2702 bat,
380 2651 421 2691 dc
448 2650 572 2691 venia
588 2647 903 2693 interceflionem
931 2646 982 2691 ad
997 2659 1139 2705 pacem
1152 2674 1168 2699 ,
1197 2646 1237 2689 ἅ

262 2709 473 2751 meliorem
486 2708 642 2760 frugem
659 2707 876 2748 revocabat
892 2733 906 2747 .

319 2767 359 2819 6.
381 2778 441 2809 ta.
503 2765 610 2808 Hinc
632 2762 879 2816 Altiffimus,
903 2764 973 2821 qui
1001 2760 1235 2819 sapientiam

262 2832 412 2883 prabet
434 2823 698 2880 diligentibus
713 2821 751 2863 se
765 2850 780 2873 ,
803 2820 906 2877 julio
921 2822 1013 2864 huie
1029 2847 1044 2870 ‚
1073 2835 1233 2877 quem-e

259 2884 488 2928 deducebat
515 2895 589 2938 per
618 2882 697 2923 vias
713 2883 836 2922 rectas
851 2908 866 2932 ,
890 2878 1148 2923 absconditos
1180 2879 1239 2921 sa·

261 2944 465 3000 pientibus
482 2969 495 2993 ,
524 2940 564 2982 Gt
585 2938 850 2996 prudentibus
880 2936 995 2995 hujus
1022 2939 1148 2982 saeculi
1178 2936 1237 2981 sa·

263 3002 436 3058 pientie,
452 3001 492 3042 ει
506 2993 675 3042 scientie
689 2996 764 3040 sne
778 2998 987 3042 thesauros
999 2997 1152 3041 celitus
1170 3011 1238 3041 re-

260 3060 412 3105 velavit
426 3090 437 3101 .
472 3060 611 3104 nomo
622 3057 727 3102 euim
741 3055 954 3100 literarum
967 3056 1088 3114 plan‘e
1102 3054 1210 3100 rudis
1221 3082 1236 3106 ,

259 3121 346 3165 null
406 3133 454 3163 ue
468 3117 700 3161 mortalium
714 3115 906 3173 magistro
921 3114 1120 3166 cruditus,
1133 3114 1236 3159 adeo

260 3181 375 3223 excel
395 3192 422 3221 o
450 3176 620 3221 scientie
639 3174 754 3218 dono
779 3179 925 3219 meruit
941 3175 1128 3219 illustrari
1143 3204 1159 3227 ‚
1189 3184 1235 3218 ut

260 3237 444 3283 altissima
460 3234 688 3280 catholic·
703 3233 811 3278 Fidei
824 3233 1007 3291 mysteria
1032 3234 1084 3278 dc
1099 3233 1233 3278 Trini-

259 3308 344 3341 tate
360 3326 373 3349 ,
390 3293 672 3340 incarnatione
688 3322 704 3346 ‚
725 3293 1081 3338 Proedessinatione
1095 3322 1110 3346 ,
1128 3293 1234 3337 Glo-

261 3358 319 3401 ria
333 3354 486 3399 coelessi
501 3383 517 3408 ,
547 3350 795 3398 Sanctiffimo
820 3353 1074 3398 Eucharistioe
1088 3357 1231 3396 Sacra·

262 3425 404 3459 mento
416 3441 430 3463 ‚
444 3413 568 3458 &alia
585 3409 808 3469 hujusmodi
821 3437 836 3462 ,
861 3425 1019 3455 necnon
1035 3412 1077 3454 di
1085 3410 1231 3455 fficilli.

259 3488 346 3518 mos
361 3478 490 3516 Saena
504 3473 721 3529 Scriptura·
733 3469 880 3522 sensus,
891 3470 1013 3516 ctiam
1023 3470 1228 3528 disputan·

258 3532 343 3585 do,
368 3531 521 3575 coelesti
543 3530 784 3575 sublimitate
807 3534 998 3575 tractaret
1022 3558 1038 3583 ,
1070 3530 1230 3588 parique

257 3590 549 3635 dilucidatione
563 3589 785 3648 explicaret
801 3589 942 3635 arduas
955 3590 1191 3647 questiones
1206 3587 1228 3631 λ

258 3647 486 3702 doflissiutis
499 3653 623 3693 etiam
638 3649 861 3707 'theologis
875 3648 1116 3708 propolim,
1125 3660 1228 3706 quos

254 3720 391 3754 tamen
407 3721 489 3752 non
507 3707 670 3751 tenebat
686 3708 921 3762 admiratio,
936 3706 1227 3766 quoquomodo

254 3770 390 3814 literas
404 3764 520 3810 sciret
535 3779 627 3809 cum
641 3779 722 3808 non
734 3766 931 3811 didiciffct
946 3796 961 3821 ,
989 3768 1080 3824 quia
1110 3769 1149 3811 in
1173 3780 1225 3810 eo

896 199 1057 285 Sub
1112 198 1547 289 Innocentio
1606 198 1699 287 X
1706 201 1745 287 I
1759 204 1814 289 I.

1382 359 1420 409 ξ.
1448 373 1511 414 ¹3·
1567 362 1815 416 Prophetico
1842 360 1964 402 etiam
1975 360 2122 417 spiritu
2136 360 2297 405 afflatus

1321 417 1517 461 nonnulla
1530 416 1666 462 futura
1679 445 1693 468 ,
1722 421 1762 462 δι
1778 422 1994 473 praesertim
2012 431 2171 477 aegrotis
2190 424 2297 463 inte-

1325 490 1439 532 gram
1452 476 1723 521 valetudmem
1736 505 1750 527 ‚
1760 476 1860 521 sanis
1876 475 2151 522 infirmitatem
2165 508 2179 531 ,
2211 477 2299 521 fibi-

1323 550 1400 593 que
1413 562 1428 585 2
1442 537 1481 580 &
1494 537 1579 578 aliis
1588 546 1761 580 mortem
1777 536 1960 593 praedixit
1974 564 1987 576 .

1378 596 1416 649 §.
1440 608 1503 650 ¹4·
1565 596 1770 639 Traducta
1783 597 1918 647 itaque
1934 621 1947 644 ,
1962 594 2003 636 &
2016 594 2296 637 consummato

1320 657 1469 697 Sanciae
1485 654 1585 697 vita·
1601 654 1809 696 curriculo
1837 651 2067 708 perarduas
2087 654 2298 708 poeuiten-

1323 715 1389 756 tiae
1399 742 1415 766 ‚
1430 713 1471 754 ὅτ.
1483 711 1654 754 aliarum
1669 714 1864 754 virtutum
1877 709 2054 760 semitas,
2066 711 2211 767 quibus
2222 725 2296 766 per

1325 773 1402 814 Dei
1416 770 1584 827 gratiam
1598 773 1746 826 Regno
1759 769 1978 813 Coelorum
2006 771 2088 811 vim
2116 766 2266 812 inferre
2280 797 2295 822 ,

1315 830 1498 887 illudque
1513 828 1714 872 violentus
1733 842 1872 884 rapere
1887 827 2087 882 studebat,
2100 827 2187 885 post
2200 828 2295 883 glo-

1315 887 1416 930 riosa
1445 886 1589 930 Mundi
1616 887 1732 942 hujus
1762 887 2001 935 certamina,
2015 890 2293 932 sacramentis

1315 947 1501 989 Ecclesia
1528 944 1609 987 rite
1624 974 1640 996 ,
1665 946 1872 1000 sanetequc
1893 946 2102 996 munitus,
2127 946 2194 989 die
2225 959 2293 998 17.

1313 1003 1410 1059 Maji
1434 1004 1526 1046 anni
1557 1014 1679 1057 1592.
1693 1034 1710 1056 ,
1735 1003 1815 1060 qua
1829 1004 2074 1060 praedixerat
2089 1003 2220 1052 hori,
2250 1008 2292 1047 in

1313 1067 1535 1107 Conventu
1562 1064 1714 1117 Oppidi
1739 1062 1858 1106 Villae
1887 1062 2047 1118 Regalis
2072 1065 2291 1107 Dertusen.

1313 1122 1508 1166 Dioeeefis
1524 1122 1562 1162 in
1579 1121 1725 1176 Regno
1741 1122 1937 1167 Valentiae
1950 1124 2072 1167 beato
2084 1119 2164 1166 fine
2175 1122 2288 1179 quie,

1311 1182 1368 1224 vit
1380 1209 1397 1231 ,
1426 1180 1575 1236 quique
1589 1179 1639 1221 ab
1657 1178 1821 1224 infantia
1836 1181 1976 1239 spiritu
1991 1182 2146 1237 semper
2161 1182 2262 1226 vixit
2278 1208 2294 1232 ,

1309 1239 1452 1296 spiritu
1466 1241 1507 1281 δι
1520 1238 1745 1283 ambulavit
1758 1267 1773 1290 ,
1785 1254 1832 1282 ac
1845 1240 2044 1286 desideria
2059 1239 2195 1284 carnis
2207 1254 2287 1284 non

1307 1297 1504 1357 perfecit,
1529 1297 1675 1341 eodem
1692 1298 1817 1354 illapfi
1833 1299 1934 1343 olim
1953 1303 2067 1358 super
2080 1298 2286 1359 Apostolis

1307 1352 1481 1414 Spiritus
1510 1355 1646 1399 Sancti
1669 1367 1908 1402 recurrente
1933 1359 2001 1402 die
2023 1385 2038 1406 a
2065 1373 2147 1415 quo
2171 1366 2287 1401 natus

1307 1416 1439 1461 fuerat
1453 1414 1494 1456 in
1510 1415 1628 1458 terris
1641 1441 1656 1464 s
1687 1415 1834 1458 meruit
1849 1427 2044 1460 aeternum
2067 1418 2290 1474 triumpha-

1307 1485 1420 1517 turus
1434 1472 1642 1515 renasci&
1658 1472 1699 1513 in
1715 1473 1849 1515 Caelis
1862 1499 1873 1513 .

1362 1531 1400 1580 ξ.
1427 1540 1493 1576 15.
1545 1530 1694 1571 Statim
1709 1543 1755 1573 ac
1772 1531 1884 1572 Beati
1899 1530 1991 1572 Viri
2004 1529 2289 1577 obitumfama

1308 1587 1488 1646 vulgavit
1504 1610 1519 1633 s
1532 1584 1583 1628 ad
1601 1585 1712 1630 illius
1729 1588 2037 1633 venerationem
2053 1591 2154 1637 mira
2167 1588 2287 1633 undi-

1306 1659 1385 1703 que
1408 1642 1658 1702 populorum
1683 1646 1908 1691 multitudo
1937 1649 2169 1702 confluxit,
2199 1662 2287 1706 quae

1306 1705 1512 1761 antiquam
1528 1703 1756 1750 Sanctitatis
1766 1706 2001 1763 opinionem
2015 1734 2030 1757 2
2058 1723 2107 1752 eo
2121 1709 2284 1754 vivente

1304 1765 1519 1809 excitatam
1530 1787 1545 1810 ‚
1558 1763 1680 1806 etiam
1698 1766 1737 1806 in
1751 1763 1837 1819 ejus
1851 1766 2050 1811 cadavere
2063 1765 2284 1813 confirma-

1303 1823 1339 1867 ri
1356 1824 1500 1867 mirata
1517 1818 1595 1864 fuit
1609 1849 1624 1875 ,
1637 1821 1734 1867 dum
1749 1822 1850 1867 istud
1862 1823 2186 1876 lieetexanime2
2205 1839 2286 1884 quo

1303 1881 1504 1934 fervidus,
1512 1892 1629 1937 quem
1644 1881 1684 1926 in
1699 1882 1782 1926 vita
1796 1883 1995 1928 habuerat
2012 1899 2106 1940 erga
2120 1886 2284 1928 Eucha-

1304 1941 1416 1986 ristiae
1425 1943 1730 1985 Sacramentum
1744 1942 1894 1986 demon
1900 1942 2096 1988 strat-etur
2106 1942 2285 1997 affectus,

1303 2000 1430 2044 visum
1441 1999 1498 2043 est
1516 1999 1555 2040 in
1572 1998 1684 2043 illius
1699 1999 1929 2050 elevatione
1941 2002 2084 2046 oeulos
2095 2003 2250 2060 aperire
2259 2023 2279 2057 ,

1304 2072 1400 2103 mox
1418 2059 1459 2101 δε
1473 2057 1512 2100 in
1524 2056 1775 2113 depositione
1792 2058 2012 2104 occludere
2023 2087 2039 2111 2
2049 2061 2166 2119 quod·
2175 2063 2281 2118 pari·

1302 2130 1367 2163 ter
1380 2118 1419 2162 in
1432 2117 1661 2163 elevatione
1679 2145 1694 2171 ,
1711 2120 1752 2162 ec
1776 2118 2028 2177 depolitione
2045 2119 2200 2165 Calicis
2215 2135 2280 2166 re-

1303 2178 1471 2222 novavit
1484 2203 1498 2217 .

1360 2237 1401 2290 §-
1419 2235 1481 2280 16.
1543 2234 1619 2278 Piae
1631 2236 1899 2282 multitudinis
1911 2236 2132 2295 obsequio,
2153 2239 2192 2281 δι
2204 2237 2279 2281 de-

1302 2307 1404 2341 votae
1437 2295 1717 2351 egrotantium
1743 2295 1823 2353 spei
1850 2309 1952 2352 opus
1966 2293 2041 2341 fuit
2057 2296 2277 2344 triduana-2

1300 2354 1529 2400 cadaveris
1550 2354 1801 2410 expolitione
1827 2356 2060 2413 indulgeri,
2088 2370 2164 2400 nee
2186 2370 2279 2400 eam

1300 2414 1409 2472 spem
1437 2411 1595 2457 fefellit.
1608 2424 1778 2458 eventus
1799 2440 1814 2462 a
1842 2413 2000 2471 liquore
2029 2416 2203 2472 quodam
2225 2429 2278 2462 ex

1298 2473 1381 2532 ejus
1398 2472 1514 2516 vultu
1529 2498 1544 2522 ‚
1558 2473 1600 2515 δι
1610 2473 1725 2516 collo
1738 2483 1834 2518 tunc
1842 2473 2041 2530 temporis
2057 2484 2250 2520 manante
2263 2500 2279 2526 2

1300 2546 1384 2591 quo
1396 2531 1523 2587 aliqui
1535 2530 1716 2584 perliniti
1726 2532 1927 2590 integram
1942 2529 2153 2576 sanitatem
2169 2547 2279 2579 rece·

1299 2598 1448 2647 perunt
1464 2617 1480 2633 .
1508 2590 1622 2631 Inter
1641 2602 1744 2645 quos
1758 2590 1977 2634 catharina
1991 2591 2169 2635 Simonis
2184 2590 2276 2648 plu-

1299 2650 1406 2692 ribus
1419 2644 1555 2688 affecta
1568 2648 1794 2690 tumoribus
1810 2676 1822 2699 ,
1851 2645 1973 2705 iisque
2001 2661 2085 2692 uno
2098 2658 2274 2706 excepto

1298 2702 1541 2763 perforatis,
1570 2718 1615 2747 ac
1632 2705 1912 2759 Medicorum,
1941 2707 1980 2750 dt
2000 2707 2195 2764 Chirurgi
2212 2707 2274 2765 ju·

1296 2764 1406 2809 dicio
1430 2762 1515 2821 post
1529 2763 1757 2809 biennalem
1769 2766 2024 2809 curationem
2053 2763 2277 2810 insanabili-

1295 2824 1368 2867 bus
1393 2853 1408 2875 ,
1436 2821 1660 2877 hujusmodi
1688 2822 1871 2866 delibuta
1897 2823 2058 2881 liquore
2082 2825 2132 2867 ab
2163 2826 2273 2869 omni

1299 2883 1469 2931 morbo,
1496 2882 1535 2922 St
1558 2882 1815 2934 tumoribus,
1840 2883 2036 2928 cicatrice
2061 2882 2273 2929 dumtaxat

1299 2950 1535 2984 remanente
1550 2970 1565 2991 ‚
1578 2939 1693 2984 illico
1711 2941 1921 2985 convaluit
1935 2955 1950 2997 3
1965 2941 2005 2985 id
2027 2943 2136 2999 quod
2146 2944 2274 2998 omni,

1300 3000 1364 3044 vel
1378 2998 1581 3044 cicatricis
1607 2998 1764 3044 abolito
1796 2999 1963 3058 vestigio
1988 3001 2136 3058 obtigit
2151 3004 2274 3047 etiam

1302 3058 1456 3105 Ursule
1470 3059 1741 3109 Masearcllae,
1769 3060 1912 3103 eodem
1940 3060 2099 3129 liquore
2122 3076 2273 3119 perun·

1299 3121 1370 3162 etis
1386 3119 1618 3165 inveteratis
1634 3117 1856 3165 soemorum
1866 3118 2074 3164 ulceribus
2085 3148 2099 3174 ,
2119 3121 2268 3178 quibus

1297 3178 1529 3223 excruciata
1554 3178 1712 3228 suerat,
1735 3177 1821 3233 post
1848 3177 2063 3224 triennales
2092 3178 2268 3226 medelas

1294 3234 1483 3282 incassum
1498 3235 1654 3294 semper
1669 3235 1868 3281 adhibitas
1886 3264 1898 3279 .

1352 3298 1390 3348 ᾗ.
1412 3309 1475 3346 ι7.
1538 3298 1599 3341 Ex
1612 3295 1657 3339 iis
1670 3296 1789 3340 etiam
1804 3295 1895 3351 ,qui
1908 3296 2130 3350 expositum
2144 3296 2267 3342 cada·

1295 3372 1365 3400 ver
1376 3354 1671 3408 deosculantes,
1688 3355 1802 3400 Servi
1820 3354 1893 3399 Dei
1905 3367 2024 3408 opem
2037 3355 2178 3400 intimi
2194 3357 2268 3402 de-

1294 3416 1465 3460 votione
1481 3414 1777 3470 implorssrunt,
1800 3412 1971 3470 Baptista
1986 3413 2169 3458 Cabillin
2185 3443 2200 3468 ,
2225 3419 2266 3460 dc

1292 3474 1460 3519 isabella
1470 3477 1584 3518 Cano
1600 3471 1761 3530 prorsus
1780 3472 1939 3516 atteret!
1953 3496 1969 3521 2
1981 3471 2051 3516 ille
2062 3488 2182 3519 crure
2200 3478 2266 3527 ,δι

1292 3534 1342 3577 sic
1355 3531 1523 3578 claudus
1538 3561 1553 3586 ,
1572 3541 1617 3576 ut
1639 3531 1719 3576 line
1744 3529 1984 3574 fulcimento
2009 3546 2092 3576 non
2108 3533 2264 3578 valeret

1292 3593 1499 3642 incedere,
1514 3592 1582 3638 ista
1596 3590 1780 3641 brachio,
1794 3590 1832 3632 ει
1848 3602 1967 3633 manu
1982 3605 2053 3646 per
2067 3590 2263 3651 sesquian-

1289 3665 1383 3694 num
1400 3680 1415 3704 ‚
1446 3661 1492 3695 ut
1516 3650 1600 3708 ejus
1613 3648 1854 3693 sanationem
1869 3649 2065 3708 Chirurgi
2087 3650 2165 3708 jam
2182 3651 2259 3696 de-

1287 3709 1312 3753 s
1304 3709 1496 3767 permeat
1510 3738 1523 3763 ‚
1536 3709 1587 3753 ad
1598 3708 1834 3752 eorumdem
1848 3710 2123 3755 membrorum
2133 3710 2262 3768 pristi-

1286 3783 1379 3812 num
1397 3772 1534 3818 robur,
1547 3769 1586 3810 &
1602 3765 1726 3820 usum,
1740 3781 1785 3810 ac
1803 3767 1827 3810 n
1844 3781 2045 3825 nunquam
2060 3769 2144 3814 lesa
2159 3770 2242 3815 fuis
2241 3791 2262 3805 ·

253 3827 588 3871 insusedirinitus
615 3823 780 3869 scicntia
805 3826 957 3870 donum
985 3827 1036 3871 ad
1061 3826 1222 3871 eviden.
1283 3827 1398 3880 sent,
1415 3826 1580 3884 repente
1601 3837 1871 3872 revocantur.

255 3892 354 3932 t'ant
373 3883 654 3943 dignoscebant
667 3911 680 3923 ·

2075 3888 2201 3938 5018.
