2444 4192
294 210 464 319 348

230 369 474 422 terpretatio
485 362 703 407 exoriatur.
724 361 1012 413 Proinde,cum
1035 362 1185 407 fel.rec.

231 427 422 471 Clemens
454 429 557 479 Papa
592 425 620 461 V
631 424 710 464 111.
756 421 1022 466 Praedecelsor
1050 428 1181 467 noller

235 499 376 542 magna
402 498 492 526 cum
517 480 729 534 diligentia
748 482 789 522 δι
804 482 1077 525 sollicitudine
1093 496 1187 538 pro-

235 546 440 587 curaverit
466 539 602 581 abusus
630 540 667 580 &
694 542 948 596 corruptelas
962 567 978 590 ,
1001 552 1086 582 tum
1112 542 1185 585 in„-

235 596 573 646 communicando
601 598 642 639 δι
668 596 930 654 dispensando
966 599 1190 655 indulgen-

237 662 383 705 tiarum
411 655 643 706 thesauros,
668 666 754 698 tum
772 658 813 699 in
826 658 1061 701 modoillos
1083 660 1186 702 reci-

233 720 373 775 piendi
398 719 568 771 irreptus
592 714 766 766 tollere,
791 717 831 759 fit
846 726 1064 773 propterea
1087 717 1185 762 sua-0

234 780 405 833 quadam
421 773 728 818 Constitutione
742 772 912 819 formam
924 778 1186 832 aggregandi,

230 835 463 879 instituendi
478 859 494 881 ,
507 835 549 875 δι
563 832 672 875 recte
696 834 997 878 administrandi
1012 838 1193 879 Societa-

226 904 284 938 tes
294 923 310 947 ,
320 896 361 936 δι
382 891 756 937 confraternitates
780 892 1076 950 praescripseri13
1091 894 1192 939 licet

226 951 872 1055 33555‘12'122‘2333'5323
876 951 1188 1055 «12,ἶέἳέωὲἓί

1090 1041 1105 1063 Ξ

224 1084 302 1126 que
315 1069 462 1120 etiam,
479 1081 527 1114 ut
546 1070 824 1124 cogitaverat,
836 1072 947 1113 eirca
962 1071 1182 1125 Indulgen-

223 1130 298 1171 tias
311 1127 334 1171 i
375 1125 557 1187 lerisque
585 1129 776 1172 Romanis
801 1128 1063 1174 Pontificibus
1088 1130 1190 1172 Prae·

222 1188 324 1230 dece
353 1188 496 1230 oribus
519 1213 536 1237 ,
566 1187 877 1242 Religionibus,
902 1189 942 1230 δι
964 1187 1190 1231 Ordinibus

222 1244 453 1288 Monasticis
472 1273 487 1294 ,
499 1248 541 1288 δι
554 1246 879 1290 Mendicantibus
902 1245 1072 1290 diverfis
1085 1256 1188 1291 tem·

223 1305 391 1361 poribus
420 1303 623 1349 conceffas
636 1305 791 1362 aliquid
805 1305 1035 1349 deliberare
1047 1316 1192 1362 potue·

224 1365 282 1406 rit
293 1391 306 1404 .
322 1364 513 1419 Nos‚qui
525 1365 647 1408 nullis
666 1364 813 1408 nostris
826 1364 980 1407 meritis
1002 1363 1094 1414 ,sed
1108 1365 1191 1408 sola

227 1421 305 1465 Dei
317 1421 567 1477 benignitate
586 1422 640 1466 ad
662 1417 801 1465 summi
826 1421 1084 1479 Apostolattis
1104 1421 1194 1466 offi-

227 1481 336 1524 cium
352 1481 485 1523 vocati
500 1480 630 1523 sumus
645 1506 661 1530 ,
675 1478 895 1538 sulceptum
907 1482 931 1526 a
944 1490 1062 1526 tanto
1076 1482 1186 1524 Pon·

228 1536 339 1582 tifice
363 1539 477 1596 pium
503 1539 582 1583 boc
606 1553 726 1595 opus.
741 1541 791 1582 ad
804 1541 1007 1595 optimum
1037 1537 1193 1584 finem..

231 1596 459 1650 perducere
482 1597 719 1651 cupientes,
737 1595 807 1637 ubi
835 1596 1009 1650 primum
1035 1595 1192 1636 Catho-

232 1657 318 1699 licae
332 1654 528 1697 EcclelIoe
540 1652 717 1706 regimen
729 1650 965 1707 suscepimus
975 1678 990 1702 ‚
1015 1652 1195 1695 Venera-

233 1712 377 1756 bilibus
409 1709 623 1754 Fratribus
646 1709 792 1752 nostris
805 1712 846 1753 S.
863 1711 914 1752 R.
930 1712 981 1754 E.
994 1711 1194 1759 Cardina·

231 1770 337 1812 libus
349 1767 400 1812 ad
416 1770 500 1812 boe
513 1780 617 1825 opus
628 1769 654 1813 a
668 1768 783 1812 dieto
794 1768 1018 1815 Clemente
1036 1770 1196 1815 Praede-

228 1825 379 1872 ceffore
402 1827 628 1884 deputatis,
640 1827 694 1872 de
705 1841 881 1885 quotum
894 1843 1078 1880 numero,
1091 1840 1199 1874 tem-

227 1901 328 1954 pore
339 1887 457 1942 ipfius
469 1885 693 1930 Clementis
701 1885 1001 1932 Praedecefforis
1018 1901 1193 1944 eramus,

231 1945 479 2002 injunximus
493 1972 510 1997 ,
539 1953 585 1986 ut
602 1944 644 1987 in
656 1943 735 1988 illo
760 1957 885 1999 opere
899 1946 949 1991 ad
964 1946 1195 1993 ulteriora..

225 2001 579 2062 progrederentur
591 2029 609 2053 ,
622 2004 662 2044 dr
676 2002 958 2056 lndulgentias
978 2006 1197 2060 Regulari-

233 2066 307 2105 bus
320 2060 517 2103 conceffis
531 2059 872 2113 recognoscerent
882 2085 897 2109 2
927 2058 1053 2117 iisque
1083 2076 1198 2106 reco-

234 2119 354 2176 gnitis
379 2131 463 2160 rem
487 2116 697 2159 nobiscum
710 2117 1081 2163 communicarent.

274 2181 382 2220 Cum
400 2177 535 2232 itaque
548 2169 706 2231 praefati
718 2175 963 2222 cardinales
974 2178 1200 2235 privilegia,

229 2233 538 2286 c6celliones,&
549 2235 698 2289 gratias
714 2234 1202 2295 predictisReligionibus

231 2297 269 2339 ἃ
297 2294 522 2337 Ordinibus
553 2294 758 2337 conceffas
787 2294 1011 2350 diligenter
1023 2296 1201 2352 inspexe-

234 2356 314 2398 rint
332 2382 347 2406 ,
359 2354 399 2396 δι
412 2351 754 2402 examinaverint,
766 2366 814 2395 ac
833 2354 1059 2398 eorundem
1075 2356 1200 2399 Ordi-

237 2426 334 2457 num
349 2411 593 2468 Superiores
607 2411 645 2453 ἃ
659 2410 862 2454 Officiales
876 2412 1024 2468 pluries
1037 2413 1201 2458 audive*

231 2472 313 2516 rint
325 2497 341 2522 ‚
371 2485 417 2514 ac
431 2470 542 2515 circa
572 2467 734 2515 easdem
760 2469 1042 2527 Indulgentias
1058 2473 1200 2518 varia„

233 2530 359 2574 dubia
373 2555 389 2577 ,
404 2530 447 2572 dc
461 2528 795 2581 incertitudines,
807 2530 849 2571 dt
860 2529 1112 2575 consufiones
1126 2532 1198 2574 ad·

237 2587 314 2631 ess'e
329 2586 602 2642 compererint
613 2612 628 2636 ,
642 2588 681 2630 δι
698 2601 748 2631 ex
759 2587 914 2643 judicio
926 2588 1203 2632 eorumdem..-

243 2646 367 2689 et'tam
396 2643 666 2701 Regularium
678 2671 695 2696 ‚
723 2645 786 2690 vel
801 2645 1034 2703 aliquorum
1058 2658 1108 2690 ea
1120 2646 1203 2689 illis

237 2701 371 2748 Nobis
387 2702 668 2759 proposuerint
684 2704 803 2747 valde
814 2704 1024 2759 expedire,
1045 2718 1120 2761 pro
1131 2718 1203 2748 eo-

241 2774 332 2807 rum
354 2759 496 2827 majori
508 2761 729 2804 securitate
744 2787 761 2812 ,
773 2763 815 2804 δι
827 2760 1023 2808 beneficio
1036 2790 1051 2815 ,
1077 2773 1121 2807 ut
1138 2764 1206 2807 ln·

243 2819 471 2876 dulgenttas
495 2817 585 2877 ipsis
600 2818 885 2877 Religionibus
898 2849 913 2874 ,
924 2822 964 2864 δι
980 2821 1204 2868 Ordinibus

242 2879 292 2923 ad
308 2877 427 2922 inllar
439 2905 455 2931 ,
475 2880 544 2921 vel
572 2890 643 2934 per
668 2878 1077 2926 communicationem
1090 2908 1106 2931 ,
1134 2890 1204 2924 aut

241 2938 325 2983 alio
338 2934 465 2980 modo
480 2934 669 2981 sancum
680 2932 879 2980 conccss'as
890 2939 1207 2990 annullaremus,

244 2998 285 3041 ἅ
305 3006 613 3044 revocaremus,
634 3006 682 3037 ac
710 2993 809 3039 alias
829 2997 1096 3053 particulares
1121 2998 1204 3044 illis

244 3052 578 3099 concederemus.
591 3054 695 3104 Nos,
706 3063 862 3098 matura
886 3055 1003 3116 super
1017 3059 1097 3102 hoc
1107 3071 1209 3102 con-

245 3113 466 3157 sultatione
484 3112 927 3170 prehabita,cupientes
939 3115 1116 3175 perlbnis
1133 3118 1208 3162 Re.

245 3172 455 3230 gularibus
486 3168 791 3229 quibuscunque
817 3176 1054 3231 quorumvis
1081 3176 1210 3222 Ordi-

240 3246 354 3280 num,
368 3241 451 3274 tam
468 3230 805 3282 Monallicorum,
834 3235 954 3290 quim
977 3235 1215 3280 Mendican·

246 3292 347 3333 tium
364 3289 387 3331 s
408 3288 569 3333 irituale
582 3288 771 3335 solatium
784 3316 800 3342 ‚
827 3292 1071 3350 &juvamen
1095 3291 1211 3338 affer·

249 3363 317 3400 re,
333 3349 371 3391 in
393 3344 602 3402 raseriptas
625 3349 934 3407 indulgentias,
964 3354 1005 3397 ec
1056 3351 1205 3407 ratias,

248 3421 345 3463 quas
374 3405 553 3462 personis
583 3406 856 3466 Regularlbus
885 3410 991 3457 intra
1005 3426 1028 3456 c
1047 3412 1180 3457 austra
1194 3443 1211 3466 ,

247 3476 472 3530 autenm,
492 3466 764 3512 cumlieentia
791 3479 926 3516 tamen
957 3474 1117 3517 morum
1129 3474 1207 3517 Su·

248 3535 453 3590 pernotum
467 3553 482 3577 ,
498 3523 678 3583 legitima
701 3526 755 3573 de
774 3529 890 3573 causa
914 3529 996 3574 illis
1010 3528 1211 3585 concessa,

246 3582 484 3638 degentibus
499 3612 514 3636 ,
528 3586 817 3633 tantummodo
841 3586 1045 3648 suffragari
1057 3588 1209 3637 debere

244 3638 491 3685 deelaramtn
503 3669 518 3694 ,
530 3645 810 3690 concedendas
824 3645 1012 3694 duximus
1023 3679 1038 3693 .

275 3701 496 3768 ‘mnibus
512 3701 633 3757 igitur
648 3704 1075 3767 Chrissilidelibus‚qui
1089 3721 1212 3753 cano-

243 3758 335 3804 nice
350 3759 390 3824 dt
402 3758 511 3828 justi
525 3760 691 3804 ordines
708 3764 1212 3824 cuiuslibetReligionissst

235 3817 558 3865 Coulltsuttones
572 3819 821 3876 Apostolicas
837 3825 1203 3881 Habitum-guture

886 152 1045 289 Sub
1114 200 1356 290 Paulo
1424 206 1527 293 V.

1247 369 1271 409 a
1286 366 1475 421 legitimis
1489 364 1772 421 Superioribus
1798 359 1914 405 causti
1928 358 2148 417 profitendi
2166 357 2206 399 in

1239 426 1314 467 illo
1326 422 1571 480 lusccperint
1584 450 1599 473 ,
1616 429 1683 465 dte
1699 426 1831 477 primo
1848 434 1990 463 eorum
2006 416 2204 475 ingressus

1245 482 1767 586 Zssssssffffifflifliifflffi
1788 479 2203 582 {5533535223233

1240 611 1427 657 ,mentum
1442 600 1676 658 sumpserint
1690 625 1705 647 s
1731 596 1987 646 Plenariam;
2017 599 2074 636 Ac
2089 594 2207 638 cuili-

1247 662 1318 705 bet
1333 662 1508 705 Novitio
1518 663 1614 716 ,qui
1633 657 1837 714 poenitens
1860 654 1899 694 &
1912 650 2104 695 confeffus
2116 679 2131 702 ,
2161 666 2209 696 ac

1246 721 1354 763 sacra
1376 719 1674 763 Communione
1702 712 1890 763 refectus,
1906 709 1993 765 post
2023 712 2207 766 comple·

1246 789 1333 820 tum
1356 778 1613 835 probationis
1627 786 1795 822 annum,
1810 767 2093 827 profeffionem
2108 771 2212 811 emi-

1247 835 1340 880 serit
1351 862 1367 885 ,
1397 838 1520 879 etiam
1551 833 1806 884 Plenariam3
1834 833 2005 873 Necnon
2036 825 2210 871 cuilibet

1250 894 1456 953 Religioso
1485 897 1588 938 intra
1614 891 1784 936 claustra
1809 887 1866 930 sui
1893 885 2122 930 Monasterii
2150 889 2213 928 vi-

1250 957 1363 998 venti
1389 982 1404 1006 ,
1429 955 1496 1010 qui
1520 955 1560 996 in
1585 950 1685 994 festo
1710 945 1934 1006 principali
1960 946 2014 989 sui
2043 945 2210 988 Ordinis

1247 1012 1443 1058 confeflus
1472 1014 1512 1055 &
1545 1010 1655 1053 sacra
1701 1004 2004 1052 communione
2036 1004 2210 1046 refectus

1243 1071 1371 1117 fixerit
1382 1098 1396 1120 ,
1408 1082 1473 1112 aut
1489 1067 1641 1112 Miffam
1654 1069 1852 1117 recitans,
1867 1078 1943 1121 pro
1956 1062 2216 1106 Christiano-

1248 1146 1338 1174 rum
1353 1130 1591 1186 Principum
1606 1125 1829 1170 concordia
1843 1151 1859 1176 ,
1887 1120 2077 1167 haeresum
2088 1121 2217 1165 extir-

1250 1191 1415 1246 patione
1430 1219 1446 1241 ,
1462 1187 1637 1232 Romani
1652 1182 1858 1228 Pontificis
1871 1181 2000 1225 salute
2011 1209 2026 1234 ,
2054 1195 2103 1224 ac
2116 1184 2215 1225 san-

1249 1254 1318 1293 6}ae
1352 1249 1498 1293 Matris
1528 1244 1723 1291 Ecclefiae
1749 1241 2014 1287 exaltatione-
2043 1241 2129 1296 pias
2159 1237 2215 1280 ad

1250 1310 1383 1352 Deum
1406 1321 1553 1365 preces
1566 1301 1780 1348 effuderint
1790 1330 1804 1352 ,
1827 1299 1951 1344 etiam
1965 1298 2218 1349 Plenariam3

1251 1370 1300 1411 ln
1314 1366 1536 1425 cujuslibet
1552 1362 1654 1407 vero
1666 1361 1809 1404 mortis
1828 1357 2004 1401 articulo
2014 1387 2032 1410 ,
2062 1357 2087 1401 fi
2115 1356 2219 1413 pari-

1251 1435 1316 1470 ter
1342 1425 1439 1469 vere
1468 1424 1673 1481 poenitens
1699 1421 1741 1462 δι
1771 1414 1968 1462 confelsus
1990 1443 2006 1466 ,
2035 1430 2081 1459 ac
2107 1415 2219 1458 (acra

1247 1484 1546 1528 Communione
1564 1478 1764 1526 refeaus,
1795 1476 1863 1519 vel
1873 1485 2074 1531 quatenus
2089 1475 2131 1516 id
2158 1471 2221 1514 fa-

1255 1556 1347 1584 cere
1377 1537 1610 1596 nequiverit
1637 1563 1662 1586 „
1678 1535 1817 1577 saltem
1845 1533 2050 1575 contritus
2071 1542 2219 1574 nomen

1243 1599 1335 1654 Jetir
1351 1611 1422 1641 ore
1439 1625 1452 1647 ,
1467 1598 1493 1638 fi
1509 1593 1689 1652 potuerit
1702 1619 1718 1644 ,
1741 1590 1791 1634 tin
1806 1599 1940 1634 autem
1955 1589 2084 1634 corde
2098 1617 2114 1642 ,
2144 1588 2221 1632 de-

1254 1655 1353 1699 vote
1386 1651 1667 1701 invocaverit,
1693 1651 1818 1694 etiam
1848 1648 2100 1694 Plenariam.
2131 1645 2222 1703 Qui

1255 1714 1354 1758 vero
1373 1713 1424 1756 ad
1454 1708 1774 1766 Presbyteratfis
1789 1708 1979 1752 ordinem
2017 1705 2222 1751 canonice

1254 1782 1467 1828 promotus
1497 1772 1539 1813 δι
1553 1766 1748 1812 confefl'us
1774 1767 1942 1824 primam
1971 1763 2125 1809 Miffam
2152 1777 2223 1807 ce·

1256 1831 1433 1877 lebrabit
1450 1863 1465 1885 ,
1497 1842 1653 1873 necnon
1669 1829 1793 1872 etiam
1809 1825 1855 1869 iis
1877 1824 2120 1881 Religiolis,
2149 1823 2222 1880 qui

1256 1891 1410 1948 pariter
1435 1886 1602 1933 conseffi
1616 1917 1631 1940 ,
1644 1901 1690 1930 ac
1715 1885 1826 1929 sacra
1844 1883 2142 1927 communione
2158 1895 2223 1924 re-

1257 1950 1346 1994 fecti
1361 1949 1495 1993 eidem
1515 1943 1635 1989 Milsoe
1651 1941 1910 1988 interfuerint
1924 1968 1939 1992 ,
1965 1950 2034 1983 aut
2050 1939 2136 1996 ipso
2151 1939 2221 1982 die

1259 2006 1413 2052 Missam
1429 2004 1607 2047 (imiliter
1619 2002 1887 2046 celebrabunt
1898 2031 1915 2054 ‚
1932 1999 2055 2045 etiam
2069 1997 2216 2042 Plena·

1258 2066 1382 2118 riam;
1411 2064 1463 2106 lis
1478 2063 1596 2113 vero,
1612 2063 1680 2118 qui
1709 2061 1762 2104 de
1773 2059 1934 2103 suorum
1955 2058 2226 2115 superiorum

1263 2123 1427 2167 licentia
1442 2123 1462 2165 i
1479 2121 1652 2177 negotiis
1679 2135 1752 2177 per
1775 2119 1919 2163 decem
1946 2119 2033 2162 dies
2048 2116 2168 2161 alieni
2185 2116 2227 2159 in

1262 2182 1382 2227 Cella
1393 2180 1756 2224 commorabuntur
1765 2207 1781 2231 ,
1790 2188 1862 2223 aut
1873 2178 1926 2222 ab
1937 2177 2112 2222 aliorum
2126 2189 2228 2219 con-

1263 2238 1487 2284 versatione
1501 2238 1670 2294 separati
1685 2238 1725 2280 in
1742 2238 1903 2293 piorum
1933 2236 2129 2280 librorum
2147 2262 2162 2286 ‚
2186 2234 2228 2276 δε

1263 2298 1436 2341 aliarum
1459 2308 1599 2340 rerum
1626 2294 1895 2352 spiritualium
1918 2293 2070 2338 animos
2082 2292 2134 2335 ad
2147 2291 2223 2334 de·

1262 2358 1474 2400 votionem
1489 2384 1504 2407 ,
1517 2356 1559 2397 δι
1579 2354 1761 2411 spiritum
1786 2352 2064 2398 inducentium
2090 2350 2226 2396 lenio.

1260 2415 1377 2459 nibus
1388 2426 1554 2472 operam
1568 2413 1674 2455 suam
1689 2410 1882 2455 dederint
1892 2435 1908 2459 ,
1928 2409 2117 2455 addendo
2128 2408 2229 2465 supe

1259 2473 1668 2518 considerationes&
1696 2470 1981 2515 meditationes
2020 2467 2229 2523 mysterio-

1260 2546 1353 2576 rum
1366 2531 1458 2576 fidei
1477 2530 1704 2575 Catholicae
1719 2555 1735 2580 ,
1761 2530 2085 2584 divinorumque
2098 2527 2228 2570 bene-

1261 2589 1446 2633 ficiorum
1459 2616 1474 2640 ,
1491 2598 1669 2645 quatuor
1689 2587 2025 2636 Noviflimorum,
2038 2584 2228 2630 Paflionis

1263 2645 1428 2692 Domini
1456 2644 1691 2703 Nostrijesu
1706 2645 1857 2689 Cbrilll
1870 2669 1885 2693 ,
1911 2645 1954 2687 dc
1967 2642 2144 2688 aliorum
2160 2655 2229 2687 ex·

1265 2706 1506 2752 ercitiorum
1517 2730 1534 2755 ‚
1547 2705 1778 2748 orationum
1795 2699 2146 2759 jaculatoriarum,
2155 2709 2230 2743 aue

1267 2765 1471 2809 vocalium
1491 2761 1635 2807 saltem
1651 2776 1726 2819 per
1741 2761 1840 2805 duas
1855 2761 1973 2805 boras
1986 2760 2027 2803 in
2041 2759 2152 2803 diem
2165 2760 2231 2812 ,ἃ

1266 2826 1422 2870 noctem
1450 2821 1705 2866 orationibus
1730 2818 1976 2864 mentalibus
2010 2816 2088 2862 sese
2109 2831 2227 2865 exer·

1266 2882 1424 2932 cendo,
1450 2879 1636 2926 faciendo
1647 2879 1793 2924 eodem
1817 2888 2003 2935 tempore
2014 2874 2224 2921 confertio-

1264 2955 1358 2987 nem
1370 2939 1602 3000 generalem
1612 2968 1628 2992 ,
1643 2948 1714 2983 aut
1730 2936 1941 2982 annualem
1955 2965 1971 2990 ,
1986 2934 2049 2980 vel
2062 2935 2233 2984 ordina·-

1268 3002 1372 3047 riam
1388 3026 1404 3052 ,
1418 2997 1704 3044 Sant‘tlllimum
1719 2995 1979 3042 Eucharillioe
1989 2995 2232 3040 sacrmen-

1270 3071 1360 3106 tum
1376 3056 1612 3115 sumpserint
1626 3086 1640 3110 ,
1654 3066 1722 3102 aut
1744 3055 1897 3100 Mill'am
1912 3054 2228 3104 celebraverint,

1270 3119 1431 3178 quoties
1463 3131 1542 3173 pro
1558 3117 1744 3175 quolibet
1771 3114 2055 3187 predictorum
2071 3112 2229 3160 enerci-

1274 3180 1428 3224 tiorum
1436 3176 1683 3228 ,Plenas-iam
1699 3175 1881 3219 limtliter
1891 3173 2072 3218 omnium
2138 3183 2229 3215 cca-

1273 3249 1411 3282 torum
1428 3235 1584 3280 suorum
1595 3233 1898 3293 indulgentiam
1911 3233 1953 3277 dt
1963 3184 2228 3277 rentiam

1270 3294 1593 3341 misericorditer
1608 3296 1648 3339 in
1664 3294 1842 3338 Domino
1850 3288 2229 3338 concedimus-Dra-

1266 3366 1376 3401 terea
1391 3352 1710 3412 lidemReligloli
1724 3353 1832 3396 intra
1845 3347 2017 3397 claustra
2027 3345 2225 3400 viventes,

1269 3415 1338 3474 qui
1353 3417 1456 3461 susm
1472 3413 1694 3459 Eccleliam
1716 3402 1870 3459 devort
1893 3404 2141 3451 vilitaverint
2157 3434 2172 3459 ‚
2187 3408 2229 3450 Gr

1269 3485 1313 3519 ut
1329 3471 1551 3531 prefertur,
1562 3470 1797 3523 oraverint,
1823 3463 2120 3523 consuuntur
2140 3466 2230 3510 eas·

1271 3533 1368 3578 dem
1386 3529 1667 3591 tndulgentm
1677 3557 1695 3584 ,
1707 3539 1806 3588 quas
1822 3524 2023 3570 visitantes
2036 3523 2229 3569 Ecclelias

1270 3592 1396 3638 Urbis
1408 3620 1424 3646 ‚
1441 3592 1483 3636 δι
1497 3601 1615 3636 extra
1627 3600 1716 3634 eam
1726 3583 1870 3630 diebus
1884 3583 2115 3629 stationum
2128 3596 2228 3627 con-

1273 3651 1498 3710 sequuntur
1511 3676 1525 3702 ,
1541 3649 1580 3694 ln
1594 3644 1778 3692 omnibus
1802 3643 1942 3689 diebus
1957 3671 1970 3694 ,
1999 3641 2168 3700 perinde
2180 3655 2227 3686 ac

1272 3710 1297 3754 fi
1324 3709 1423 3768 ipsas
1451 3707 1574 3754 Urbis
1601 3703 1798 3750 Ecclestas
1815 3702 2077 3759 personaliter
2094 3701 2229 3746 vilita-

1274 3779 1389 3814 rent.
1420 3764 1618 3809 Omnibus
1645 3763 1741 3807 item
1758 3761 1966 3819 Religiolis
1992 3762 2096 3806 intra
2109 3759 2225 3804 clau-

1262 3827 1402 3876 θηρὶ
1417 3822 1796 3880 supra,vlventibus,
1808 3823 1871 3879 qui
1894 3820 2225 3886 quinquies'Ora-

2091 3888 2170 3921 1¹0·
