2444 4192
291 207 393 287 30

778 180 939 270 Sub
1012 179 1451 270 Alexandro
1516 179 1558 266 I
1582 181 1681 273 V.

284 346 323 393 ξ.
337 357 380 398 4.
438 340 555 386 Hanc
570 339 823 398 postmodum
842 340 1213 397 Religionem,Ma.
1271 340 1319 384 fit
1332 339 1510 392 fortior,
1536 340 1686 384 nudum
1702 336 1827 381 solum
1843 365 1857 390 ,
1871 338 1921 380 ’δι
1935 334 2138 380 interdum
2165 332 2246 376 str-

218 414 291 448 τει-
304 403 391 460 ejus
406 402 639 445 Hortulana
658 401 835 452 nomine,
852 402 928 456 piis
939 402 1096 443 intenta
1110 415 1213 458 ope·

221 463 336 508 ribus
347 491 365 514 ‚
382 463 499 514 ipfius
513 465 630 505 Natae
643 459 847 516 sequendo
860 460 1026 516 vestigia
1050 458 1205 502 devote

226 522 402 578 suscepit
412 550 428 572 ‚
449 521 489 563 in
507 535 588 577 qua
599 520 765 562 demum
778 520 862 561 haec
875 520 1030 575 optima
1044 521 1205 562 Hortu-

223 582 345 630 lana,
366 594 452 636 quae
466 580 506 621 in
521 582 658 623 Horto
684 578 905 621 Dominico
933 578 1107 632 protulit
1134 587 1198 619 ta-

224 641 308 684 lem
322 640 502 697 plantam
519 667 536 690 ,
560 636 761 680 conclufit
774 636 951 678 feliciter
971 634 1059 678 dies
1088 635 1175 678 suos
1189 661 1201 674 .

221 701 317 744 Pon
331 700 488 755 aliquos
500 698 599 739 vero
621 710 747 738 annos
761 723 776 745 ‚
788 694 870 749 ipsa
882 696 927 735 B·
942 692 1068 736 Clara
1082 721 1097 744 ‚
1112 698 1205 737 Mo·

220 760 381 802 nassei-ii
392 787 406 808 ‚
417 757 459 797 δε
477 755 658 797 sororum
673 754 852 810 regimen
864 779 880 804 ,
889 752 1010 795 nimia
1023 751 1204 808 ejusdem

217 823 263 863 s.
281 814 481 860 francisci
500 814 659 854 det-ieta
673 812 968 867 impotunitate
984 838 1000 861 2
1016 811 1174 866 recepit
1188 838 1200 849 .

277 878 316 926 §-
333 889 358 923 5
379 877 476 917 Haee
509 872 647 927 utique
675 869 753 912 suit
783 871 905 913 arbor
935 882 1107 923 procera
1119 897 1134 920 ,
1161 869 1201 909 ὃ(

215 939 401 980 eminens
416 959 430 981 ,
449 930 579 985 longis
606 924 776 972 distenss
792 931 932 980 ramis,
949 942 1035 983 quae
1047 930 1088 969 in
1104 940 1204 980 agro

220 993 411 1037 Ecclesiae
422 987 587 1030 dulcem
602 986 779 1030 fructum
793 987 1021 1043 Religionis
1040 985 1202 1034 attulit,

221 1055 264 1095 δι
276 1054 325 1095 ad
338 1047 451 1102 cujus
475 1045 758 1088 delectabilem
770 1046 957 1088 umbram
972 1073 987 1096 ,
1001 1047 1070 1086 sub
1095 1042 1205 1084 illius

220 1108 462 1153 amoenitate
517 1103 691 1146 fructum
739 1101 969 1155 hujusmodi
1020 1103 1204 1144 libatura

220 1172 514 1212 concurrerunt
529 1162 709 1214 undique
725 1159 862 1201 muitae
878 1160 1046 1203 alumna
1058 1158 1202 1210 Fidei,

220 1231 260 1270 &
274 1229 548 1269 concurrunt.
564 1221 660 1261 Haec
679 1214 755 1260 fuit
772 1230 875 1259 nova
902 1218 1055 1260 Mulier
1072 1217 1203 1260 Vallis

220 1285 559 1339 Spoletanae,quae
571 1290 721 1319 novum
732 1291 843 1332 aquae
869 1274 1005 1317 vitalis
1028 1277 1203 1328 fontem,

221 1342 272 1385 ad
303 1339 562 1382 refectionem
588 1336 812 1377 animarum
825 1361 840 1383 ‚
870 1334 912 1376 δι
939 1334 1201 1377 commodum

218 1397 448 1457 propinavit
468 1423 485 1446 ‚
503 1394 574 1450 qui
597 1393 675 1450 jam
703 1407 775 1448 per
801 1392 984 1437 diversos
1016 1394 1201 1447 rivulos,

221 1464 262 1503 in
280 1456 553 1501 Territorium
571 1452 752 1496 Ecclefiae
775 1451 985 1496 derivatus
998 1478 1014 1500 s
1033 1456 1201 1497 Planta-

218 1519 279 1560 ria
299 1515 529 1572 Religionis
545 1507 693 1555 infudit
708 1540 720 1554 .
749 1513 845 1555 Haec
862 1511 938 1555 fuit
953 1512 1082 1557 altum
1098 1518 1202 1558 sm-

216 1577 365 1618 aitaris
385 1572 688 1616 caudelabrum
700 1597 717 1621 ‚
743 1573 1008 1616 vehementer
1026 1574 1066 1616 in
1083 1573 1198 1615 babi-

220 1634 361 1678 taculo
372 1632 539 1675 Domini
554 1631 727 1675 rutilans
739 1658 754 1682 ,
784 1632 836 1674 ad
853 1630 967 1687 cujus
990 1632 1197 1690 ingentem

213 1692 470 1751 splendorem
485 1691 667 1747 plurimae
681 1700 1033 1748 properaverunt,
1046 1694 1087 1734 δι
1099 1706 1195 1749 pro-

218 1763 394 1810 perant,
410 1749 496 1794 suas
512 1749 565 1791 de
582 1750 692 1792 iliius
719 1750 872 1794 lumine
897 1750 1103 1807 lampades
1124 1765 1193 1794 ae·

217 1813 440 1858 cendentet
453 1840 465 1852 .
482 1811 577 1853 Haec
592 1806 776 1865 profecte,
789 1812 829 1853 in
841 1823 944 1866 agro
955 1812 1068 1854 Fidei
1080 1810 1196 1865 plan·

216 1874 319 1917 tavit
337 1901 352 1922 ,
367 1874 409 1916 δι
426 1869 557 1912 coluit
573 1869 739 1914 vineam
753 1870 1003 1927 paupertatis
1018 1896 1033 1920 ,
1051 1872 1104 1914 de
1117 1884 1195 1927 qua

218 1931 366 1976 fruetus
380 1929 515 1973 salutis
531 1928 699 1987 pingues
714 1959 731 1983 ,
757 1930 798 1973 δι
814 1929 965 1973 divites
991 1929 1195 1988 colligun-

215 2001 284 2036 tur
296 2024 307 2034 .
334 1994 428 2035 Haec
446 1991 485 2034 in
501 1990 653 2049 praedio
679 1988 964 2035 Ecclefiasticae
990 1990 1197 2033 humilita-

213 2054 267 2096 tis
286 2054 448 2094 bortum
459 2051 667 2094 constituit
678 2077 694 2101 ,
707 2049 925 2106 multiplici
939 2063 1074 2093 retum
1094 2065 1196 2094 con-

216 2111 366 2155 sertum
384 2110 518 2167 inopia
532 2137 548 2161 ‚
576 2110 617 2153 in
628 2123 708 2166 quo
727 2123 870 2166 magna
891 2108 1089 2151 virtutum
1118 2123 1193 2148 eo·

209 2172 277 2227 pia
307 2170 538 2225 reperitur.
570 2170 665 2208 flac
682 2169 724 2207 in
742 2164 973 2218 Religionis
990 2161 1193 2204 distri-ictu

209 2241 344 2272 arcem
354 2229 470 2269 arcta:
483 2223 731 2267 abstinentie
739 2219 1012 2270 fabricavit‚iu
1024 2233 1105 2271 qua
1117 2219 1194 2260 lar·

206 2302 259 2343 ga
276 2279 710 2339 spiritualis-timont:
727 2273 896 2314 refectio
911 2272 1161 2313 ministratur
1178 2295 1193 2310 .

207 2345 309 2385 Haec
325 2338 400 2381 suit
414 2344 638 2392 pauperum
655 2330 888 2375 primiceria
902 2356 917 2378 a
943 2327 1101 2374 Duciffa
1115 2329 1192 2371 hu-

206 2398 367 2443 milium
390 2425 406 2448 ,
433 2392 621 2449 Magistra
649 2391 1030 2440 continentium,&
1055 2388 1190 2446 poeni·

207 2459 384 2504 tentium
399 2448 604 2496 Abbanna
617 2477 629 2491 .
642 2451 739 2492 Haec
754 2449 865 2493 suum
882 2450 1188 2503 Monasterium,

207 2518 482 2572 ereditamque
498 2514 536 2554 in
553 2510 629 2554 illo
643 2509 713 2552 libi
737 2506 929 2553 familiam
944 2536 959 2562 ‚
983 2507 1188 2562 sollicite,

206 2575 486 2634 &prudenter
512 2571 551 2614 in
580 2570 727 2612 timore
751 2582 798 2612 te
823 2566 987 2613 servitio
1003 2568 1186 2621 Domini,

207 2640 251 2680 δι
275 2635 393 2691 pleiz
418 2630 586 2675 Ordinis
624 2628 880 2673 observantia
940 2628 1184 2682 ubernavit‚

210 2696 309 2752 vigil
340 2695 379 2736 in
410 2705 504 2734 cura
531 2718 546 2742 ,
578 2691 617 2732 in
643 2687 865 2733 Ministerio
904 2642 1075 2734 fludiosa
1102 2716 1118 2742 ,
1146 2689 1189 2731 in

207 2751 493 2798 exhortatione
508 2760 682 2800 attenta,
692 2747 867 2807 diligent
882 2747 922 2792 in
946 2747 1191 2792 admonitio·

209 2830 285 2863 nc,
305 2809 608 2856 incorrectione
648 2806 887 2860 moderata,
903 2819 1127 2866 temperata
1152 2808 1192 2851 in

207 2873 472 2931 ,πατρωίη
487 2865 753 2924 compallione
767 2866 1191 2924 prestabiliqdiscreta

209 2935 250 2976 in
267 2931 425 2974 {ilentio
443 2943 459 2983 ·,
489 2930 527 2971 in
545 2930 723 2970 sermone
739 2938 894 2971 matura
912 2956 926 2981 ,
946 2929 987 2972 δι
1012 2926 1191 2972 consulta

207 2993 248 3035 in
263 2990 412 3035 cunetis
429 3018 443 3040 ,
478 2987 528 3030 ad
545 2986 762 3044 perfec-lum
777 2987 973 3045 Regimen
989 2998 1190 3045 opportu-

206 3052 298 3103 nit,
325 3049 460 3092 volent
478 3048 602 3103 magii
618 3044 806 3089 famul-iri
822 3076 836 3099 ,
864 3047 980 3104 quam
1003 3047 1190 3091 domina-

206 3113 273 3162 ri,
293 3111 333 3152 δι
348 3109 551 3151 honorare
563 3105 725 3162 potins,
746 3110 869 3163 quim
882 3107 1033 3150 bonore
1049 3104 1190 3151 sullol·

211 3169 263 3213 li.
290 3165 413 3220 linitis
441 3169 523 3211 vit·
541 3175 629 3210 erat
645 3163 735 3208 aliis
748 3165 962 3218 eruditio,
984 3164 1190 3210 &doetri-

208 3245 284 3272 ni.
310 3230 356 3271 ln
377 3230 451 3269 hoc
469 3228 576 3270 libro
605 3225 724 3273 witz,
753 3237 909 3268 caeterae
938 3224 1102 3269 vivendi
1121 3239 1186 3270 re·

202 3289 339 3345 gulam
353 3287 583 3330 didicerunt
598 3314 609 3325 .
638 3286 682 3327 ln
700 3285 774 3326 hoc
793 3285 883 3327 vite
896 3283 1059 3341 speculo
1079 3313 1095 3339 ,
1120 3298 1186 3329 re·

205 3351 319 3403 lique
334 3347 422 3388 vite
440 3345 594 3388 stmitai
621 3340 825 3399 inspexere
841 3373 850 3384 .
864 3346 1052 3400 Corpore
1078 3357 1186 3388 nim-

207 3422 283 3463 que
301 3405 452 3449 sinebit
470 3406 507 3447 in
533 3414 641 3446 terra
667 3431 681 3454 ,
709 3401 774 3445 sed
799 3403 935 3446 animo
952 3404 1186 3449 versabatur

207 3470 246 3507 in
261 3465 413 3516 (ζα-104
439 3461 679 3507 humilitatis
696 3459 903 3505 vasculum
917 3490 932 3514 ,
952 3465 1183 3507 armarium

212 3525 404 3566 callium
430 3550 445 3573 ‚
469 3520 680 3565 charitatis
705 3519 826 3563 ardor
842 3548 856 3572 ‚
881 3520 1029 3563 dulcor
1074 3522 1183 3566 beni·

235 3582 371 3624 nitatis
388 3609 402 3632 ,
419 3581 620 3633 patientie
646 3580 766 3624 robur
781 3605 795 3629 ‚
827 3593 947 3622 nexus
978 3581 1086 3635 picit
1102 3610 1116 3633 ,
1145 3582 1185 3624 dt

205 3596 492 3684 similiarium
515 3640 750 3684 communio
771 3651 788 3694 ᾗ
818 3638 928 3682 mitit
961 3639 999 3682 in
1027 3641 1153 3683 verbo
1169 3670 1183 3692 ,

206 3699 305 3744 lenit
335 3711 374 3739 in
405 3694 537 3748 sacto.
562 3699 600 3738 δι
630 3700 670 3740 in
698 3698 884 3741 omnibus
902 3698 1084 3742 amabilit
1103 3729 1116 3750 ,
1143 3702 1184 3742 dt

205 3766 370 3812 recepta
388 3782 400 3796 .
431 3756 481 3798 lit
500 3768 540 3796 ut
571 3770 690 3797 cunc
718 3756 902 3811 dmum
930 3757 1188 3803 convalesce-

204 3828 268 3864 ret
283 3815 423 3875 spiritu
443 3842 458 3868 ‚
472 3828 554 3872 quo
570 3814 733 3874 quisque
751 3817 856 3860 holle
872 3816 940 3860 suo
954 3817 1187 3870 debilitato,

1272 410 1407 444 menta
1422 412 1496 455 pro
1524 398 1629 442 lecto
1656 399 1854 446 habebat,
1875 399 1913 439 &
1939 410 2017 453 pro
2044 391 2242 448 pulvinari

1265 459 1335 502 sub
1348 460 1484 514 capite
1495 457 1639 502 durum
1657 455 1989 513 lignummnaque
2003 453 2138 498 tunica
2151 464 2244 494 cum

1265 516 1460 560 mantello
1472 516 1525 560 de
1543 518 1841 572 vili2dei‘pee'to,
1863 517 1904 557 δι
1924 513 2086 570 hispido
2113 524 2242 568 panno

1265 586 1482 621 contenta·
1499 579 1575 621 His
1591 576 1807 619 humilibus
1826 574 2069 617 indumentis
2079 572 2131 614 ad
2148 584 2243 627 ope·

1266 635 1483 679 timentum
1498 634 1556 678 sui
1569 637 1753 691 corporis
1769 634 1962 676 utebatur
1975 660 1990 684 ,
2016 633 2155 689 aspero
2180 631 2243 671 ci-

1267 694 1365 738 licio
1379 694 1431 738 de
1444 694 1627 737 cordulis
1641 694 1814 737 crinium
1830 705 2030 748 equorum
2044 699 2242 735 contexto

1266 766 1557 808 nonnunquam
1575 753 1757 796 adhibito
1770 753 1883 809 juxta
1900 763 2061 794 carnem
2074 778 2089 792 .
2112 749 2240 792 Areia

1261 825 1432 914 2³0⁰?ssss
1444 804 2241 925 ’ἓὲῗὲἰιῗέἓεξὲζῗῑὲζίξέῗέἰζ’ἒζέ

1263 939 1479 983 tempore,
1503 930 1634 972 tribus
1648 930 1789 974 diebus
1810 930 1850 971 in
1867 924 2121 970 hebdomada
2135 951 2152 975 ,
2180 924 2243 966 vi·

1265 987 1416 1029 delicet
1431 984 1599 1029 secunda
1611 1017 1629 1040 ,
1656 999 1800 1044 quarta
1815 1014 1830 1037 a
1857 988 1897 1029 δι
1914 984 2021 1030 sexta
2033 982 2132 1027 feria
2153 983 2243 1036 ,ni-

1267 1043 1326 1086 hil
1341 1046 1504 1101 penitus
1519 1059 1595 1098 pro
1609 1046 1663 1090 sui
1681 1047 1867 1102 corporis
1885 1047 2079 1088 alimento
2105 1042 2241 1099 guste-

1268 1103 1328 1142 vit
1341 1130 1358 1152 ,
1370 1102 1533 1157 reliquis
1546 1103 1811 1145 nihilominus
1833 1104 1973 1145 diebus
1987 1102 2091 1146 adeo
2115 1102 2156 1144 se
2180 1101 2244 1143 ci-

1263 1159 1468 1203 bariorum
1491 1160 1692 1216 parvitate
1725 1160 1994 1216 restringens,
2018 1158 2128 1216 quod
2155 1158 2241 1201 aliae

1264 1217 1634 1276 deipsa2quomodo
1658 1217 1726 1262 sub
1749 1229 1832 1263 tam
1860 1219 1961 1263 forti
1989 1218 2240 1262 districtione

1264 1278 1466 1322 sublistere
1482 1287 1669 1334 poterat,
1691 1278 1943 1322 mirabantur
1956 1309 1968 1320 .
1995 1277 2160 1335 Vigiliis
2174 1278 2243 1325 in,-

1262 1339 1382 1393 super
1398 1366 1412 1389 ,
1437 1341 1479 1382 δι
1492 1337 1740 1381 orationibus
1752 1338 1901 1381 affidue
1914 1337 2059 1381 dedita
2073 1366 2089 1389 ‚
2118 1336 2241 1379 iuliis

1261 1398 1464 1454 praeeipue
1477 1396 1624 1440 diurna
1666 1398 1706 1439 δι
1739 1400 1936 1440 nocturna
1963 1409 2148 1453 tempora
2174 1409 2245 1438 ex·

1263 1456 1465 1513 pendebat
1481 1485 1492 1497 .
1508 1455 1682 1501 Diutinis
1697 1457 1842 1501 tanden
1857 1457 2053 1513 perplexa
2071 1456 2242 1509 languo-

1262 1517 1404 1568 ribus,
1428 1530 1523 1561 cum
1551 1515 1602 1559 ad
1628 1517 1869 1560 exercitium
1897 1514 2115 1572 corporale
2154 1526 2236 1555 non

1260 1574 1386 1633 posset
1401 1574 1561 1633 surgere
1575 1591 1646 1633 per
1658 1577 1694 1619 se
1709 1575 1829 1633 ipsam
1839 1603 1855 1627 ,
1870 1578 2065 1619 Sororum
2081 1573 2241 1615 suarum
2268 1584 2270 1592 ’

1258 1634 1701 1691 suffragiolcvabatur3
1725 1636 1766 1678 &
1793 1637 1842 1679 ad
1869 1645 2029 1691 tergum
2051 1633 2136 1690 ejus
2160 1628 2243 1674 ful-

1258 1696 1447 1739 cimentis
1484 1695 1697 1752 appoliti8‚
1726 1693 1902 1752 propriis
1925 1693 2107 1735 manibus
2129 1690 2242 1733 labo-

1256 1755 1467 1808 rabat,ne
1493 1755 1532 1797 in
1561 1754 1637 1798 suis
1650 1756 1774 1797 etiam
1801 1754 1901 1797 esset
1931 1750 2236 1795 infirmitatibus

1257 1815 1421 1858 ociosa.
1450 1814 1572 1859 Unde
1585 1813 1637 1857 de
1651 1827 1786 1869 panno
1801 1813 1911 1856 lineo
1938 1810 2055 1867 hujus
2085 1809 2140 1851 sui
2166 1808 2242 1850 flu.

1256 1873 1343 1926 dii,
1366 1875 1408 1916 &
1427 1873 1606 1923 laboris,
1632 1873 1756 1928 plura
1770 1887 1844 1928 pro
1859 1872 2017 1915 Altaris
2047 1866 2243 1912 sacrificio

1256 1932 1493 1989 corporalia
1509 1931 1597 1975 ficri
1615 1930 1712 1975 fecit
1723 1958 1739 1981 s
1758 1933 1800 1973 δι
1813 1946 1885 1987 per
1899 1931 2017 1988 plana
2031 1960 2045 1981 ,
2068 1931 2109 1971 δι
2122 1939 2242 1970 mon—

1257 2002 1353 2036 tana
1380 1991 1506 2036 Affini
1533 1990 1702 2035 direrlis
1722 1990 1914 2034 Eccleliis
1941 1987 2124 2033 exhiberi
2146 2013 2158 2026 .
2187 1988 2247 2026 A·

1257 2053 1405 2095 matrix
1431 2052 1529 2094 vero
1543 2050 1741 2105 precipua
1753 2076 1769 2098 ‚
1783 2049 1823 2088 ἅ
1836 2048 1985 2089 colona
1994 2045 2132 2086 sedula
2147 2053 2244 2097 pau-

1255 2108 1496 2161 pertatis,fie
1514 2107 1627 2146 illam
1643 2104 1713 2145 suo
1728 2102 1857 2145 affixit
1877 2101 2014 2145 animo
2029 2130 2043 2153 ‚
2069 2101 2122 2144 fic
2148 2112 2245 2144 eam

1255 2166 1297 2207 in
1323 2162 1399 2205 suis
1426 2160 1637 2205 defideriis
1650 2161 1836 2215 alligavit
1852 2189 1868 2211 ,
1885 2163 1997 2216 quod
2018 2160 2173 2217 semper
2199 2159 2243 2201 in

1255 2218 1375 2271 lpfiur
1399 2217 1621 2257 dilectione
1654 2215 1854 2263 firmiter,
1890 2219 1932 2257 δι
1957 2218 2172 2261 ardentior
2197 2217 2242 2259 in

1254 2270 1442 2328 amplexu
1470 2300 1485 2325 ‚
1513 2273 1538 2316 ὲ
1569 2270 1745 2314 districta
1769 2300 1783 2324 ,
1824 2271 1864 2314 δι
1886 2272 2119 2317 delectabili
2146 2273 2237 2325 eius

1252 2329 1828 2447 32⁹222’553333532‘2232‘
1841 2331 2240 2437 ”issififfissc‘iffsfsss'

1305 2416 1320 2440 ,
2214 2415 2238 2425 -

1250 2449 1384 2504 libus,
1411 2449 1461 2493 ad
1477 2405 1964 2503 consentiendumffouod
1994 2451 2110 2496 suum
2138 2455 2241 2495 Μοό

1249 2509 1461 2554 nasterlum
1499 2510 1696 2612 ‘proprias
1734 2509 1842 2567 pofl‘e
1873 2524 1986 2555 iones
2033 2512 2235 2563 haberet,

1244 2569 2237 2689 ἓὲἇῗέἒέιῖ,ῗὲῗέἱῇΞῗὲἷὲἕῗεῖῗξῗῑῖἑῧὲἱ

1255 2689 1489 2747 nasseriipie
1501 2688 1686 2747 cogitant
1705 2718 1720 2743 ,
1749 2688 1928 2734 libenter
1954 2689 2016 2733 illi
2053 2690 2236 2734 voluerit

1256 2764 1332 2808 pro
1345 2749 1528 2794 sororum
1544 2748 1630 2809 ejus
1645 2747 1928 2793 sustentatione
1941 2778 1957 2803 ,
1972 2747 2227 2808 posl'essioner

1255 2809 1515 2863 sufficienter,
1529 2810 1570 2853 dt
1584 2822 1783 2867 congruns
1798 2810 2000 2868 deputare
2012 2834 2026 2849 .

1313 2870 1349 2922 ᾗ.
1364 2870 1407 2914 6.
1469 2870 1630 2913 Verum
1644 2898 1661 2922 ,
1677 2869 1770 2927 quia
1784 2883 1974 2927 magnum
2004 2866 2229 2924 &splendi-

1252 2930 1350 2974 dum
1382 2929 1580 2974 luminare
1607 2927 1796 2987 supprimi
1825 2942 1903 2974 nou
1934 2928 2062 2987 potest
2089 2954 2104 2977 ‚
2130 2926 2233 2984 quin

1252 2993 1325 3034 suae
1339 2988 1471 3032 radios
1485 2986 1669 3047 preferat
1684 2988 1884 3033 claritatis
1900 3016 1915 3043 ,
1929 2987 1966 3032 in
1982 2986 2095 3047 ipsius
2110 2986 2233 3031 etiam

1253 3049 1335 3092 vita
1350 3047 1519 3101 multis,
1547 3050 1588 3091 δι
1616 3049 1735 3093 varilt
1761 3045 1967 3093 miraculis
1997 3046 2126 3091 virtus
2158 3043 2233 3089 suae

1251 3106 1468 3152 {institnit
1483 3107 1654 3152 effulsit.
1672 3110 1775 3152 Nam
1800 3106 1963 3152 cuidam
1989 3106 2042 3150 de
2069 3105 2230 3151 Sorori-

1249 3167 1323 3211 but
1361 3166 1477 3225 ipsiu:
1502 3167 1732 3212 Monalierii
1759 3181 1927 3219 vocem,
1954 3178 2077 3224 quam
2103 3164 2230 3222 longo

1250 3224 2015 3344 :3325‘3351‘1eskilli-‘azzi‘zssalaff
2014 3224 2231 3335 ἑὲἇεῖἳῗὲῖζ

1252 3346 1455 3404 loquelam
1469 3345 1637 3391 restituit
1664 3345 1922 3403 expeditam.
1951 3343 2061 3390 Altri
2089 3354 2226 3388 autem

1249 3405 1407 3450 surdam
1441 3406 1597 3464 aperuit
1643 3405 1693 3449 ad
1722 3405 1939 3457 auditum,
1971 3403 2222 3447 laborantem

1247 3463 1360 3509 scbre
1374 3494 1388 3518 ,
1409 3475 1634 3509 tumentem
1645 3464 1853 3521 hydropili
1872 3491 1884 3516 ,
1900 3462 2103 3531 plagatam
2124 3460 2226 3505 fistu.

1248 3523 1310 3574 ii,
1340 3528 1380 3568 8(
1405 3524 1491 3569 aliis
1505 3520 1703 3581 oppreil‘as
1723 3523 1982 3580 languoribus
2010 3523 2223 3574 liberavit,

1248 3582 1354 3627 sisto
1369 3584 1502 3627 crucit
1520 3582 1723 3642 signaculo
1734 3585 1854 3639 super
1869 3596 1935 3627 eas
1952 3611 1963 3624 .
1991 3581 2223 3640 Qemdam

1248 3645 1432 3686 Fratrum
1447 3641 1501 3687 dc
1516 3641 1676 3686 Ordine
1691 3643 1897 3687 Minorum
1916 3640 2067 3685 fimavit
2088 3644 2137 3685 ab
2163 3642 2225 3684 in-

1246 3701 1359 3746 siniae
1385 3701 1588 3757 primone-3
1612 3714 1704 3743 cum
1731 3713 1866 3746 autem
1891 3701 2063 3758 quadam
2084 3701 2170 3744 vice
2184 3716 2227 3744 o·

1252 3761 1361 3806 lcum
1380 3761 1417 3804 in
1435 3759 1683 3805 Montsterio
1699 3761 1885 3805 totaliter
1899 3759 2224 3817 deseciiset‚ipsa,

1252 3831 1401 3865 vocato
1420 3821 1559 3865 Fratre
1578 3846 1592 3871 ,
1617 3820 1790 3877 quierat
1817 3821 1949 3866 eidem
1976 3820 2223 3865 Monastcrio

2097 3893 2173 3937 pro
