2444 4192
755 215 915 299 Sub
981 203 1406 302 Innbcemio
1467 217 1558 301 X
1568 215 1609 297 I
1619 216 1673 298 I.

249 391 252 394 ⁴
287 370 327 421 §-
347 372 409 413 18.
459 364 612 423 Joanria
639 363 849 409 Dominlca
876 379 968 408 cum
997 367 1188 424 sexagess-

225 439 339 475 ‘tnum
354 426 520 471 tertium
534 425 657 468 aetatis
679 422 752 466 suae
772 436 922 465 annum
946 438 1080 478 ageret
1094 454 1109 478 ,
1135 438 1185 467 ex

230 488 316 530 alto
328 484 487 540 delapsa
499 511 514 533 ,
528 485 650 527 talem
661 481 748 524 offis
762 480 861 523 sacri
876 480 1089 525 fracturam
1101 511 1116 533 ‚
1141 483 1183 524 δι

229 545 399 588 alterius
423 542 510 586 offis
539 543 578 584 in
609 539 779 584 foemore
803 539 1054 582 luxationem
1084 537 1182 593 paffa

227 603 365 646 suerat
377 630 391 654 ‚
403 611 450 644 ut
468 615 593 657 genua
609 600 765 642 fleRere
777 625 793 649 ,
807 598 845 639 δι
856 596 932 638 fine
949 592 1189 636 fulcimentis

225 662 418 704 incedere
428 659 586 715 prorsus
599 658 779 714 nequiret
789 683 805 707 ,
826 653 894 696 sed
918 651 1063 709 quinto
1078 651 1191 706 aegri·

225 720 379 762 tudinis
407 717 481 761 suae
507 730 612 761 anno
636 716 762 758 adhuc
785 711 966 768 insepulti
981 709 1098 754 Servi
1110 708 1184 750 Dei

227 791 390 820 manum
399 776 569 820 ubertim
583 774 791 818 fluentibus
805 769 1016 825 lachrymis
1030 765 1185 809 oscula·

227 843 269 879 ta
283 865 300 886 ,
315 834 497 890 illiusque
511 830 823 878 interceffionem
842 842 892 872 ex
904 826 1030 870 corde
1043 825 1187 880 depre-

225 901 318 935 cata
335 920 349 944 ,
362 906 454 936 cum
468 891 505 935 se
516 889 756 936 fulcimentis
769 888 964 931 niteretur
977 884 1187 933 attollere,

223 950 397 1005 repente
413 950 648 995 vehementi
662 945 807 1003 dolore
819 973 833 996 ,
846 961 892 989 os
906 944 1071 988 fractum
1086 955 1187 984 con-

225 1008 414 1058 solidari,
427 1010 465 1050 &
484 1008 656 1051 luxatum
669 1003 783 1049 sentit
796 1004 934 1061 reponi
948 1033 963 1055 ,
979 1003 1188 1057 statimque

227 1066 438 1123 expedite,
453 1067 493 1109 δι
506 1066 582 1111 fine
595 1064 686 1108 ullis
698 1061 943 1108 fulcimentis
957 1059 1195 1111 ambulavit,

229 1126 273 1181 §s
286 1124 501 1168 incolumis
514 1124 650 1168 effecta
661 1122 717 1166 est
726 1149 739 1163 .

225 1205 227 1208 ·
251 1195 255 1198 ’
286 1183 324 1231 §-
346 1196 358 1225 ι
366 1197 409 1238 9.
466 1182 626 1225 Cacilia
650 1178 759 1222 Sorli
784 1178 824 1222 in
849 1179 979 1222 altero
1009 1174 1190 1231 corporis

228 1239 361 1308 latere
373 1238 651 1305 septemdecim
676 1237 872 1279 mensibus
887 1235 1016 1278 fuerat
1041 1234 1086 1277 ea
1100 1247 1191 1277 cor*

222 1294 593 1401 225‘33532'3232}
603 1292 1188 1406 '2⁰:12¹2ssdss‘22553350ssz‘3'2

228 1419 292 1463 ta,
306 1424 382 1454 nec
395 1407 546 1466 sanguis
559 1409 694 1454 exibat
707 1437 722 1462 ,
739 1406 989 1454 remanfiffet,
1003 1406 1190 1456 brachio,

224 1471 267 1513 δι.
279 1482 398 1514 crure
414 1467 679 1524 pendentibus
691 1493 707 1516 ,
723 1480 842 1510 manu
855 1468 1038 1514 attracta,
1052 1464 1190 1520 digitis

227 1525 489 1572 immobiliter
514 1525 704 1574 aduncis,
725 1537 925 1580 carneque
948 1520 1190 1577 eiusdemi&

225 1588 326 1631 teris
341 1584 442 1642 adeo
456 1582 687 1641 consumpta
701 1611 713 1635 ,
733 1592 776 1624 ut
791 1581 911 1625 solam
926 1610 940 1633 ,
958 1583 999 1624 &
1014 1580 1194 1622 siccam-2

227 1644 380 1703 pellem
391 1643 532 1687 ossibus
546 1639 857 1698 superinductam
872 1642 1058 1689 haberet,
1075 1638 1193 1680 meri·

229 1706 283 1747 tis
296 1702 408 1745 Beati
421 1700 622 1744 Paschalis
635 1700 672 1742 in
688 1699 793 1755 spem
804 1697 935 1741 salutis
948 1700 1081 1741 erecta
1097 1724 1112 1748 ,
1142 1693 1195 1737 ad

232 1760 319 1819 ejus
347 1757 600 1815 sepulchrum
621 1757 777 1801 curavit
802 1755 962 1808 afferri,
983 1756 1192 1810 statimque

231 1834 281 1864 ac
303 1818 355 1861 sm
415 1817 464 1860 lis
476 1816 661 1860 membris
675 1815 767 1859 latiis
787 1814 1061 1871 applicabatur
1081 1823 1193 1856 cate-

231 1890 299 1927 na,
308 1889 358 1933 qu
399 1875 471 1918 Dei
484 1872 614 1919 servus
624 1875 665 1918 in
679 1874 761 1917 vita
774 1873 1098 1929 pracingebatur,
1113 1874 1195 1914 sen-

230 1935 293 1980 sus
308 1963 322 1986 ,
337 1942 473 1976 motus
487 1961 501 1985 ,
526 1935 651 1977 robur
666 1960 682 1984 ,
703 1945 799 1976 caro
811 1959 826 1983 ,
848 1929 1011 1974 incessus
1023 1957 1038 1980 ,
1060 1931 1099 1972 δι
1115 1929 1194 1985 pri·

162 2003 165 2007 '
231 1995 332 2039 fiiua
348 1991 446 2036 salus
461 1991 672 2042 redibant,
698 1989 828 2034 donec
854 1989 1019 2033 Caecilia
1051 1987 1200 2043 ingenti

235 2050 392 2111 perfusa
414 2050 562 2106 gaudio
575 2078 590 2103 ,
615 2049 741 2093 citato
755 2061 829 2105 per
843 2047 1061 2091 Ecclesiam
1074 2045 1201 2104 gradu

236 2109 408 2164 exiliens
420 2109 607 2153 discurrit
618 2137 630 2150 .
1190 2129 1195 2139 ι

292 2169 332 2219 9.
351 2180 419 2212 ao.
478 2168 545 2210 Ob
575 2164 776 2223 quoddam
807 2163 1001 2219 sanguinis
1044 2164 1199 2220 proflu-

232 2223 1019 2337 :Zz‘i'ssss'rizffi’ilizezzssfffdff‘ssa
1036 2221 1198 2324 {⁶2⁵5ss

915 2306 930 2330 θ

232 2343 357 2389 etatis
371 2340 504 2386 mense
528 2340 579 2383 ad
600 2340 808 2397 septimum
822 2352 969 2384 anuum
986 2338 1111 2382 vitam
1126 2338 1197 2381 du·

235 2410 350 2447 xerat
362 2414 445 2445 non
460 2400 636 2443 caecitate
651 2398 775 2441 solum
791 2396 880 2447 ,ed
893 2395 1198 2452 superveniente

235 2460 430 2506 surditate
439 2457 751 2514 deplorabilem
774 2452 908 2498 emiffo
927 2470 999 2511 per
1011 2454 1198 2498 afflictam

236 2528 411 2563 matrem
437 2526 536 2560 voto
559 2543 575 2566 ,
599 2515 835 2570 Sepulcrum
860 2515 971 2557 Beati
1001 2513 1198 2556 Paschalis

236 2575 413 2621 adeundi
425 2603 440 2626 ,
453 2573 607 2631 ejusque
617 2587 697 2628 ope
716 2570 934 2615 ferventius
944 2571 1130 2615 invocati
1148 2599 1163 2622 ,
1175 2570 1201 2614 δ

234 2633 406 2691 vestigio
417 2646 515 2689 puer
530 2632 670 2676 videns
698 2632 738 2673 ἃ.
760 2630 924 2673 audiens
947 2630 996 2673 ad
1014 2628 1129 2671 illam
1143 2629 1200 2672 fe·

237 2691 585 2739 Ritus-occurrit,
615 2686 914 2746 perfeetumque
939 2689 1200 2744 utriusque-2

238 2748 374 2808 sensus
387 2746 495 2792 usum
508 2747 651 2804 jugiter
661 2747 807 2790 exinde
820 2748 986 2790 retinuit
997 2775 1010 2789 .

299 2808 422 2858 §.ar-
475 2807 671 2848 «lintrem
684 2805 868 2847 unctione
878 2803 957 2860 jam
968 2803 1171 2847 delibutus
1187 2827 1202 2852 ,

243 2867 284 2910 Bt
298 2863 598 2920 desperantibus
612 2862 770 2904 salutem
784 2860 1108 2915 Medicisagcbat
1123 2862 1203 2903 ani·

245 2935 353 2967 mam
368 2923 509 2965 Petrus
520 2919 592 2964 Gil
606 2947 621 2971 ,
649 2919 715 2974 qui
729 2919 884 2976 magnis
909 2917 1081 2963 febribus
1093 2946 1110 2971 ,
1129 2932 1204 2960 vo·

245 2980 438 3032 mitibus,
459 2978 620 3034 aliistiue
642 2975 915 3022 accidentibus
938 2977 1115 3032 septem,
1140 2975 1203 3019 vel

247 3041 343 3083 οξὶο
358 3036 544 3082 meufium
559 3034 684 3091 spatio
705 3034 836 3079 fuerat
849 3034 1056 3081 afflictatus
1069 3061 1083 3084 ,
1111 3047 1204 3090 gra-

249 3096 442 3142 viflimum
459 3093 649 3139 exhalans
663 3092 882 3144 foetorem,
909 3093 1110 3150 corruptis
1128 3106 1207 3147 prae

246 3155 378 3201 morbi
401 3153 599 3210 gravitate
629 3148 866 3203 visceribus,
891 3151 956 3194 vix
972 3149 1208 3195 moestissima

244 3217 364 3260 Uxor
376 3223 514 3257 votum
527 3209 719 3255 invisendi
733 3212 842 3254 Beati
856 3210 1056 3254 Paschalis
1070 3209 1206 3267 Sepul-

251 3285 364 3316 crum
377 3298 392 3321 a
412 3274 599 3328 &parata
614 3267 746 3312 funeri
769 3266 973 3312 deferendi
997 3266 1175 3311 emiserat
1191 3297 1207 3318 ,

253 3343 347 3374 cum
360 3332 435 3375 Vir
448 3329 562 3373 nulla
574 3341 691 3371 mora
704 3326 874 3370 surrexit
904 3326 1114 3371 incolumis
1125 3356 1141 3377 ‚
1167 3328 1208 3368 δι

255 3389 394 3432 Uxore
403 3389 554 3432 comite
567 3389 719 3431 Votum
730 3386 905 3429 emiffum
917 3383 1109 3440 persolvit
1123 3414 1135 3425 .

313 3443 430 3495 διεη.
486 3449 604 3489 Fama
619 3444 740 3501 igitur
751 3444 977 3487 sanctitatis
993 3442 1209 3486 B.Pascha-·

258 3501 308 3544 lis
332 3503 558 3556 miraculis,
581 3507 621 3548 δι
638 3504 780 3560 gratiis
804 3508 853 3546 ad
875 3501 956 3558 ejus
979 3501 1207 3544 invocatio-

257 3561 741 3610 nem,&interceffionem
756 3562 949 3615 obtentis,
966 3560 1007 3603 in
1020 3559 1105 3603 dies
1120 3574 1208 3616 per·

258 3617 561 3684 crebrescente,
582 3621 667 3678 post
687 3622 811 3664 varias
831 3620 1082 3677 probationes
1096 3618 1206 3661 ordi-

257 3689 366 3718 naria
378 3676 610 3719 auctoritate
623 3688 806 3735 receptas
821 3709 836 3732 ,
850 3678 1077 3734 supervenit
1092 3676 1205 3719 dele·

255 3735 368 3800 gatio
394 3732 625 3788 Apostolica
647 3763 664 3784 2
682 3737 794 3792 cujus
819 3738 991 3794 vigore,
1020 3735 1210 3780 confestis

254 3791 679 3895 ququ-Sngmffieffibm
693 3819 709 3843 2
723 3795 844 3852 iisque
856 3797 1028 3854 primum
1040 3797 1064 3841 ὲ
1078 3795 1210 3840 tribus

1963 250 2136 328 443

1246 366 1467 409 Causarum
1490 364 1635 406 Palatii
1660 361 1880 415 Apostolici
1904 366 2167 414 Auditoribus
2192 389 2209 424 5

1242 425 1309 477 qui
1335 432 1590 469 accuratam,
1618 421 1658 460 δι
1679 419 1901 461 distinctam
1925 423 2091 466 edidere
2105 430 2208 471 rela-

1243 481 1397 521 tionem
1411 503 1425 526 ,
1454 479 1495 518 δι
1506 476 1757 531 postmodum
1782 477 1823 517 in
1837 480 2209 533 Congregationu

1243 546 1341 579 tunc
1356 535 1487 578 Sacris
1514 534 1673 575 Ritibus
1691 534 1992 590 Praepofitorum
2009 540 2210 580 Cardina-

1251 594 1347 635 lium
1373 592 1469 633 bon.
1493 604 1612 633 mem.
1635 591 1813 634 Roberto
1840 593 1923 635 Tit.
1950 595 1990 635 S.
2012 598 2146 637 Mariae
2167 598 2210 638 in
2260 617 2264 621 ’

1251 650 1328 691 Via
1343 678 1359 699 ,
1373 648 1469 690 dum
1484 650 1664 700 vivebat,
1682 650 1924 704 Presbytero
1937 652 2212 698 cardinale.»

1245 707 1489 750 Bellarmiuo
1499 719 1730 764 nuncupato
1743 708 1944 752 referente
1955 737 1968 759 ,
1985 710 2207 767 diligenter

1243 765 1477 808 examinatis
1489 794 1504 818 ,
1531 769 1572 808 δι
1596 768 1750 809 mature
1762 767 1936 811 discussis
1953 796 1967 820 ‚
1997 770 2068 823 piae
2083 784 2201 812 mem.

1244 824 1390 866 Paulus
1404 825 1538 871 PP-V.
1553 826 1670 866 etiam
1685 824 1951 869 Praedeceffor
1963 828 2125 881 Noster,
2140 830 2213 870 hu-

1247 882 1404 925 milibus
1445 883 1792 938 supplicationibus
1834 886 2002 927 univerfi
2044 887 2214 930 Ordinis

1246 943 1430 984 Fratrum
1446 942 1649 984 Minorum
1662 941 1903 986 §.francisci
1918 944 1969 986 de
1981 945 2213 989 Observan-

1245 998 1640 1043 tiaDiscaleeatorum
1654 1003 2215 1056 nuncupatorum‚clar.mem.·

1253 1057 1429 1113 Philippi
1446 1060 1523 1100 111.
1553 1069 1650 1102 tunc
1678 1058 1718 1100 in
1748 1060 1928 1102 humanis
1943 1063 2099 1115 agentis
2112 1060 2210 1105 His-

1253 1116 1457 1173 paniarum
1474 1118 1597 1173 Regis
1609 1117 1832 1170 Catholici,
1842 1119 1936 1160 bon.
1953 1132 2070 1162 mem.
2086 1122 2214 1164 Fran-

1248 1175 1340 1219 cisci
1356 1174 1585 1219 Cardinalis
1600 1177 1752 1219 Lermae
1766 1179 1983 1233 nuncupati
1999 1205 2013 1228 ,
2033 1180 2216 1222 &totius

1249 1234 1382 1288 Regni
1410 1233 1608 1277 Valentiae
1631 1236 1841 1277 Procerum
1870 1236 2084 1280 inclinatus
2106 1262 2123 1285 ,
2158 1235 2215 1279 de

1250 1291 1488 1334 eorumdem
1528 1294 1657 1336 Sacris
1684 1292 1841 1337 Ritibus
1876 1298 2215 1351 prepositorum.»

1251 1347 1527 1391 Cardinalium
1543 1351 1712 1391 confilio
1727 1380 1743 1401 ,
1767 1362 1809 1393 ut
1832 1353 2015 1406 praefatus
2030 1354 2105 1395 Dei
2121 1354 2219 1394 Ser-3

1252 1420 1322 1448 vus
1344 1405 1583 1462 inposterum
1598 1409 1743 1450 Beatus
1760 1411 2011 1465 nuncupari,
2025 1420 2149 1466 atque
2161 1408 2214 1450 de

1249 1478 1298 1508 eo
1310 1463 1468 1519 fingulis
1480 1465 1592 1507 annis
1612 1465 1678 1508 die
1698 1480 1710 1508 ι
1722 1479 1759 1513 7.
1775 1465 1866 1518 Maii
1883 1496 1898 1519 ,
1911 1467 1988 1524 qui
2002 1468 2214 1511 obdormi-

1253 1523 1309 1564 vit
1324 1522 1362 1563 in
1383 1524 1560 1564 Domino
1572 1552 1591 1575 ‚
1609 1526 1632 1567 a
1647 1526 1851 1568 Fratribus
1864 1527 2039 1584 ejusdem
2054 1526 2218 1569 Ordinis

1253 1582 1292 1623 in
1309 1582 1451 1634 Regno
1465 1581 1659 1624 Valentia:
1668 1587 2219 1641 commorantibus,tanquam

1253 1640 1304 1681 de
1318 1636 1644 1689 Confess'orenon
1662 1640 1875 1693 Pontificc,
1887 1642 1999 1698 juxta
2020 1644 2219 1687 Rubricas

1255 1697 1449 1739 Breviarii
1466 1724 1480 1747 ,
1494 1699 1533 1739 δι
1548 1698 1709 1741 Miffalis
1723 1701 1925 1751 Romani,
1939 1701 2136 1750 Officium
2155 1713 2222 1744 re·-

1253 1755 1372 1797 citari
1389 1782 1404 1804 ‚
1417 1757 1455 1797 δι
1470 1756 1586 1798 Missa
1600 1757 1825 1810 celebrari,
1847 1759 2002 1803 ne'cnon
2023 1761 2063 1804 in
2080 1760 2224 1803 Eccle

1254 1816 1305 1856 sia
1333 1815 1518 1856 Fratrum
1550 1815 1721 1869 ejusdem
1749 1818 1914 1860 Ordinis
1936 1819 2086 1874 Oppidi
2104 1816 2221 1860 Villae

1252 1873 1414 1929 Regalis
1442 1873 1481 1938 in
1515 1873 1659 1915 eodem
1677 1876 1821 1930 Regno
1834 1876 2027 1919 Valentia:
2052 1875 2223 1918 existen«

1254 1933 1305 1975 tis
1322 1960 1337 1983 ‚
1349 1929 1415 1972 ubi
1429 1944 1510 1987 ejus
1522 1946 1669 1988 corpus
1684 1933 1934 1985 requiescere
1947 1935 2192 1979 asserebatur
2203 1959 2221 1982 ,

1256 1991 1306 2033 ab
1331 1989 1514 2032 omnibus
1546 1991 1794 2045 Presbyteris
1825 2002 1906 2034 tam
1932 1994 2222 2044 Saecularibus,

1259 2047 1376 2102 quim
1392 2046 1658 2101 Regularibus
1674 2049 1789 2091 Missa
1820 2051 1998 2094 {imiliter
2020 2049 2224 2094 celebrari

1259 2103 1384 2149 libere
1396 2131 1412 2156 ,
1423 2106 1463 2147 δι
1477 2104 1591 2148 licite
1607 2106 1760 2148 valeret
1775 2136 1790 2158 ,
1806 2109 2033 2164 Apostolica
2046 2109 2225 2152 austori-

1257 2174 1341 2208 tate
1356 2177 1426 2218 per
1439 2164 1524 2207 suas
1547 2164 1586 2206 in
1615 2162 1743 2207 forma
1757 2166 1894 2211 Brevis
1914 2168 1979 2210 dic
2009 2180 2075 2218 29.
2092 2170 2222 2210 octo-

1255 2224 1336 2266 bris
1363 2222 1454 2263 anni
1489 2223 1608 2265 1618.
1633 2223 1804 2280 desuper
1828 2228 2032 2281 expeditas
2055 2226 2226 2278 literas,-

1257 2279 1472 2331 concefl'it,
1502 2281 1739 2332 &indulfit·,
1763 2285 1803 2325 δι.
1830 2284 2056 2338 hujusmodi
2077 2284 2226 2328 Indul-.

1259 2351 1345 2385 tum
1370 2353 1440 2394 per
1461 2336 1601 2381 ssmiles
1629 2341 1669 2382 in
1690 2339 1816 2384 forma
1840 2344 1977 2387 Brevis
1992 2342 2129 2386 literas
2154 2343 2226 2386 die

1265 2414 1326 2442 ιο.
1345 2398 1545 2440 Februarii
1556 2400 1646 2440 anni
1665 2400 1781 2444 1620.
1806 2401 1853 2443 ad
1864 2415 2005 2445 omnes
2018 2404 2223 2457 utriusque

1258 2456 1369 2500 sextis
1386 2456 1609 2512 Religiosos
1623 2458 1665 2499 d.
1679 2460 1842 2502 Ordinis
1859 2463 2064 2504 Minorum
2079 2463 2225 2514 Regu-

1260 2517 1353 2559 laris
1362 2516 1629 2558 Observantiae
1638 2517 1677 2558 in
1695 2518 1846 2574 Regnis
1858 2519 2057 2570 Cattellae,
2070 2521 2110 2560 δι
2122 2524 2224 2562 Ara-

1260 2574 1387 2630 goniae
1411 2587 1705 2618 commorantes
1724 2603 1740 2625 ,
1762 2579 1845 2632 pari
1867 2581 2105 2620 austeritate
2136 2590 2225 2618 am-

1261 2632 1397 2690 pliavit
1414 2660 1428 2683 ‚
1456 2634 1493 2673 &
1516 2634 1701 2676 extendit
1715 2663 1728 2684 ‚
1757 2647 1876 2692 atque
1890 2637 1990 2678 utin
2006 2635 2122 2678 Villae
2138 2636 2224 2677 Re—

1261 2691 1391 2756 galis,
1419 2690 1485 2732 ubi
1511 2690 1686 2747 ejusdem
1715 2694 1827 2758 Beati
1855 2693 2050 2736 Paschalis
2074 2706 2227 2748 corpus·

1261 2749 2226 2864 ἱὲἶῖὲῖῗξῖῑξᾗῖἓὲἳίᾗίἱῗὲῗίἑιὲῗὲῗῗέἔ

1261 2866 1365 2922 pidia
1380 2866 1572 2919 praedietis
1585 2890 1600 2914 ,
1629 2869 1681 2909 ab
1691 2871 1878 2911 omnibus
1895 2870 2096 2924 utriusque
2111 2865 2225 2910 sexus

1262 2922 1529 2978 Regularibus
1547 2950 1562 2973 ,
1583 2936 1630 2965 ac
1644 2925 1766 2967 ctiam
1783 2927 2053 2980 presbyteris,
2074 2928 2114 2967 δι
2126 2924 2234 2968 Cle-.-

1263 2982 1355 3024 ricis
1371 2980 1630 3023 Saecularibus
1653 2982 1704 3025 de
1718 2983 1860 3027 eodem
1875 2984 2003 3025 Beato
2018 2981 2225 3034 paschali,

1265 3040 1374 3097 juxta
1387 3039 1585 3082 Rubricas
1599 3041 1790 3083 Breviarii
1807 3070 1820 3094 ,
1833 3042 1871 3083 δι
1887 3038 2054 3083 Missalis
2071 3043 2228 3082 Roma-

1267 3099 1306 3141 ni
1335 3096 1560 3152 hujusmodi
1590 3097 1642 3141 de
1669 3101 1870 3142 communi
1884 3098 2129 3142 Confessoris
2143 3111 2230 3141 non

1268 3154 1476 3200 Pontificis
1490 3154 1678 3199 Officium
1704 3159 1895 3208 recitari,
1922 3159 1960 3199 δι
1991 3155 2227 3201 Missacele-

1266 3215 1372 3257 brari
1394 3213 1610 3268 respective
1623 3217 1776 3259 valeret
1790 3246 1804 3269 ‚
1829 3217 1967 3260 eadem
1988 3215 2227 3259 auetoritate

1264 3271 1451 3315 conceffit
1469 3273 1620 3330 pariter
1631 3301 1645 3324 ,
1658 3276 1698 3316 δι
1712 3275 1870 3319 indulfit
1883 3304 1897 3317 .

1321 3330 1360 3380 ξ.
1374 3340 1449 3387 23.‘
1501 3333 1766 3388 Reassumptxi
1777 3333 2028 3390 postmodum
2042 3333 2080 3374 in
2096 3331 2197 3374 statu
2208 3357 2226 3380 ,

1266 3391 1303 3432 &
1322 3390 1501 3434 terminis
1514 3390 1657 3443 causa,
1679 3393 1718 3433 in
1742 3395 1820 3435 vim
1835 3390 2012 3448 specialis
2026 3387 2228 3434 Commis-

1264 3448 1536 3500 fionis‚manu
1549 3463 1632 3492 ree.
1646 3464 1764 3492 mem.
1792 3450 2016 3494 Innocentii
2041 3451 2155 3505 Papae
2175 3449 2227 3489 X·

1265 3507 1447 3550 fimiliter
1458 3507 1764 3551 Praedecessoris
1779 3509 1913 3552 Nostri
1926 3510 2081 3564 fignatae
2098 3536 2112 3558 ,
2141 3505 2227 3562 post

1265 3563 1600 3607 novosProcessus
1613 3566 1861 3622 interpolatis
1874 3568 2119 3624 temporibus
2132 3578 2230 3606 con·

1266 3620 1414 3674 fectus,
1437 3623 1575 3666 eadem
1601 3627 1881 3681 congregatio
1908 3626 2036 3669 Sacris
2062 3624 2225 3668 Ritibus

1264 3680 1570 3734 Praepofitorum
1596 3684 1640 3726 S.
1656 3684 1708 3726 R.
1724 3684 1770 3725 E.
1785 3683 2070 3728 Cardinalium
2085 3711 2099 3733 ‚
2113 3689 2158 3723 ut
2174 3678 2226 3718 de

1269 3739 1387 3783 cultu
1417 3740 1648 3785 B·Paschali
1671 3744 1908 3786 auctoritate
1931 3740 2159 3796 Apostolica
2183 3736 2226 3774 in

1269 3798 1348 3842 vim
1358 3796 1512 3856 praefati
1527 3801 1679 3845 lndulti
1694 3799 1866 3853 ejusdem
1883 3801 1994 3846 Pauli
2006 3787 2226 3857 pade-ces·

1655 3861 1691 3903 K
1707 3859 1735 3902 k
1747 3859 1774 3902 k
1805 3877 1831 3904 2
2071 3850 2168 3893 soris
