2444 4192
830 222 992 317 Sub
1052 223 1488 306 Innocentio
1540 217 1642 302 X.

260 374 441 414 Romanae
457 366 642 411 Ecclesia:
655 363 929 409 cardinalium
944 392 958 413 ,
982 370 1021 407 &
1037 369 1212 412 dileeto-

259 444 347 474 rum
363 429 558 470 Filiorum
578 429 766 468 Romanae
790 423 919 463 Curiae
946 426 1212 470 Praelatorum

260 487 377 543 super
396 487 496 528 statu
510 484 770 539 Regularium
794 483 818 525 a
834 479 960 523 Nobis
985 483 1213 537 deputatae,

259 546 325 589 cui
349 546 424 587 hoc
442 545 648 600 negotium
673 538 835 590 sedulo,
863 551 908 580 ac
933 541 1092 581 mature
1117 554 1212 581 exa-

255 603 490 647 minandum
509 599 788 647 commilimus,
805 607 914 639 motu
930 596 1200 652 proprio‚eer-

261 672 302 704 ta
323 660 504 711 scientia,
517 677 562 703 ac
578 670 730 703 matura
743 655 1035 700 deliberatione
1048 653 1205 700 nostris,

255 720 388 776 deque
410 719 649 775 Apostolicae
673 714 877 774 potestatis
914 713 1204 770 plenitudine..-

255 793 395 822 omnes
411 807 424 831 ,
435 781 475 820 &
488 778 660 834 fingulos
674 779 908 820 Conventus
933 784 1204 830 quorumcun-

255 851 337 893 que
355 839 668 887 Monachorum,
681 849 725 877 ac
740 830 1000 889 Regularium
1016 831 1208 874 Virorum

257 897 364 939 bona
382 896 604 938 immobilia
622 892 924 950 poffidentium,
948 889 1010 934 vel
1025 903 1104 932 non
1122 889 1210 945 poil-

256 949 483 1003 fidentium,
496 953 760 1008 cujuscunque
776 950 964 1001 Ordinis,
980 947 1213 992 Mendican-

259 1012 360 1054 tium
375 1043 392 1064 ,
417 1014 478 1055 vel
506 1026 585 1055 non
611 1010 928 1054 Mendicantium
941 1036 956 1059 ,
970 1010 1210 1064 Congrega·

258 1071 407 1125 tionis,
425 1071 636 1116 societatis
648 1098 661 1122 ,
674 1065 893 1125 &cujusvis
915 1067 1082 1110 alterius
1096 1064 1212 1109 Insti-

259 1130 336 1172 tuti
360 1158 374 1181 ‚
399 1130 521 1172 etiam
550 1129 767 1172 Societatis
786 1125 880 1184 jesu
904 1156 920 1178 ,
953 1124 1104 1169 etiamfi
1129 1122 1211 1174 illis

253 1189 491 1230 Animarum
506 1201 601 1229 cura
617 1186 874 1241 personarum
888 1184 1132 1228 saecularium
1152 1186 1213 1224 in-

254 1248 418 1288 cumbat
431 1272 446 1294 ,
459 1247 584 1286 fintve
603 1245 788 1298 Hospitia
801 1271 816 1294 ,
838 1243 902 1286 vel
919 1240 1106 1286 Granciae
1117 1269 1132 1292 ‚
1146 1239 1212 1283 seu

257 1303 424 1346 alterius
455 1302 686 1344 Monastcrii
712 1302 914 1350 membra,
927 1300 1136 1342 existentes
1151 1299 1211 1339 in·

258 1370 322 1406 tra
337 1359 432 1404 fines
450 1359 574 1404 ltaliae
587 1360 654 1412 ,δι
668 1358 887 1401 lnsularum
913 1355 1181 1412 adjacentium
1198 1382 1214 1407 ,

258 1423 299 1464 in
316 1420 464 1464 litteris
479 1420 529 1462 ab
542 1418 684 1462 eadem
711 1416 1038 1473 Congregatione
1060 1427 1209 1471 prope·

258 1480 364 1523 diem
377 1477 633 1534 expediendis
647 1476 888 1519 nominatim
909 1473 1212 1530 exprimendos,

259 1539 300 1581 in
314 1537 458 1595 quibus
473 1536 527 1579 ob
549 1547 712 1590 parvum
744 1545 952 1576 numerum
984 1528 1211 1585 Religioso—

260 1612 351 1641 rum
366 1594 574 1652 Regularis
597 1591 805 1648 disciplina
833 1590 943 1645 juxta
965 1588 1211 1646 peculiaria...

261 1654 456 1711 cujusque
471 1652 636 1696 Ordinis
661 1650 844 1694 Instituta
865 1650 1013 1693 servari
1045 1661 1124 1691 non
1141 1660 1211 1701 po-

261 1714 359 1765 test,
378 1711 619 1756 auctoritate
633 1707 866 1764 Apostolica
882 1718 1026 1750 tenore
1046 1704 1213 1761 praesen-

259 1771 363 1816 'tium
378 1769 576 1827 perpetuo
597 1765 892 1823 extinguimus,
918 1764 1215 1821 supprimimus,

260 1832 302 1874 &
319 1829 522 1874 abolemus
537 1827 613 1871 una
627 1840 720 1869 cum
739 1826 921 1868 omnibus
933 1837 1070 1870 corum
1083 1822 1216 1878 digni·

265 1890 420 1934 tatibus
437 1885 604 1937 ,officiis
616 1910 631 1934 ,
643 1898 688 1927 ac
705 1883 926 1927 ministeriis
939 1913 954 1935 ,
981 1880 1149 1939 illosque
1164 1880 1215 1923 ab

265 1948 378 1992 omni
397 1945 646 2002 proprietate
659 1973 675 1995 ,
686 1941 872 1986 dominio
885 1972 899 1994 ‚
922 1940 1218 1998 superioritate,

263 2004 608 2066 jurisdistione,ac
623 2001 704 2044 alio
725 2014 963 2057 quocunque
980 1999 1064 2054 iure
1083 2001 1218 2053 Regu·

266 2066 411 2110 larium
441 2061 647 2118 eximimus
661 2088 675 2112 ,
704 2059 939 2102 &totaliter
970 2058 1184 2100 liberamus
1198 2081 1214 2104 ,

267 2121 484 2183 omnesque
501 2117 897 2163 Conventualitatem
911 2145 926 2167 ,
952 2117 1113 2160 titulum
1130 2143 1144 2166 ,
1159 2112 1221 2158 es-

271 2182 436 2228 sentiam
461 2208 476 2231 ,
508 2193 552 2220 ac
583 2177 947 2221 denominationem
978 2174 1221 2230 Regulatem

268 2243 310 2284 in
326 2241 382 2284 eis
396 2239 553 2293 penitus
578 2235 857 2290 extinguentes
870 2261 886 2284 ,
907 2233 1000 2276 illos
1016 2232 1067 2274 ad
1080 2232 1221 2275 statum

264 2298 492 2344 secularem
506 2292 734 2338 reducimus
748 2322 760 2335 .
778 2289 998 2335 Reservata
1009 2302 1144 2334 tamen
1159 2291 1224 2345 ip.

266 2357 295 2402 fi
311 2352 628 2411 congregationi
642 2351 833 2396 facultate
848 2349 1104 2395 conservandi
1133 2351 1218 2392 Rc·

269 2415 485 2472 ligionibus
498 2411 675 2469 aliquem
689 2425 737 2454 ex
751 2410 1038 2455 Conventibus
1054 2405 1219 2466 expres·

269 2477 317 2519 fis
344 2475 382 2516 in
395 2472 627 2515 memoratis
650 2469 796 2513 litteris
817 2498 832 2520 ,
856 2468 882 2511 fi
906 2469 982 2512 hoc
1013 2482 1060 2510 ex
1089 2468 1221 2524 aliqua

270 2531 502 2578 rationabili
556 2526 672 2573 causa
707 2527 900 2585 expedire
939 2526 1181 2580 iudicaverit
1209 2538 1222 2567 ε

269 2591 387 2636 salvis
416 2590 538 2633 etiam
569 2587 719 2644 juribus
746 2617 761 2638 ‚
810 2600 895 2643 quae
926 2584 1221 2629 Fundatoribus

194 2656 199 2661 ’
270 2654 562 2696 conventuum
575 2646 625 2690 fic
645 2644 935 2702 supprefforum
949 2671 964 2694 ,
992 2644 1055 2686 vel
1071 2644 1160 2687 aliis
1173 2656 1222 2685 ex

274 2713 492 2754 Sacrorum
503 2708 717 2749 Canonum
734 2701 962 2761 praescripto
973 2729 988 2750 ,
1003 2705 1128 2747 velex
1142 2704 1222 2759 pri-

276 2764 422 2821 vilegio
456 2761 693 2818 Apostolico
718 2760 1021 2817 quomodolibet
1062 2775 1224 2817 compe-

278 2835 390 2868 tunt.
416 2821 617 2878 Quocirca
638 2819 789 2862 dileetis
811 2819 920 2861 Filiis
942 2832 1228 2875 quorumcum-

278 2895 358 2938 que
371 2877 635 2934 Regularium
664 2876 941 2932 Superioribus
962 2886 1044 2919 tam
1058 2880 1231 2921 Genera·

279 2941 386 2984 libus
403 2962 418 2987 ,
441 2935 558 2993 quam
587 2934 899 2978 Provincialibus
925 2961 938 2984 ,
964 2937 1004 2978 δι
1029 2934 1225 2978 localibus

282 3007 536 3056 quocumque
551 2993 711 3036 nomine
726 3021 741 3044 ,
770 3007 816 3036 ac
848 2993 969 3036 titulo
993 3007 1227 3051 nuncupen-

282 3067 378 3107 tur,
402 3056 441 3096 in
468 3053 617 3107 virtute
646 3052 778 3094 sanetae
789 3052 1028 3095 obedientiae
1050 3053 1227 3096 districte

281 3113 532 3173 praecipimus
558 3113 597 3153 &
624 3110 880 3161 mandamus,
908 3120 954 3152 ut
977 3109 1146 3167 (iuguli,
1177 3111 1228 3154 ad

282 3186 382 3232 quos
410 3167 585 3227 pertinet
610 3196 625 3218 ,
666 3167 770 3212 infra
799 3168 1015 3212 terminum
1036 3168 1100 3212 sex
1126 3183 1234 3214 men·

282 3233 380 3276 {ium
396 3227 663 3273 inchoandum
675 3232 698 3275 ὲ
711 3227 776 3271 die
800 3226 1108 3283 praesentationis
1126 3228 1234 3274 litte-

287 3303 444 3338 rarum,
460 3287 482 3331 a
506 3286 689 3343 praediCta
703 3287 1049 3343 Congregatione,
1074 3296 1117 3329 ut
1143 3301 1237 3344 prae-

292 3348 467 3392 mittitur
481 3375 495 3399 ,
510 3345 868 3402 expediendarum,
883 3345 1066 3388 faciendae
1088 3345 1128 3389 in
1156 3350 1242 3390 Ro·

292 3418 408 3447 mana
420 3405 544 3458 Curia
564 3405 821 3448 Procuratori
844 3403 1039 3447 Generali
1051 3404 1239 3462 cujusque

295 3463 485 3515 Ordinis,
500 3463 562 3507 vel
577 3464 942 3520 congregationis,
967 3472 1035 3505 aut
1059 3466 1239 3508 Societa-

301 3521 354 3562 tis
367 3518 568 3564 dimittant
579 3523 743 3566 realiter
756 3553 770 3574 ,
781 3525 819 3564 &
830 3537 919 3566 cum
947 3518 1087 3566 effeAEtu
1101 3537 1241 3566 coram

299 3577 525 3621 Ordinariis
547 3579 817 3633 locorum,sub
838 3580 1063 3625 testimonio
1080 3582 1241 3638 publico

303 3636 432 3678 eidem
445 3638 762 3694 Congregationi
778 3655 848 3696 per
862 3640 1024 3685 eofdem
1051 3641 1239 3696 Superio-

297 3708 359 3739 res
382 3694 604 3747 Regulares
626 3698 1130 3756 exhibendo,pofl‘effionem
1146 3713 1239 3743 cor·

295 3751 477 3810 poralem
495 3755 778 3799 Conventuum
792 3757 829 3800 in
844 3760 989 3803 eisdem
1007 3759 1150 3803 litteris
1169 3773 1238 3802 ex·

295 3810 508 3912 preffospjss
521 3811 588 3912 3Vsslt
606 3814 801 3859 reservata
828 3819 884 3861 eis
900 3816 1094 3863 facultate
1108 3819 1236 3862 secum

1991 248 2145 324 4¹¹

1275 370 1759 426 asportandiprophanam
1775 365 1956 418 tantum,
1981 382 2061 410 non
2088 385 2220 415 autem

1271 430 1423 468 sacram
1450 425 1797 479 suppesseffilem,
1824 422 2045 478 Religiosos
2075 428 2223 474 inde-,0

1273 492 1484 525 amoveant
1499 509 1513 531 ,
1535 492 1656 536 atque
1677 483 1717 521 in
1738 480 1825 521 aliis
1852 481 2101 523 Monastcriis
2119 486 2224 536 ejus·

1271 541 1362 583 dem
1376 538 1543 580 Ordinis
1559 564 1574 585 ,
1597 538 1660 579 vel
1674 540 2014 593 congregationis
2028 566 2042 588 ,
2069 553 2137 580 aut
2151 546 2225 583 So-

1266 598 1426 641 cietatis
1452 594 1655 639 collocent
1677 610 1690 639 :
1717 597 1897 651 alioquin
1927 610 2063 652 poenas
2096 601 2227 652 priva—

1265 657 1385 699 tionis
1403 656 1514 696 vocis
1533 655 1666 697 anivae
1679 657 1714 696 δι
1730 656 1883 709 paffivae
1894 685 1911 707 ,
1927 669 2078 698 necnon
2093 656 2225 709 digni-

1264 725 1420 764 tatum,
1441 715 1481 754 &
1506 713 1727 756 officiorum
1751 743 1766 766 ,
1787 730 1872 770 quae
1899 725 1994 756 tunc
2023 716 2222 767 temporis
2295 758 2297 760 ,

1266 774 1535 821 obtinebunt,
1549 774 1799 827 &perpetuae
1818 774 2086 816 inhabilitatis
2105 773 2155 815 ad
2174 773 2224 814 il-

1267 833 1335 884 la,
1353 832 1417 874 vel
1443 832 1519 873 alia
1542 832 1784 888 inposterum
1813 833 2048 881 obtinenda,
2065 832 2149 886 ipso
2173 833 2227 873 fa-

1268 895 1333 934 Cto
1345 889 1488 946 absque
1500 889 1579 931 alia
1600 889 2098 935 declarationeincurrant
2113 918 2122 928 ·
2145 892 2227 932 Eo-

1267 964 1346 1008 que
1359 950 1532 992 termino
1542 948 1694 1002 elapso,
1707 964 1787 991 non
1814 951 1931 992 liceat
1951 948 2225 1005 Regularibus

1270 1012 1312 1053 in
1339 1005 1527 1052 Ecclefiis
1541 1008 1744 1051 dietorum
1757 1008 2045 1051 Conventuum
2069 1004 2227 1058 Mitras,

1270 1070 1312 1112 δι
1328 1067 1464 1110 divina
1483 1064 1626 1110 Officia
1641 1066 1868 1119 celebrare,
1880 1065 2140 1110 confessiones
2160 1070 2234 1108 Sa·

1273 1124 1537 1171 eramentales
1563 1126 1702 1170 audire
1726 1151 1741 1174 ‚
1763 1126 1829 1168 vel
1860 1125 1938 1168 alia
1973 1129 2231 1169 Sacramenta

1273 1185 1568 1236 administrare,
1581 1199 1629 1227 ae
1651 1182 1872 1228 funffiones
1888 1183 2148 1228 parochiales
2168 1197 2235 1226 ex-

1271 1257 1428 1295 ercere,
1442 1254 1511 1286 aut
1529 1246 1696 1287 verbum
1710 1244 1783 1286 Dei
1797 1243 2027 1301 praedicare,
2042 1243 2105 1286 vel
2126 1256 2235 1285 mor·

1275 1316 1369 1346 tuos
1382 1302 1547 1356 sepelire
1563 1304 1711 1362 .Qod
1730 1302 1754 1344 fi
1771 1301 1879 1346 {ecus
1892 1304 2076 1357 egerint,
2092 1295 2230 1353 eoipso

1271 1358 1459 1405 Ecdefiae
1471 1364 1710 1402 remaneant
1737 1360 1939 1415 supponi:
1954 1357 2232 1402 Ecclcfiastico

1271 1416 1518 1462 interdicto.
1551 1418 1603 1459 Et
1619 1416 1882 1461 nihilominus
1910 1419 2093 1461 locorum
2107 1414 2235 1459 Ordi-

1272 1476 1372 1521 narii
1387 1504 1403 1527 ‚
1414 1475 1481 1518 ubi
1494 1489 1568 1532 per
1586 1474 1740 1519 litteras
1756 1476 1871 1530 ipfius
1886 1474 2235 1532 Congregationis

1274 1534 1415 1578 fuerint
1437 1533 1886 1591 requiliti,Religiosos
1913 1535 2085 1579 rebelles
2109 1536 2149 1578 δι
2173 1546 2238 1576 re-

1271 1591 1473 1636 frafitarios
1486 1592 1507 1632 a
1523 1591 1716 1647 praedistis
1732 1595 2025 1639 conventibus
2057 1594 2236 1650 ejiciant,

1273 1652 1393 1696 etiam
1418 1650 1632 1704 invocato,
1658 1651 1685 1692 fi
1707 1663 1806 1706 opus
1831 1651 1973 1702 fuerit,
2003 1653 2158 1700 brachii
2174 1651 2239 1693 sae·

1280 1710 1433 1754 cularis
1452 1710 1616 1752 auxilio:
1632 1711 1671 1752 δι
1690 1710 1834 1754 exinde
1850 1710 2139 1765 Ecclefiarum,
2153 1712 2242 1753 Do·

1273 1782 1434 1811 morum
1447 1794 1461 1816 ‚
1474 1769 1754 1826 bonorumque
1766 1770 1950 1815 omnium
1978 1770 2029 1813 ad
2047 1773 2245 1814 Convcn-‘

1278 1840 1342 1870 tus
1370 1830 1419 1870 lic
1449 1824 1668 1883 supprell'os
1694 1829 2007 1884 quomodolibet
2034 1829 2241 1883 pertinenq

1275 1888 1375 1930 tium
1395 1885 1576 1944 regimen
1591 1914 1606 1936 ,
1620 1899 1757 1928 curam
1775 1915 1790 1938 ,
1805 1887 2042 1937 custodiam,
2054 1887 2095 1928 δι
2110 1885 2240 1928 admi-

1276 1945 1553 1988 nistrationem
1577 1942 1821 2000 suscipiant,
1846 1954 2077 2000 curentque
2092 1972 2107 1996 ,
2130 1955 2174 1987 ut
2192 1957 2240 1987 ex

1278 2015 1424 2046 eorum
1441 2000 1669 2044 redditibus
1680 2030 1695 2054 ,
1718 2004 1756 2044 δι
1771 2004 2032 2056 proventibus
2048 2002 2240 2046 unirerfis

1285 2064 1326 2103 in
1345 2060 1505 2114 primis,
1532 2059 1573 2099 δι
1597 2070 1691 2109 ante
1702 2060 1836 2101 omnia
1859 2059 2241 2115 impleanturonera

1279 2117 1498 2167 Miffarum,
1512 2126 1595 2158 tam
1610 2116 1810 2174 hucusque
1831 2131 1908 2162 non
1924 2117 2239 2171 celebratarum,

1281 2177 1399 2236 quim
1429 2174 1676 2231 inposterum
1698 2176 2034 2220 celebrandarum
2049 2204 2063 2227 ,
2094 2178 2131 2219 &
2164 2177 2242 2221 alia

1282 2247 1539 2293 quaecumque
1563 2249 1614 2277 ex
1643 2235 1731 2290 lege
1746 2234 1991 2280 fundationis
2009 2248 2103 2285 ,aut
2121 2236 2244 2292 largi·

1282 2296 1395 2353 tione
1418 2290 1627 2341 fidelium,
1652 2293 1716 2336 vel
1741 2293 1838 2337 alias
1851 2296 2158 2353 quomodolibet
2182 2296 2241 2337 eis

1282 2351 1571 2401 incumbentia,
1586 2353 1728 2408 quibus
1753 2354 1868 2397 nullo
1899 2354 2024 2397 modo
2045 2356 2242 2409 derogare

1282 2410 1550 2459 intendimus,
1576 2412 1612 2452 &
1628 2425 1724 2454 cura
1736 2412 1956 2455 animarum
1971 2442 1985 2464 ,
2010 2413 2034 2455 fi
2060 2428 2144 2470 qua:
2159 2414 2243 2456 illis

1282 2472 1514 2521 immineat,
1538 2483 1606 2524 per
1634 2470 1893 2527 presbyteros
1922 2471 2119 2516 saeculares
2155 2471 2245 2515 ido-

1283 2530 1443 2573 neosvab
1461 2528 1549 2584 iplis
1562 2530 1787 2572 Ordinariis
1800 2530 2083 2586 approbandos
2101 2531 2244 2573 lauda-

1282 2589 1423 2632 biliter
1434 2598 1678 2631 exerceatur
1694 2618 1709 2642 ,
1733 2587 1997 2646 Ecclefiaeque
2011 2587 2152 2631 debito
2164 2597 2258 2633 non·

1283 2647 1524 2691 fraudentur
1541 2645 1704 2689 servitio
1717 2676 1729 2689 .
1751 2650 1955 2694 caererum
1983 2648 2243 2691 intendentes

1284 2706 1335 2751 de
1363 2704 1555 2763 predictis
1579 2705 1720 2756 bonis,
1741 2717 1942 2764 quotquot
1962 2703 2245 2762 superfuerint,

1290 2765 1536 2818 oneribugut
1555 2762 1686 2820 supra,
1698 2764 1906 2818 detractis,
1920 2765 2135 2810 salubriter
2149 2782 2247 2824 pro·

1291 2824 1456 2874 videre,
1477 2823 1710 2867 earumdem
1725 2821 1878 2869 ‘tenore
1904 2825 2152 2883 praesentium
2174 2828 2249 2869 bo-

1291 2896 1341 2925 na
1366 2880 1590 2937 hujusmodi
1603 2881 1850 2936 applicamus
1866 2908 1882 2932 ,
1901 2884 1942 2924 &
1957 2883 2155 2935 applicata
2169 2881 2246 2926 else

1285 2938 1605 2990 decernimus,&
1620 2936 1871 2982 declaramus
1885 2939 1962 2995 piis
1974 2938 2105 2982 ufibus
2121 2942 2157 2983 in
2171 2940 2248 2983 eis-

1286 2999 1465 3042 demmet
1481 2998 1582 3055 locis
1597 3024 1611 3045 ,
1625 2998 1695 3039 ubi
1713 2996 1773 3039 liti
1798 2996 1886 3040 sunt
1905 3000 2170 3048 Conventus,
2189 3001 2246 3043 iit:

1287 3071 1363 3112 que
1390 3070 1473 3099 non
1503 3054 1774 3109 indigentibus
1798 3082 1813 3104 ,
1839 3056 1877 3098 in
1903 3054 1990 3097 aliis
2018 3055 2118 3099 locis
2140 3056 2246 3114 ejus-

1287 3117 1379 3158 dem
1399 3111 1591 3156 Dioecefis
1619 3113 1730 3169 juxta
1743 3113 2053 3169 designationem
2067 3141 2080 3162 ,
2106 3117 2146 3157 δι
2174 3130 2246 3171 pa·

1292 3175 1482 3217 ritionem
1496 3198 1510 3220 a
1525 3186 1642 3225 quam
1656 3171 1798 3216 eadem
1817 3174 2091 3230 Congregatio
2114 3174 2248 3230 fingu-

1294 3236 1428 3277 lorum
1448 3230 1734 3287 Episcoporum
1748 3246 1842 3276 cum
1855 3230 1928 3274 suis
1943 3225 2147 3287 Capitulis
2161 3232 2248 3276 sen-

1302 3290 1428 3335 tentia
1455 3290 1560 3344 prius
1583 3290 1721 3334 audita
1735 3321 1750 3344 ,
1770 3290 1935 3346 &plena
1950 3291 2076 3333 totius
2093 3292 2248 3347 negotii

1299 3351 1501 3394 relatione
1515 3349 1650 3393 habita
1666 3380 1680 3401 ‚
1694 3351 1746 3394 de
1758 3348 1946 3391 mandato
1971 3349 2105 3394 nostro
2129 3349 2251 3394 faciet

1297 3411 1339 3452 in
1361 3409 1440 3453 suis
1468 3408 1613 3451 litteris
1644 3409 1694 3451 ad
1726 3407 1884 3452 eosdem
1914 3407 2128 3464 Episcopos
2150 3406 2250 3453 scri·

1299 3468 1462 3517 bendis,
1485 3467 1526 3508 &
1551 3467 1590 3509 in
1612 3467 1866 3512 cancellaria
1898 3466 2119 3522 Episcopali
2142 3469 2250 3522 regi-

1301 3526 1467 3569 strandis
1479 3527 1528 3568 ad
1544 3535 1773 3582 perpetuam
1801 3526 1858 3568 rei
1885 3527 2140 3569 memoriam.
2163 3529 2248 3569 Ve-

1300 3587 1405 3633 rum,
1418 3585 1508 3639 quia
1538 3598 1677 3639 parum
1693 3583 1749 3626 est
1771 3585 1878 3626 mala
1907 3586 2150 3640 praecidere,
2182 3584 2247 3627 nifi

1298 3644 1416 3686 etiam
1431 3642 1627 3685 malorum
1641 3641 1778 3690 causa,
1809 3643 1850 3684 δι
1873 3643 1988 3686 radix
2017 3644 2217 3687 evellatur
2232 3668 2246 3690 ,

1297 3701 1614 3744 Constitutiones
1640 3699 1709 3744 fel.
1732 3700 1892 3745 record.
1908 3702 2101 3745 Bonifacii
2124 3702 2243 3742 Vnt.

1298 3774 1383 3815 quae
1400 3759 1564 3816 incipit:
1597 3763 1695 3804 Cum
1714 3775 1761 3802 ex
1775 3775 1816 3802 eo
1831 3791 1846 3812 ‚
1871 3775 2028 3804 necnon
2058 3759 2248 3802 Clemen-

1297 3819 1348 3863 tis
1364 3821 1483 3863 Vm.
1509 3819 1697 3877 incipien.
1717 3821 1916 3918 ⁶Quoffn‘am
1931 3820 1985 3862 ad
1994 3817 2218 3912 Institttlfam
2230 3839 2244 3863 s

1727 3881 1757 3921 F
1772 3877 1796 3919 f
1845 3891 1868 3920 2
2098 3884 2119 3912 a
2140 3884 2197 3912 10·
