2444 4192
387 195 552 279 320

318 325 483 381 ligioso‚
495 325 557 370 vel
580 325 602 370 ὲ
614 325 830 384 Superiore
847 323 1040 379 quopiam
1054 324 1245 368 Generali
1262 351 1278 374 ‚

321 387 594 438 Provinciali,
619 397 689 429 aut
703 386 782 428 alio
795 397 1033 440 quocunque
1042 384 1178 426 officio
1190 379 1278 426 fun-

323 455 448 502 gente
460 474 476 497 ‚
486 456 558 488 aut
569 448 595 490 ὲ
610 447 828 488 Conventu
843 471 859 494 ‚
868 444 1080 498 Capitulo,
1094 442 1155 487 vel
1166 446 1280 486 Con-

322 506 562 560 gregatione
587 530 602 553 ‚
632 505 711 546 five
743 504 793 545 ab
835 501 1020 545 universo
1041 503 1197 546 Ordine
1239 503 1280 544 δι

321 565 538 618 Religione
564 563 775 618 quicquam
805 561 1063 614 receperint3
1092 561 1153 613 id,
1165 560 1278 618 quod

319 622 567 679 acceperint,
582 622 694 662 suum
707 634 787 662 non
801 617 973 661 faciant.
1004 620 1165 664 Verum
1190 615 1276 674 ipso

317 678 424 722 faGo
436 679 580 734 absque
606 678 736 734 aliqua
754 677 1140 735 monitioueJudicis
1154 704 1169 728 ,
1197 679 1271 718 de·

315 750 433 782 creto
447 765 462 788 ,
478 736 674 780 sententia
684 763 700 786 ‚
711 746 781 778 aut
793 736 1087 786 declaratione,
1096 738 1148 780 ad
1163 735 1273 779 illius

314 797 611 841 restitutionem
634 795 805 837 omnino
825 796 868 837 in
885 806 1061 852 utroque
1089 795 1183 838 foro
1212 804 1275 836 te-

318 865 516 900 neantur:
540 852 644 894 adeo
661 863 707 896 ut
722 852 973 898 restitutione
1003 854 1085 912 ipsa
1110 852 1275 897 realiter

312 928 393 956 non
413 911 537 961 faeta,
552 924 681 967 neque
694 912 819 957 etiam
843 914 885 958 in
910 912 1005 961 fibro
1018 910 1273 957 conscientia

309 970 460 1015 absolvi
475 968 622 1025 poffint
633 999 648 1013 .

428 1030 548 1071 Hanc
562 1040 708 1084 autem⁶
720 1030 1019 1075 restitutionem
1038 1030 1131 1075 fieri
1154 1032 1275 1075 volu·

308 1102 394 1132 mus
426 1101 508 1131 non
520 1089 715 1143 privatim
739 1090 779 1134 ei
809 1089 1021 1145 Religioso
1033 1118 1049 1142 ,
1061 1091 1128 1146 qui
1141 1090 1273 1133 dona-

310 1152 370 1192 vit
386 1145 482 1201 ‚sed
494 1147 533 1189 ei
559 1148 834 1201 Monasserio,
852 1150 1033 1199 Domui,
1057 1149 1123 1191 vel
1146 1147 1271 1192 alteri

309 1210 420 1255 loco,
432 1204 483 1247 dc
496 1205 611 1263 cnjus
624 1207 742 1250 bonis
758 1205 858 1250 fana
880 1209 938 1251 est
950 1206 1118 1262 largitio
1129 1235 1145 1259 ,
1159 1207 1228 1251 vel
1243 1205 1272 1250 fi

306 1281 391 1311 non
405 1264 459 1308 de
473 1263 560 1321 ejus
572 1265 691 1309 bonis
702 1266 904 1311 donatum
916 1265 971 1310 est
979 1296 997 1318 ,
1011 1268 1052 1309 in
1066 1280 1148 1323 quo
1165 1267 1275 1311 idem

280 1323 288 1335 ⁸
307 1325 541 1380 Religiosus
550 1323 708 1369 donans
724 1323 1011 1369 Profeffionem
1025 1324 1153 1369 emifit
1167 1354 1184 1378 ‚
1207 1325 1276 1368 vel

307 1387 337 1428 si
351 1383 511 1427 nomine
528 1384 656 1428 totins
683 1385 867 1440 Capituli
885 1412 901 1435 ,
922 1382 1194 1435 Conventus,
1205 1393 1274 1427 aut

312 1442 694 1507 congregationis,
724 1442 790 1486 vel
810 1441 983 1486 univerfi
1007 1442 1179 1486 Ordinis
1209 1445 1274 1486 seu

312 1501 547 1555 Religionis
572 1500 743 1543 donatio
770 1498 871 1544 fasta
894 1501 1078 1545 extiterit
1092 1527 1108 1550 ,
1122 1502 1277 1557 pariter

312 1558 674 1604 communimensae
698 1569 768 1601 aut
786 1557 937 1610 matra,
963 1558 1080 1613 eujus
1106 1561 1274 1601 nomine

314 1620 512 1660 donatum
524 1615 645 1657 suerit
660 1643 677 1666 ,
687 1627 855 1671 accepta
870 1629 1038 1657 munera
1067 1615 1274 1657 restituan-

318 1687 406 1726 tar3
419 1675 476 1715 ita
490 1683 536 1715 ut
560 1686 634 1714 nec
649 1672 720 1728 qui
738 1671 942 1723 donavit,
967 1686 1041 1716 nec
1074 1675 1273 1718 Conven-

312 1744 378 1775 tus
393 1758 408 1781 ,
423 1729 661 1786 Capitulum
679 1758 694 1781 ‚
707 1730 986 1787 Congrcgatio
997 1757 1014 1782 ‚
1037 1730 1178 1782 ordo,
1199 1743 1272 1777 aut

312 1788 486 1845 Religio
499 1817 516 1841 ,
531 1788 597 1832 cui
609 1787 812 1833 restitutio
826 1788 1011 1834 facienda
1026 1790 1108 1842 est,
1123 1790 1274 1837 illam..-

309 1849 519 1894 remittere
530 1876 548 1900 ‚
571 1849 614 1890 δι
631 1848 781 1892 iterum
795 1848 1029 1893 condonare
1043 1878 1062 1901 ,
1085 1860 1157 1894 aut
1170 1851 1275 1897 reci·

311 1911 493 1966 pientem
506 1908 557 1949 ab
570 1905 819 1962 obligatione
831 1907 1066 1951 restituendi
1081 1909 1274 1963 eximere,

308 1968 391 2016 vel,
405 1973 451 2007 ut
466 1965 509 2007 in
526 1967 729 2020 Paupcres
751 1966 1160 2023 eroget,concedere‚
1174 1982 1277 2027 quo·

312 2023 524 2084 quomodo
548 2022 691 2075 potiit.

423 2079 551 2138 Quod
579 2079 708 2137 fiquis
733 2094 784 2123 ex
800 2079 1033 2136 supradietis
1058 2083 1273 2139 Regulari·

305 2144 383 2186 bus
408 2136 639 2183 utriuslibet
665 2138 782 2184 sexiis
803 2134 1075 2197 cujuscunque
1095 2141 1270 2198 gradus,

307 2197 493 2249 ordinis,
521 2195 757 2253 dignitatis,
788 2212 836 2242 ac
850 2198 1022 2245 ubilibet
1045 2199 1273 2246 locorum.»

307 2254 568 2304 existentibus
582 2255 829 2315 conjunctim
843 2286 858 2309 ‚
886 2271 979 2301 cum
992 2260 1147 2303 ceteris
1159 2288 1175 2311 ,
1205 2261 1270 2304 seu

305 2315 462 2363 divifim
491 2315 714 2359 nostrarum
755 2313 985 2373 bujufinodi
1029 2318 1270 2374 prohibitio-

306 2390 433 2427 num,
463 2371 734 2424 statutorum,
764 2375 1066 2420 ordinationum
1089 2406 1107 2430 ,
1137 2376 1271 2436 juffio-

308 2450 404 2482 num
415 2462 434 2488 ,
445 2432 712 2479 decretorum
724 2460 741 2484 ‚
753 2434 1042 2480 mandatorum
1056 2433 1275 2494 transgres-

308 2497 373 2540 sor
388 2491 512 2537 suerit
525 2521 542 2544 ,
557 2493 765 2538 statuimus
775 2522 790 2547 ‚
806 2504 850 2537 ut
865 2496 1075 2547 omnibus,
1088 2498 1129 2540 δι
1142 2497 1273 2555 fingu-

311 2555 364 2598 lis
374 2565 450 2610 per
459 2563 556 2619 etim
577 2553 759 2596 obtentis
771 2553 1055 2610 dignitatibus,
1068 2554 1274 2613 gradibus,

312 2610 549 2655 muneribus
575 2610 616 2653 ec
637 2610 778 2656 officiis
802 2626 855 2657 eo
879 2614 893 2658 i
981 2613 1164 2671 privatus
1180 2642 1195 2668 ,
1224 2628 1271 2657 ac

315 2669 366 2713 ad
381 2667 454 2712 illa
469 2695 484 2720 ‚
516 2668 558 2710 δι
581 2667 659 2713 alia
674 2669 817 2715 fimitis
836 2684 885 2716 ve
924 2671 1123 2717 diffimilia
1141 2677 1183 2718 'm
1208 2669 1271 2717 fu-

313 2739 454 2775 turum
465 2726 690 2772 obtinenda
712 2729 900 2772 inhabilis
915 2733 1111 2788 perpetuo
1129 2760 1146 2786 ‚
1156 2733 1197 2776 ἀ
1209 2733 1271 2776 in·

315 2798 474 2844 capax,
495 2798 554 2854 ac·
610 2797 752 2844 rpetua
778 2785 939 2832 insania
953 2819 969 2843 ,
989 2790 1031 2833 ec
1051 2791 1273 2848 ignominia

318 2853 477 2891 notatus
491 2857 555 2887 eat
641 2873 654 2887 .
680 2847 734 2889 Et
750 2855 944 2902 preterea
972 2850 1276 2906 privationem-0

316 2905 427 2949 vocis
438 2903 574 2947 adin
597 2903 639 2946 δι
662 2902 810 2961 panim
819 2906 967 2965 abique
980 2908 1275 2966 ullosuperio·

321 2966 374 3008 ris
401 2960 575 3005 decreto
597 2989 611 3013 ,
638 2972 708 3005 aut
734 2962 958 3010 ministerio
982 2965 1067 3025 ipso
1084 2966 1188 3013 sado
1217 2972 1274 3014 in·

317 3030 478 3090 currat:
509 3032 665 3064 necnon
685 3048 701 3075 ‚
728 3022 836 3069 ultra
859 3023 1086 3080 huiusmodi
1108 3042 1280 3086 peenas,

320 3091 445 3149 etiam
467 3090 658 3137 tanquam
670 3091 814 3127 contra
827 3080 954 3136 furti,
964 3085 1004 3129 δι
1018 3087 1187 3133 iimoniae
1198 3091 1277 3135 cri·

320 3152 474 3209 minum
487 3150 628 3208 reutn‘,
659 3148 742 3182 tam
774 3154 846 3200 per
866 3140 972 3187 vi'am
1000 3143 1280 3194 denunciatio·

318 3213 381 3244 nis
396 3227 411 3251 ‚
425 3198 711 3253 accusationis,
725 3209 796 3244 aut
810 3201 1007 3258 querela,
1019 3206 1139 3262 quarn
1154 3209 1278 3254 etiam

322 3255 522 3326 exoilicin
550 3257 719 3315 procedi
746 3259 788 3301 dt
812 3259 978 3319 inquiri,
993 3263 1280 3327 condignisique

326 3315 528 3383 suppliciis
541 3314 647 3361 affici
669 3315 842 3366 debeat.
883 3321 1021 3365 Poenis
1045 3323 1136 3370 aliis
1153 3327 1175 3371 a
1191 3326 1278 3385 jure

328 3376 507 3429 statutis,
532 3389 579 3420 ac
591 3389 666 3435 per
677 3375 775 3421 alias
806 3379 1129 3429 constitutiones
1163 3388 1278 3445 Apo-

324 3435 482 3477 stolicas
506 3462 523 3487 ,
565 3444 637 3480 ant
666 3436 827 3542 Ὗι
867 3437 1039 3497 cujusvis
1081 3443 1248 3491 Ordinis
1262 3474 1279 3502 ‚

320 3493 698 3560 congregationis,
777 3498 996 3553 austerii,
1022 3501 1179 3548 Domus
1206 3517 1274 3551 sut

324 3551 407 3597 loci
440 3551 589 3618 statuta.
604 3579 620 3604 ,
650 3553 718 3598 vel
750 3555 1059 3605 consuetudines
1098 3572 1274 3612 eontra...

323 3609 511 3669 personas
538 3610 690 3667 aliquid
711 3616 998 3672 premin'omm
1009 3624 1273 3670 committen-

321 3679 385 3715 tes
405 3692 421 3719 s
447 3665 579 3711 forsan
603 3669 777 3718 decretis
799 3676 841 3720 dt
862 3676 1048 3735 inflictis,
1066 3680 1167 3728 nihil
1196 3683 1272 3729 mi·

321 3740 400 3774 tm!
422 3729 462 3772 in
485 3725 554 3771 suo
564 3727 711 3773 robore
740 3736 1008 3789 permansuri.
1022 3768 1035 3784 ,

845 163 1008 249 Sub
1068 155 1447 252 Clemente
1511 167 1780 258 VIII.

1452 329 1661 384 Quocirca
1690 325 1882 371 univerfis
1896 325 1937 367 δι
1951 323 2114 381 lingulis
2134 324 2300 366 moder-

1336 385 1470 437 n152&
1483 401 1562 443 pro
1576 397 1763 442 tempore
1785 385 2042 429 existentibus
2068 382 2296 428 locorum-a

1338 444 1564 489 ordinariis
1575 472 1590 495 ,
1603 460 1825 502 eorumque
1852 443 2024 485 Vicariis
2037 469 2052 492 ,
2082 445 2124 485 &
2136 441 2302 489 Officia·

1337 504 1441 547 libus
1459 533 1475 558 ,
1496 519 1647 549 necnon
1674 514 2024 562 quorumcumque
2039 501 2296 552 ominum-a,

1338 564 1595 608 Prioratuum
1611 593 1626 617 ,
1643 562 1995 609 monasteriorum,
2010 561 2052 601 &
2066 561 2299 602 Domorum

1336 623 1619 680 Superioribus
1630 650 1648 672 a
1660 624 1781 666 etiam
1797 617 2067 662 Generalibus
2083 642 2099 665 s
2111 617 2178 660 seu
2191 620 2275 660 Pro
2284 642 2297 652 -

1333 682 1587 731 vincialibus,
1599 678 1847 736 caeterisque,
1860 678 1911 719 ad
1925 687 2032 733 quos
2044 675 2070 716 s
2060 677 2208 729 peditat,
2226 691 2297 732 per

1331 742 1563 797 Apostolica
1577 740 1723 796 scripta
1745 736 1982 780 mandamus
1995 759 2011 784 2
2022 743 2222 789 quatenus
2234 735 2297 788 ip-

1334 799 1360 842 fi
1385 801 1427 843 δι
1451 814 1594 843 eorum
1611 798 1753 854 finguli
1771 824 1787 848 ,
1809 795 2004 850 quantum
2020 789 2071 833 ad
2084 805 2155 835 eos
2169 792 2299 847 perti-

1333 868 1423 911 net,
1438 870 1579 902 curent
1593 858 1705 900 omni
1720 854 1854 898 studio
1867 880 1882 903 s
1901 850 2116 907 diligentia
2133 878 2147 902 ‚
2161 852 2299 892 audio-

1333 918 1454 960 ritate
1476 918 1515 958 &
1541 915 1764 972 vigilantia,
1774 914 2006 969 praesentem
2023 909 2299 955 Constitutio-

1334 990 1428 1020 nem
1454 974 1624 1018 firmiter
1637 971 1891 1016 &inviolate
1906 967 2128 1018 observari,
2138 969 2295 1011 &con-

1332 1046 1395 1078 tra
1410 1034 1713 1080 inobedientes,
1736 1031 1799 1074 vel
1818 1027 2122 1085 transgressores
2149 1026 2297 1070 condis

1333 1095 1423 1150 gnis
1447 1091 1582 1149 poenis
1609 1088 1876 1133 animadverti
1905 1117 1918 1130 .
1948 1085 2120 1131 Eosdem
2151 1085 2299 1133 inobeq

1331 1153 1491 1196 dientes
1503 1179 1519 1204 ‚
1549 1163 1710 1193 necnon
1733 1147 2056 1192 contradiaores
2083 1143 2294 1201 quoslibet

1333 1213 1374 1254 δι
1398 1209 1578 1254 rebelles
1597 1221 1671 1266 per
1682 1216 1916 1265 opportuna
1930 1206 2031 1263 juris
2054 1205 2098 1248 δι
2123 1202 2219 1247 facti
2234 1217 2298 1246 re·

1335 1270 1487 1323 media,
1498 1268 1770 1325 appellatione
1781 1264 1996 1322 poflpofita
2008 1294 2026 1317 ,
2037 1261 2301 1320 compescen-

1333 1327 1482 1373 scendo
1495 1356 1511 1379 ,
1523 1328 1717 1370 invocato
1732 1325 1855 1368 etiam
1869 1323 1921 1366 ad
1946 1324 2022 1369 hoc
2034 1322 2083 1381 (fi
2099 1335 2200 1379 opus
2216 1319 2301 1365 fue-

1334 1389 1386 1432 rit
1402 1386 1589 1448 )auxilio
1603 1384 1761 1428 brachii
1777 1382 1997 1427 secularis.

1452 1449 1548 1489 Non
1562 1444 1810 1487 obstantibus
1819 1439 2191 1485 Constitutionibus
2214 1466 2230 1490 ‚
2259 1438 2299 1480 δι

1333 1502 1676 1547 Ordinationibus
1689 1504 1724 1544 Δ
1731 1499 1952 1554 postolicis,
1960 1500 2300 1553 dictorumque-a

1334 1560 1667 1603 Monasteriorum
1683 1584 1700 1607 ,
1725 1557 2016 1608 Primatum,
2041 1558 2272 1598 Domorum
2288 1582 2304 1608 ,

1334 1621 1541 1662 Locorum
1554 1644 1569 1668 ‚
1584 1628 1743 1661 necnon
1755 1615 1958 1659 ordinum
1971 1643 1988 1668 ,
1999 1618 2168 1670 Congre
2198 1612 2302 1657 atio·

1334 1691 1461 1728 num,
1488 1674 1775 1730 collegiorum
1803 1673 2064 1731 juramento,
2081 1687 2160 1717 eon
2193 1685 2301 1717 rma·

1331 1737 1445 1780 tione
1458 1732 1718 1791 Apostolum,
1732 1732 1796 1779 vel
1810 1733 1956 1789 quavis
1969 1730 2163 1775 firmitate
2187 1730 2299 1776 alis...

1334 1795 1538 1840 roboratis
1564 1791 1722 1836 statutis
1750 1793 1792 1835 δι
1803 1787 2191 1844 consuetudinibus'3
2214 1788 2301 1846 pri·

1335 1854 1490 1914 vilegiis
1505 1865 1664 1910 quoque
1680 1850 1849 1896 indultis
1862 1876 1877 1900 2
1896 1851 1939 1893 &
1962 1847 2108 1893 litteris
2124 1849 2301 1904 Apollo·

1335 1914 1426 1959 licis
1440 1924 1786 1971 quorumcumque
1801 1919 1990 1953 tenorum
2005 1907 2177 1951 existant
2188 1932 2205 1957 2
2225 1919 2300 1963 per

1333 1987 1419 2029 quae
1440 1969 1697 2028 presentibus
1721 1981 1803 2011 non
1820 1964 1995 2023 expreffa
2009 1993 2024 2017 ‚
2050 1965 2115 2009 vel
2129 1963 2182 2008 ad
2205 1976 2302 2016 vere

1300 2060 1305 2065 -
1333 2032 1430 2074 bum
1445 2042 1525 2072 non
1543 2025 1694 2071 inserta
1711 2025 1901 2079 ‚effectus
1927 2021 2131 2081 praesentis
2156 2022 2300 2067 nostre

1332 2085 1645 2134 constitutionis
1676 2084 1861 2142 impediri
1889 2082 2206 2141 quomodolibet
2229 2096 2301 2125 ra-

1332 2148 1417 2192 leat
1431 2175 1448 2201 ,
1462 2146 1528 2190 vel
1543 2143 1695 2189 differri
1705 2170 1721 2196 2
1732 2145 1775 2187 δι
1788 2142 1840 2188 de
1853 2144 1994 2200 quibus
2011 2171 2029 2196 ,
2041 2154 2297 2200 quorumque

1332 2207 1433 2252 totis
1445 2205 1656 2250 tenoribus
1675 2202 1862 2247 habenda
1878 2203 1923 2245 fit
1937 2201 1979 2249 iu
1997 2202 2138 2247 uostris
2148 2199 2301 2245 litteris

1332 2266 1485 2308 mentio
1500 2261 1690 2319 specialia.
1707 2263 1806 2320 Qae
1820 2259 1972 2309 omnia,
1993 2269 2189 2315 quatenus
2204 2270 2299 2314 prae-

1332 2321 1450 2366 miffis
1469 2321 1509 2364 in
1535 2320 1673 2377 aliquo
1689 2316 1954 2362 adversentur
1967 2345 1984 2370 ,
2011 2316 2170 2375 prorsus
2185 2316 2300 2361 tolli-

1333 2396 1421 2426 mus
1455 2382 1495 2424 &
1521 2380 1765 2432 abrogamus
1794 2402 1811 2428 ‚
1835 2373 2067 2433 ceterisque
2077 2375 2298 2421 contrariis

1331 2438 1649 2501 quibuscumque
1661 2464 1675 2480 .

1449 2496 1652 2543 Volumus
1667 2503 1802 2539 autem
1817 2523 1834 2549 ,
1859 2502 1906 2539 ut
1918 2493 2134 2553 proestntes
2154 2492 2298 2538 littere

1331 2559 1371 2603 in
1384 2557 1526 2602 Valvis
1540 2555 1759 2613 S.Joannis
1774 2553 2070 2607 Lateranenfis,
2084 2554 2125 2596 δι
2137 2553 2298 2598 Princi-

1329 2617 1393 2675 pis
1406 2614 1697 2672 Apostolorum
1714 2613 1768 2657 de
1783 2615 1895 2659 Urbe
1910 2611 2187 2664 Baiilicarum,
2201 2612 2243 2655 δι
2257 2613 2296 2655 in

1330 2676 1434 2720 Acie
1446 2674 1593 2731 Campi
1608 2673 1738 2719 Flore
1761 2671 2022 2730 publicentur
2036 2699 2053 2725 ,
2080 2669 2207 2714 affixis
2221 2670 2299 2715 ini-

1331 2736 1520 2780 bicatum
1536 2731 1763 2788 exemplis,
1788 2729 2004 2776 &dimitiis
2019 2760 2032 2773 .
2047 2729 2174 2788 Quod
2206 2742 2296 2774 uu

1337 2807 1474 2839 earum
1491 2791 1700 2848 exempla,
1726 2789 1792 2833 seu
1806 2789 1972 2833 illorum
1998 2801 2170 2846 compen
2205 2788 2241 2829 ia
2257 2788 2296 2831 in

1338 2853 1451 2897 libris
1464 2861 1799 2908 quorumcunque
1814 2851 2072 2893 statutorum
2090 2844 2296 2904 praedie'to·

1334 2927 1426 2957 rum
1440 2908 1806 2959 monasteriorum,
1833 2906 2092 2951 Prioratuum
2105 2934 2122 2959 ,
2151 2902 2298 2948 Colle·

1336 2972 1495 3030 giorum
1510 2995 1524 3021 ‚
1544 2970 1771 3012 Domorum
1782 2992 1798 3018 ‚
1810 2965 2015 3011 Ordinum
2030 2993 2046 3018 ,
2062 2966 2103 3008 δι
2115 2967 2298 3020 Οοηῑτα

1337 3030 1547 3088 gationum
1557 3025 1715 3086 (quoad
1731 3024 1951 3076 Moniales,
1960 3025 1999 3068 in
2015 3021 2297 3076 vernaculum,
2314 3020 2318 3026 “

1335 3091 1377 3133 δι
1391 3088 1456 3133 vul
1488 3101 1601 3133 arem
1614 3083 1802 3143 cuiusque
1826 3084 2014 3143 Regionis
2040 3081 2295 3128 sermonem..-

1342 3103 1491 3251 versa}
1503 3147 1576 3191 &i
1591 3145 1674 3192 loci
1687 3142 1909 3191 Ordinatio
1921 3171 1936 3197 ,
1950 3143 2020 3201 qui
2033 3141 2074 3187 id
2091 3138 2296 3200 quampri-

1338 3221 1446 3253 mum
1490 3207 1550 3252 eri
1565 3214 1707 3258 curet,
1732 3202 1953 3259 subscripta
1978 3201 2232 3251 inserantut3
2254 3197 2296 3242 δι

1340 3267 1480 3312 saltem
1495 3265 1709 3326 quotannis
1722 3264 1762 3311 in
1780 3258 1997 3320 Capitulis,
2013 3258 2093 3304 five
2109 3259 2296 3312 Congre-

1338 3327 1569 3386 gationibus
1592 3322 1784 3383 cujusque
1809 3332 1945 3367 earum
1966 3317 2051 3363 alti
2074 3317 2116 3360 δι
2138 3313 2296 3360 intelli-

1368 3386 1452 3432 ibili
1485 3399 1589 3432 voce
1609 3383 1817 3443 legantur·
1844 3380 1897 3424 Et
1926 3375 2186 3422 nibilominus
2205 3372 2291 3431 post

1334 3446 1467 3552 {5535
1471 3456 1552 3567 '3¹12
1567 3436 1896 3549 ffssmsszfflff
1902 3433 2126 3547 ῑὲἒὲεῗὲἑέἳ
2131 3443 2294 3538 ῗηίἵξῑ

1333 3578 1533 3625 quemque
1547 3563 1654 3608 eitra
1666 3565 1824 3605 montes
1838 3583 1854 3608 .
1879 3553 1988 3599 ultra
2015 3563 2177 3597 montes
2193 3553 2293 3598 vero

1333 3624 1418 3681 post
1432 3632 1607 3683 quatuor
1619 3618 1771 3664 menses
1785 3645 1803 3669 ,
1816 3613 1984 3675 perinde
1999 3615 2171 3661 ament,
2181 3610 2217 3654 δι
2228 3609 2293 3654 af-

1331 3682 1470 3729 ficiant
1483 3713 1499 3737 ‚
1517 3695 1565 3726 ac
1583 3678 1608 3724 fi
1621 3675 1766 3734 cuique
1847 3672 2059 3719 rsonaliter
2074 3671 2290 3725 intimate,

1326 3743 1367 3786 dt
1380 3753 1532 3802 percos
1545 3737 1686 3796 jurato
1702 3735 1758 3781 sui
1790 3742 1883 3779 ent.

1443 3796 1651 3861 Qodque
1673 3807 1813 3840 carum
1840 3790 2083 3850 transumpti
2131 3787 2287 3890 etism-0

2157 3861 2167 3890 ι
2211 3872 2230 3882 -
