2444 4192
2010 195 2179 281 493

377 377 1686 526 BENEDICTUM
1755 379 2118 525 XIV,

240 615 536 685 Bononienfim
549 650 567 674 ,
600 627 721 663 antea
748 607 986 675 Prosperum
1002 644 1018 667 ,
1032 608 1077 659 S.
1097 610 1158 660 R.
1185 610 1241 660 Ε.
1267 608 1533 658 Cardinalem
1557 606 1874 659 Lambertinum
1893 646 1908 668 ,
1923 615 1977 660 ὅ
1994 610 2152 664 Patriae
2166 618 2250 667 Ar-

310 687 612 757 chiepr‘fivpum
625 687 699 744 ,in
730 678 989 748 Sacrosc'tnc‘li
1019 680 1236 748 Pontificii
1260 682 1429 731 vertice
1456 677 1726 728 constitutum
1752 679 1855 747 ff,
1891 682 2075 748 Ecclefia
2107 685 2195 735 Dei
2220 693 2247 738 ἆ

307 759 633 828 decimoftptimo
651 752 826 824 Augusti
845 754 945 801 anni
967 770 986 800 1
997 768 1116 815 740.
1131 752 1303 800 laetatur
1320 786 1336 809 ,
1354 749 1538 818 Eumque
1563 750 1681 799 haud
1691 751 1836 811 aliter,
1852 769 1901 800 ac
1920 751 2135 819 Pafibaelis
2168 756 2246 807 Pa.

304 844 366 897 pa
391 826 459 879 II.
488 828 540 879 de
562 824 728 896 Magno
750 822 954 892 Gregorio
980 824 1039 872 ad
1061 821 1282 889 Epistopos
1312 857 1330 880 ,
1359 822 1416 870 (9¹
1448 820 1636 888 ‘Regem
1670 821 1840 889 Angliae
1857 822 2030 890 firipfit
2046 861 2063 884 ,
2102 827 2242 878 Chri.

309 897 445 951 stiani
475 899 637 969 populi
658 891 983 953 Pastorem,&
1011 892 1267 944 DocStorem
1297 895 1343 942 in
1368 893 1583 941 omnibus
1606 890 1776 943 merito
1802 910 2069 956 veneratur,
2085 916 2133 947 αι·
2152 914 2242 948 tum

307 970 412 1032 illi,
433 985 524 1022 tum
533 969 629 1039 fibi
656 970 889 1038 longaevam
916 964 1158 1035 Regiminis
1176 963 1391 1033 periodum
1417 977 1615 1030 precatur
1629 992 1644 1013 .-

240 1138 387 1188 Poena
417 1146 579 1183 contra
616 1128 926 1184 Confessarios
955 1166 973 1191 ,
1022 1130 1069 1180 in
1106 1146 1211 1178 con·

311 1202 500 1254 feffione
551 1201 851 1253 sollicitantes
887 1218 996 1252 cum
1045 1215 1211 1270 praece·

310 1286 398 1341 pto
427 1274 532 1322 illos
557 1270 857 1320 denuntiandi
877 1273 1094 1330 innovat,
1123 1274 1213 1321 Ca-

272 1382 281 1401 .,
309 1341 612 1395 lumniatorcs
627 1338 849 1389 beneficio
885 1338 1212 1398 absolutionis,

311 1410 398 1463 soli
429 1414 562 1480 Papae
588 1406 825 1461 reservata:
844 1446 860 1470 ,
893 1423 1021 1460 extra
1047 1409 1213 1461 mortis

312 1482 574 1553 periculum
592 1481 745 1549 privat
759 1514 776 1539 ,
791 1479 842 1532 ἃ
861 1483 1213 1531 Sacramentum

313 1553 599 1618 Poenitentiae
654 1549 958 1619 complicibus
1020 1551 1214 1602 admini-

313 1623 483 1676 strandi
516 1619 777 1686 hujusmodi
796 1620 1122 1674 Sacerdotibus
1154 1618 1214 1672 fa·

317 1697 542 1747 cultatem
559 1692 727 1743 adimit
739 1726 754 1740 .

246 1822 774 1881 BENEDICTUS
811 1822 1217 1879 EPISCOPUS

424 1956 595 1998 Servus
627 1953 879 1998 SeRvoRuM
914 1952 1027 1996 Det.

395 2071 466 2116 Al
479 2078 714 2128 perpetuam
741 2066 804 2113 rei
827 2069 1080 2114 memoriam.

328 2191 619 2235 Acramentum
633 2188 890 2234 Poenitentiae
905 2216 919 2239 ‚
945 2204 1065 2246 quam
1081 2189 1222 2232 secun·

247 2197 320 2307 S
353 2251 448 2294 dam
466 2248 553 2305 post
569 2246 821 2303 naufragium
843 2249 1066 2306 deperditae
1082 2250 1219 2306 gratiae

247 2309 430 2354 tabulam
454 2307 589 2353 Sancti
607 2310 751 2352 Patres
778 2309 874 2366 apte
905 2310 1190 2364 nuncuparunt
1205 2337 1220 2359 ,

247 2371 340 2414 Nos
352 2369 451 2412 licet
468 2368 725 2411 immerentes
737 2392 752 2416 ,
780 2369 832 2412 ad
848 2368 1019 2412 universi
1035 2368 1221 2411 Domini·

248 2428 286 2471 ci
302 2427 451 2484 Gregis
471 2439 615 2470 curam
630 2427 797 2482 superna
818 2426 1082 2484 dispositione
1097 2441 1220 2470 voca-

248 2487 282 2530 ti
299 2501 448 2540 ,omne
473 2485 644 2528 studium
657 2513 673 2537 ,
694 2487 736 2528 δι
753 2487 994 2543 pastoralem
1021 2485 1220 2530 sollicitu-

245 2546 384 2590 dinem
400 2544 597 2587 adhibere
608 2546 994 2603 tenemur,ne,quod
1009 2545 1093 2602 post
1106 2545 1222 2588 amis-

246 2604 328 2648 sam
344 2602 528 2658 baptismi
540 2602 816 2646 innocentiam
833 2604 976 2647 datum
996 2605 1053 2646 est
1077 2605 1218 2648 divina

246 2662 504 2720 benignitate
530 2658 760 2718 perfugium
787 2690 803 2716 ,
838 2677 912 2720 per
943 2665 1216 2708 Damonum,

246 2722 435 2767 fraudem
449 2747 465 2772 ,
485 2720 530 2762 ἅ
551 2719 763 2763 hominum
791 2723 868 2764 Dei
894 2720 1102 2767 beneficiis
1119 2736 1215 2779 per-

250 2778 372 2824 verse
386 2776 586 2822 utentium
597 2776 795 2820 malitiam
806 2807 824 2831 ,
839 2778 1043 2837 naufragis
1055 2809 1070 2832 ,
1083 2796 1131 2824 ac
1148 2782 1215 2824 mi·

249 2838 346 2883 setis
382 2833 660 2894 peccatoribus
696 2835 919 2880 luctuosum
946 2838 1095 2882 evadat
1133 2841 1218 2883 exi·

246 2898 354 2944 tium
366 2909 384 2951 ·,
398 2897 440 2938 &
454 2922 469 2946 ,
479 2892 592 2951 quod
606 2893 647 2936 in
663 2893 831 2938 salutem
857 2897 898 2938 δι
921 2898 1216 2941 curationem„

250 2956 476 3007 guimarum
500 2954 526 2998 i
543 2954 664 3005 Deo,
690 2954 760 3009 qui
785 2953 900 2999 dives
925 2954 979 2998 est
1003 2957 1043 2999 in
1069 2957 1218 3001 mistri-

251 3014 396 3060 cordia
408 3009 661 3066 ,institutum
673 3011 731 3054 est
748 3042 764 3066 ‚
791 3013 1007 3058 execrabili
1022 3029 1218 3072 quorum-

251 3076 346 3120 dam
359 3071 615 3117 scelestorum
629 3072 899 3116 sacerdotum
929 3073 1192 3131 improbitate
1201 3102 1216 3125 ,

244 3136 294 3182 ὅτι
321 3145 462 3177 earum
484 3128 735 3188 perniciem,
761 3140 882 3188 atque
895 3131 1104 3178 interitum
1131 3148 1220 3178 ver·

251 3201 365 3238 tatur
377 3221 390 3235 .

310 3252 396 3303 §.n
455 3246 623 3293 Dudum
639 3247 836 3308 quidem&
848 3250 920 3294 fel.
935 3252 1097 3296 record.
1111 3255 1221 3296 Gre-

281 3311 376 3354 orio
403 3311 509 3366 Papa
541 3309 638 3352 XV.
665 3308 958 3354 Praedeceffore
982 3310 1122 3354 nostro
1148 3325 1220 3367 per

253 3325 342 3414 suas
367 3368 529 3412 litteras
551 3367 593 3410 in
611 3369 743 3413 forma
768 3369 959 3414 Brevium
978 3370 1049 3413 sub
1066 3374 1219 3413 Datum

256 3430 401 3473 Rome
421 3425 530 3486 apud
544 3429 730 3471 Sanaam
747 3430 920 3471 Mariam
935 3428 1134 3485 Maiorem
1149 3430 1216 3473 die

255 3499 352 3531 xxx.
364 3485 533 3544 Augusti
556 3500 733 3532 Mncxxt
747 3501 779 3530 ι.
795 3487 1060 3532 Pontificatt'is
1074 3486 1130 3532 sui
1143 3503 1217 3531 an-

255 3560 312 3590 no
324 3545 531 3598 secundo,
551 3547 767 3604 Sapienter
792 3547 1000 3604 provisum
1021 3546 1100 3592 fuit
1116 3562 1216 3592 cou-

255 3617 322 3648 tra
342 3599 598 3662 quoscunque
626 3606 867 3652 Sacerdotes
893 3606 1104 3651 audiendis
1116 3621 1217 3652 con-

255 3661 491 3715 feffionibus
516 3663 727 3720 deputatos
742 3696 755 3719 ,
781 3667 831 3710 ad
846 3667 1031 3723 turpia&
1045 3667 1216 3711 inhone-

256 3724 312 3767 sta
325 3720 622 3776 sollicitantes3
647 3725 792 3770 &dein
814 3726 1039 3770 suecesiivis
1053 3738 1215 3784 tempo-

255 3783 363 3828 ribus
388 3779 440 3824 ad
464 3795 602 3826 earum
635 3783 865 3832 litterarum
898 3786 1215 3846 interpretatio,

1272 1141 1430 1180 nem,ae
1443 1124 1763 1169 declarationem
1781 1126 1897 1182 plura
1915 1125 2082 1173 subinde
2094 1130 2115 1172 a
2132 1133 2245 1174 Con-

1271 1186 1512 1244 gregatione
1528 1187 1829 1229 Venerabilium
1859 1188 2050 1229 Fratrum
2087 1190 2240 1232 nostro·

1272 1261 1363 1291 rum
1378 1249 1419 1290 S.
1436 1247 1487 1287 R.
1504 1246 1553 1287 E.
1569 1245 1849 1288 Cardinalium
1862 1245 2058 1289 adversus
2078 1249 2239 1292 haereti-

1272 1321 1363 1349 cam
1387 1303 1628 1360 pravitatem
1656 1305 1924 1348 Generalium
1953 1308 2243 1362 lnquifitorum

1274 1365 1345 1406 sub
1365 1363 1435 1404 die
1467 1375 1482 1403 1
1497 1374 1532 1404 ι.
1555 1363 1693 1405 menfis
1719 1363 1934 1406 Februarii
1963 1378 2072 1406 anno
2096 1366 2247 1407 Domi-

1275 1422 1314 1465 ni
1340 1420 1464 1464 t661.
1496 1420 1734 1473 prodierunt
1763 1424 1972 1469 Decreta,
1996 1423 2035 1462 &
2060 1422 2081 1463 a
2113 1424 2245 1466 recol.

1273 1495 1393 1524 mem.
1406 1477 1651 1523 Alexandro
1672 1481 1780 1535 Papa
1795 1480 1895 1522 VII.
1920 1480 2071 1535 pariter
2084 1482 2251 1524 Praede-

1273 1536 1427 1582 ceffore
1452 1536 1587 1579 nostro
1615 1538 1658 1579 in
1681 1538 2021 1594 Congregatione
2052 1542 2247 1584 Generali

1274 1600 1420 1640 Sanetae
1448 1598 1642 1638 Romanae
1678 1596 1929 1640 universalis
1969 1599 2247 1654 lnquifitionis

1274 1658 1342 1700 die
1358 1669 1422 1710 24.
1440 1654 1688 1710 Septembris
1710 1656 1831 1706 1665.
1856 1670 1995 1698 coram
2009 1673 2060 1701 eo
2083 1659 2249 1713 habita,

1277 1718 1386 1759 inter
1405 1714 1504 1757 alias
1524 1715 1574 1756 ab
1591 1715 1840 1771 Evangelica
1867 1716 2067 1769 veritate,
2093 1720 2132 1760 8:
2146 1723 2246 1762 San-

1277 1779 1434 1819 storum
1452 1776 1617 1817 Patrum
1630 1774 1811 1816 doctrina
1832 1775 1981 1818 alienas
1993 1803 2007 1826 ,
2023 1779 2064 1819 δι
2077 1773 2249 1822 dillonas

1278 1832 1597 1892 propositiones,
1623 1832 1734 1875 sexta
1751 1833 1939 1876 videlicet
1952 1859 1967 1880 a
1994 1838 2035 1877 &
2051 1836 2249 1890 septima...

1279 1897 1358 1938 buc
1373 1891 1613 1936 revocanda
1625 1919 1640 1942 ,
1654 1890 1870 1943 damnatae‚
1884 1893 1925 1933 δι
1943 1894 2153 1946 prohibitae
2168 1894 2252 1938 fue·

1278 1962 1375 1998 runt
1396 1980 1411 1994 .
1443 1954 1534 1995 Nos
1565 1950 1698 2007 itaque
1728 1950 1888 1995 mature
1921 1952 2220 2009 perpendentes
2234 1981 2249 2003 ,

1281 2010 1419 2069 quanti
1434 2010 1631 2052 momenti
1651 2011 1695 2051 sit
1710 2010 1762 2052 ad
1783 2021 1973 2054 aternam
1990 2014 2249 2058 animarum„

1283 2071 1452 2114 salutem
1468 2082 1515 2110 ea
1527 2068 1674 2124 ubique
1685 2070 1821 2112 exacte
1834 2069 2057 2124 observari,
2068 2072 2109 2114 δι
2120 2086 2250 2128 quan-

1283 2132 1316 2174 ti
1341 2130 1392 2172 ad
1420 2126 1595 2171 infirmas
1621 2141 1721 2171 oves
1747 2128 1974 2180 curandas,
1998 2132 2038 2172 &
2057 2129 2249 2174 decorem

1282 2191 1431 2234 Sanetae
1444 2186 1628 2231 Ecclefiae
1648 2188 1724 2230 Dei
1738 2187 1995 2231 retinendum
2008 2190 2184 2242 interfit,
2200 2203 2252 2232 ne

1279 2249 1406 2304 aliqui
1430 2246 1676 2291 Sacerdotes
1701 2246 1962 2291 Poenitentiae
1987 2251 2252 2292 Sacramenta

1281 2307 1435 2351 nefarie
1458 2305 1699 2358 abutentes,
1728 2305 2026 2350 poenitentibus
2046 2322 2251 2364 procura-

1279 2369 1393 2411 tione
1410 2364 1553 2409 vulnus
1570 2392 1584 2416 ,
1602 2379 1676 2420 pro
1690 2379 1791 2421 pane
1813 2364 1990 2421 lapidem
2005 2394 2019 2416 ,
2052 2382 2128 2422 pro
2143 2367 2249 2423 pisce

1279 2427 1535 2483 serpentem,
1562 2437 1638 2480 pro
1665 2425 1865 2468 medicina
1895 2438 2094 2469 venenum
2118 2427 2252 2483 porri-

1280 2497 1395 2543 gant,
1406 2483 1470 2528 sed
1487 2484 1624 2526 animo
1639 2485 1771 2528 secum
1783 2483 2031 2538 recolentes,
2041 2488 2077 2529 sc
2091 2488 2114 2530 a
2128 2486 2252 2530 Chri-

1280 2547 1337 2589 sto
1362 2544 1543 2588 Domino
1569 2544 1757 2586 Praelides
1784 2545 1823 2586 &
1841 2544 2005 2600 judices
2019 2546 2246 2588 animarum

1278 2604 1525 2648 constitutos
1536 2629 1550 2652 ,
1565 2618 1610 2646 ea
1626 2605 1831 2647 sanctitate
1843 2633 1859 2654 ,
1887 2618 1973 2660 quae
1987 2603 2249 2655 sublimitati,

1277 2677 1323 2706 ac
1349 2662 1541 2719 dignitati
1572 2664 1746 2706 muneris
1775 2665 1998 2715 convenit,
2028 2674 2109 2705 tam
2125 2677 2247 2706 vene-

1277 2721 1450 2766 randum
1465 2724 1780 2764 Sacramentum
1805 2722 2105 2771 administrent,
2132 2724 2251 2765 Motu

1276 2780 1448 2838 proprio
1460 2781 1528 2832 ,δι
1546 2794 1594 2822 ex
1608 2792 1722 2824 certa
1736 2779 1917 2834 scientia,
1929 2795 1976 2824 ac
2000 2791 2157 2824 matura
2175 2783 2251 2824 de·

1278 2841 1518 2883 liberatione
1531 2838 1696 2888 nostra,
1725 2841 1908 2894 prefatas
1941 2841 2099 2883 litteras
2114 2840 2252 2895 hujus-

1277 2897 1420 2947 modi,
1439 2911 1485 2937 ac
1508 2898 1647 2938 omnia
1664 2899 1706 2939 δι
1721 2898 1872 2951 lingula
1902 2901 2079 2940 Decreta
2105 2901 2250 2955 praedi·

1277 2960 1340 3000 eta
1353 2982 1367 3004 ,
1383 2953 1433 2996 ad
1459 2953 1625 2998 illorum
1652 2955 2042 3010 interpretationem
2056 2958 2095 2998 &
2112 2957 2249 3000 decla-

1277 3014 1475 3059 rationem
1487 3023 1675 3057 emanata
1695 3042 1711 3066 ,
1721 3014 1955 3069 Apostolica
1967 3015 2248 3061 auant-itate,

1278 3086 1422 3118 tenore
1445 3071 1695 3130 praescntium
1712 3074 1981 3128 approbamus
1994 3102 2010 3124 ,
2039 3075 2080 3115 δι
2101 3073 2246 3117 confir-

1276 3145 1460 3181 mamus,
1487 3132 1645 3187 illisque
1668 3134 1850 3176 omnibus
1866 3135 1905 3175 &
1920 3132 2086 3187 lingulis
2107 3133 2244 3176 invio-

1280 3191 1413 3236 labilis
1438 3190 1680 3247 Apostolicae
1707 3189 1914 3236 firmitatis
1952 3193 2080 3235 robur
2107 3191 2245 3250 adjici·

1279 3264 1370 3293 mus
1382 3279 1398 3302 ,
1422 3259 1543 3306 atque
1553 3251 1677 3292 ctiam
1690 3277 1705 3300 ,
1731 3262 1931 3306 quatenus
1944 3264 2047 3308 opus
2074 3250 2121 3294 fit
2133 3277 2149 3301 ,
2178 3251 2248 3295 de>

1280 3323 1363 3353 nuo
1384 3309 1678 3352 committimus
1695 3338 1710 3362 ,
1735 3312 1776 3352 ἃ,
1800 3309 2034 3354 mandamus
2055 3310 2245 3354 omnibus

1278 3369 1472 3414 haereticae
1485 3370 1696 3425 pravitatis
1712 3368 2021 3426 Inquifitoribus
2033 3396 2049 3421 ,
2079 3371 2119 3412 &
2133 3369 2247 3412 loco·

1277 3443 1365 3472 rum
1385 3428 1614 3472 Ordinariis
1636 3428 1816 3471 omnium
1843 3431 2113 3484 Regnorum,
2139 3430 2244 3473 Pro-

1278 3487 1501 3531 vinciarum
1516 3514 1531 3537 ,
1547 3487 1783 3531 civitatum
1799 3490 1864 3541 ,Bt
1876 3488 2162 3533 Dominiorum
2174 3518 2189 3539 ,
2202 3490 2242 3530 δι

1276 3547 1466 3591 locorum
1495 3545 1666 3590 univerfi
1690 3547 1812 3590 Orbis
1838 3546 2062 3593 Christiani
2094 3548 2135 3591 in
2167 3547 2243 3591 suis

1276 3606 1497 3663 respeetive
1517 3605 1770 3649 Dioecefibus
1783 3635 1799 3658 ,
1829 3617 1875 3650 ut
1888 3606 2133 3665 diligenter,
2156 3621 2240 3649 om-

1275 3667 1398 3723 nique
1422 3665 1601 3708 humano
1630 3658 1808 3722 respectu
1834 3667 2081 3724 postposito,
2110 3665 2241 3719 inqui-

1276 3734 1369 3769 rant
1382 3752 1397 3775 ,
1414 3727 1454 3767 δι
1474 3724 1696 3782 procedant
1709 3734 1856 3769 contra
1869 3741 2007 3771 omnes
2022 3756 2037 3779 ,
2059 3728 2098 3768 δι
2113 3725 2237 3777 fingu-

1274 3786 1338 3830 los
1358 3784 1604 3832 Sacerdotes
1621 3813 1636 3838 ,
1650 3793 1734 3829 tam
1748 3787 1989 3840 Saeculares,
2011 3787 2131 3842 quam
2154 3783 2239 3823 Re-⁴

2107 3853 2182 3896 gu-
