2444 4192
329 195 500 308 386

260 359 301 399 o&
313 357 354 397 in
368 353 480 398 usum
494 352 652 398 reducit
663 380 675 392 .
711 349 871 392 Volens
887 378 900 401 ,
913 348 1022 403 quod
1041 349 1092 392 de
1107 358 1229 393 caetc-

260 430 313 459 ro
327 412 626 463 momerium,
641 412 907 459 Conventus,
923 411 1098 460 Domus,
1112 413 1228 452 Con-

258 474 446 532 gregatio
458 503 474 524 ,
501 471 563 514 rel
588 468 772 512 societas
796 466 1100 524 Religiolorum
1118 497 1133 520 ,
1162 468 1227 512 stu

257 532 524 590 Regularium
538 525 805 584 cujuscunque
816 551 831 574 ‚
850 529 972 569 etiam
989 526 1228 570 Mendican-

256 592 362 635 tium
375 622 390 643 ,
403 588 566 633 Ordinis
576 614 591 637 ‚
606 584 819 628 societatis
832 616 848 638 ,
870 587 912 628 δι
924 585 1113 632 instituti,
1123 599 1226 642 quo-
1254 633 1258 637 ,
1279 601 1283 604 ·

256 665 417 706 cunque
430 648 588 691 nomine
600 653 912 700 nuncupentur,
939 643 1090 687 etiamfi
1104 646 1156 689 de
1169 644 1221 687 il-

253 708 306 752 lis
321 706 576 764 particularis
591 733 607 755 ,
629 701 804 759 exprefl'a
816 729 832 752 ‚
853 705 891 746 δι
909 702 1092 761 specifica
1108 717 1225 746 men-

253 769 315 810 tio
329 766 512 809 habenda
539 762 634 806 effer
648 789 665 812 ‚
688 764 730 804 in
743 776 983 821 quacunque
1013 763 1197 807 Civitate
1209 791 1225 814 ,

252 825 319 868 vel
333 825 499 881 Oppido
514 852 529 875 ,
556 822 624 865 seu
646 835 887 879 quocunque
908 822 992 865 alio
1014 821 1112 864 loco
1137 834 1219 864 non

254 884 466 939 erigantur
478 912 494 934 ,
512 881 584 924 nisi
603 882 646 924 in
669 895 722 925 eo
741 881 881 924 saltem
889 881 1108 925 duodecim
1123 882 1222 923 Fra-

251 953 333 986 tres
347 953 441 994 ,aut
454 940 648 984 Monacbi
661 969 677 990 ,
690 938 758 984 seu
771 941 963 998 Religiofi
974 939 1220 988 inhabitare,

252 1016 299 1043 ae
314 1014 365 1042 ex
380 1000 634 1052 redditibus,
656 1000 699 1042 δι
710 1014 759 1043 ex
777 1001 977 1043 consuetis
992 997 1218 1054 eleemosy-

251 1062 316 1105 nis
328 1059 535 1103 fixstentari
549 1057 712 1101 valeant
722 1082 738 1102 2
749 1073 795 1101 ac
814 1060 977 1102 Priores
990 1087 1007 1111 ‚
1040 1057 1101 1100 seu
1120 1058 1219 1098 Pro-

250 1130 456 1162 curatores
471 1117 646 1160 aliorum
659 1117 1014 1168 monasteriorum,
1028 1120 1217 1158 Conven-

253 1191 370 1221 tuum
390 1207 407 1229 ,
419 1176 479 1219 seu
496 1175 904 1220 Domorumaliarum
922 1174 1113 1231 Religion
1122 1187 1186 1215 um
1200 1201 1216 1226 ,

247 1238 314 1279 vel
325 1238 701 1292 congregationum
714 1259 729 1283 ‚
753 1245 823 1276 aut
838 1235 1089 1278 societatum
1101 1261 1118 1285 ,
1151 1233 1217 1276 seu

244 1294 527 1338 institutorum
543 1292 770 1350 hujusmodi
796 1307 881 1336 non
911 1290 1039 1337 solnm
1062 1293 1103 1335 in
1118 1305 1215 1347 prat-

243 1354 361 1395 dietis
374 1382 389 1405 ,
420 1355 487 1397 sed
498 1354 623 1395 ctiam
636 1353 678 1394 in
690 1352 779 1395 aliis
803 1367 874 1408 per
888 1362 1061 1408 quatuor
1085 1349 1214 1392 millia

242 1410 420 1468 paffuum
431 1409 732 1454 circumvicinis
746 1410 844 1454 locis
867 1410 916 1452 ad
934 1411 974 1454 id
989 1409 1150 1460 vocati,
1170 1409 1211 1449 δι

243 1471 373 1513 auditi
389 1468 561 1523 finerint,
572 1483 621 1512 ac
634 1468 707 1510 tali
720 1470 911 1513 erectioni
920 1467 1210 1518 consenserint,

241 1529 310 1572 vel
321 1530 421 1573 alias
434 1529 663 1570 Ordinariis
676 1527 863 1571 locorum
872 1528 1115 1572 constiterit,
1127 1526 1211 1566 Re-

240 1586 405 1642 ligiosoa
430 1585 679 1634 monasterii,
701 1581 1035 1633 Conventt'is,seu
1054 1579 1208 1623 Domus

242 1644 441 1700 regularia
457 1645 509 1685 fic
527 1640 709 1696 erigendi
725 1669 741 1692 ‚
762 1641 826 1684 sea
840 1640 1045 1696 crigendae
1060 1636 1208 1695 absque

235 1703 495 1745 detrimenro
522 1699 820 1755 Religiosorum
862 1698 900 1742 in
930 1698 1179 1742 Monasteriis
1191 1722 1207 1746 ,

237 1761 304 1804 seu
318 1760 513 1804 Domibus
526 1769 640 1802 antea
665 1760 705 1801 in
729 1758 981 1801 Civitatibus
1006 1785 1023 1809 ,
1052 1754 1119 1800 seu
1141 1757 1204 1799 lo·

237 1823 296 1863 cis
311 1817 537 1876 hujusmodi
549 1818 691 1861 erectis
704 1817 940 1874 degentium
959 1845 976 1870 ,
998 1817 1052 1859 ibi
1080 1815 1120 1858 in
1135 1830 1206 1859 nu·

234 1891 353 1924 mero
365 1877 588 1921 duodecim
606 1875 827 1919 cornmode
841 1905 858 1927 ,
874 1878 915 1918 &t
927 1874 1109 1932 congrue
1122 1889 1204 1917 ma·

236 1938 423 1982 nuteneri
441 1967 457 1988 ,
474 1938 517 1979 ἀ
538 1934 590 1978 ali
610 1933 719 1992 poffe
732 1963 749 1976 .
776 1935 818 1978 Si
844 1934 943 1979 verb
974 1935 1072 1977 nori
1088 1935 1204 1977 Con·

236 2008 381 2041 ventur
390 2026 406 2048 ,
420 1998 576 2038 Domua
595 2020 611 2043 ,
624 1994 925 2048 congregatio,
940 1994 1004 2037 vel
1021 1992 1202 2036 Societas

235 2053 463 2110 huiusmodi
484 2052 735 2094 instituendae
748 2061 868 2093 erunt
882 2077 898 2101 ,
920 2051 1103 2106 nullique
1131 2050 1200 2092 alii

233 2113 462 2168 Regelare:
490 2109 588 2152 inibi
603 2111 884 2166 reperiantur,
904 2108 1113 2153 ordinarii
1137 2108 1200 2150 lo-

231 2185 378 2216 corum
390 2169 655 2214 nihilominus
664 2168 888 2226 diligenter
899 2168 1132 2226 inquirant,
1146 2181 1198 2209 an

233 2232 423 2275 locorum
443 2227 585 2273 incole
598 2254 615 2279 ‚
624 2227 668 2271 ἃ
677 2227 923 2273 habitatores
936 2255 952 2280 ‚
974 2238 1148 2284 quorum
1161 2227 1203 2269 δι

231 2286 464 2334 consensum
490 2288 697 2345 requirant
708 2313 724 2337 ,
750 2301 798 2329 ac
809 2286 1030 2330 adhibeant
1039 2314 1056 2339 ‚
1070 2284 1202 2342 liujus-

230 2348 341 2392 modi
356 2348 572 2392 duodecim
587 2345 815 2404 Religiosoa
838 2346 878 2388 in
891 2345 1171 2389 Conventibua
1183 2372 1202 2397 ,

231 2420 276 2452 ut
291 2408 567 2466 premittitur,
581 2405 830 2451 instituendis
839 2403 1061 2449 commode
1074 2405 1200 2456 alere,

230 2469 273 2511 δι
286 2478 545 2511 manutenere
557 2465 719 2510 valcant
732 2494 746 2507 .
776 2466 818 2509 Si
833 2466 935 2509 vero
953 2465 978 2509 a
989 2466 1173 2508 Decreto
1182 2488 1199 2513 ‚

230 2528 297 2571 seu
324 2527 514 2571 Decretis
536 2540 608 2582 pcr
628 2523 869 2568 ordinarioa
906 2522 1116 2579 pudicior
1153 2522 1195 2565 in

230 2586 354 2630 cautis
368 2583 592 2640 hujusmodi
607 2581 782 2627 ferendis
796 2581 984 2639 legitime
1003 2581 1198 2639 appellari

230 2643 473 2701 contigerit,
485 2656 534 2686 et
548 2655 672 2695 num,
685 2653 804 2698 prout
815 2654 864 2685 ea
876 2654 926 2684 ea
937 2639 1022 2690 die,
1030 2654 1110 2698 qna
1126 2653 1197 2696 ap·

232 2701 408 2760 peliatio
422 2703 720 2755 interponetur,
729 2713 776 2743 ea
789 2699 841 2743 ad
854 2697 1199 2744 eandemsacrant

230 2764 323 2806 Con
375 2771 603 2815 egatronctn
616 2757 693 2799 una
705 2769 798 2800 cunt
808 2768 959 2802 totone
1034 2758 1074 2801 io
1083 2757 1196 2814 prin·

230 2772 375 2877 cipal‘t'
363 2817 558 2863 devoluta
575 2814 784 2860 censeatur
796 2845 812 2868 ,
840 2767 1195 2874 appelfft'ioneque

231 2876 456 2935 hujusmodi
471 2877 675 2933 pendente
686 2900 702 2924 ‚
725 2875 825 2918 nibil
842 2874 1117 2920 innovandum
1130 2874 1193 2918 es-

229 2938 268 2982 se
282 2967 296 2991 ,
314 2938 552 2992 irritumque
565 2935 606 2977 Gt
619 2934 735 2977 inane
745 2961 761 2986 ,
784 2932 975 2990 quiequid
1000 2932 1112 2978 secur
1127 2931 1192 2978 sn-

231 3011 305 3055 per
320 2997 381 3040 hia
395 2997 416 3039 a
434 3005 636 3053 quoquam
649 2994 790 3050 quavia
802 2993 1039 3036 anctoritate
1062 2991 1190 3037 stien-

229 3069 291 3101 ter
303 3086 319 3110 ,
344 3054 410 3099 vet
424 3050 656 3110 ignoranter
669 3051 888 3109 eontigerit
898 3053 1109 3104 attentari,
1120 3052 1196 3096 do-

228 3127 400 3160 cernena
424 3141 440 3166 ,
493 3111 765 3169 uibuscunqne
789 3113 830 3155 in
856 3111 1107 3157 contrarium
1133 3108 1195 3156 fa-

233 3175 335 3219 cien.
354 3185 436 3217 non
507 3170 702 3215 nantium
715 3199 728 3213 .

343 3235 485 3278 Rome
504 3240 570 3283 ι7.
581 3227 752 3288 Augusti
773 3229 894 3274 1622.

292 3354 450 3407 exemp.
472 3345 693 3409 inpuli-
713 3347 760 3389 in
773 3349 1193 3408 Aret-gmoed.ae·-

340 3412 466 3453 marla
483 3408 587 3453 Doc-
600 3407 846 3454 anthentica
859 3437 873 3452 .

874 191 1037 282 Sub
1101 192 1452 310 Gregorio
1513 194 1603 280 X
1633 195 1733 284 V.

1291 353 1680 407 Constitutionem
1708 358 1776 406 Pii
1811 359 1904 407 1³1³.
1928 362 2024 409 IV.
2051 371 2258 409 eontra..-

1357 423 1663 477 Confeffarios
1679 463 1695 487 ,
1720 426 1813 476 five
1841 430 2086 479 Saeculares
2114 465 2131 489 ,
2160 428 2253 479 five

1357 498 1610 567 Regulares
1627 499 1916 548 sollicitantes
1932 499 2177 551 confirmat
2200 500 2251 553 ὅ(

1354 569 1546 637 ampliat:
1565 605 1579 620 .

1284 699 1790 754 GREGORIUS
1826 693 2056 747 'PAPA
2116 698 2248 748 XV.

1425 825 1496 868 Ad
1509 832 1747 880 perpetuam
1769 824 1832 868 rei
1856 824 2084 867 memoriam
2098 850 2112 864 .

1396 941 1556 985 Niuersi
1573 942 1778 987 Dominici
1793 941 1927 996 gregis
1938 955 2097 992 curam,
2106 953 2250 996 quam-

1411 1015 1534 1056 quam
1547 1002 1739 1044 immeriti
1746 999 1897 1051 ‚caelesti
1910 999 2164 1055 dispolitione
2179 1013 2255 1054 ge?

1277 1070 1439 1109 rentes,
1463 1056 1608 1102 sedulo
1631 1059 1845 1114 invigilare
1868 1067 2058 1101 tenemur.
2079 1087 2099 1109 ,
2120 1067 2165 1101 ut
2195 1057 2247 1100 ab

1276 1117 1463 1159 omnibus
1475 1116 1608 1173 pravis
1621 1118 1822 1172 contagiis
1834 1118 2095 1161 conservetur
2105 1116 2253 1160 immu-

1277 1177 1338 1219 nis
1350 1203 1365 1226 ,
1381 1175 1601 1232 multoque
1614 1175 1763 1232 majori
1777 1175 1908 1219 studio
1920 1176 2137 1232 providere
2161 1203 2181 1229 ,
2203 1183 2248 1218 ut

1275 1235 1406 1277 omnis
1426 1233 1542 1291 pestis
1567 1235 1620 1277 ab
1647 1237 1697 1278 iis
1712 1244 1919 1280 avertatur
1933 1265 1951 1286 ,
1977 1235 2120 1293 quibus
2144 1234 2248 1277 auos

1274 1295 1437 1338 sanandi
1448 1295 1452 1299 ”
1464 1293 1644 1337 officium
1659 1294 1715 1337 est
1731 1291 1983 1337 commiss'um
1997 1320 2013 1343 ‚
2039 1307 2090 1337 ne
2106 1322 2121 1346 ,
2135 1291 2246 1348 quod

1273 1351 1519 1407 Evangelica
1533 1351 1679 1409 scripta
1691 1365 1760 1395 nos
1772 1352 1995 1396 admonent
2011 1378 2026 1401 2
2040 1351 2118 1395 {ale
2130 1350 2239 1393 infa-

1270 1421 1388 1455 tuato
1401 1425 1480 1454 non
1494 1410 1539 1453 fit
1551 1437 1566 1461 ,
1576 1412 1620 1453 in
1631 1426 1714 1468 quo
1726 1411 1890 1455 saliatur
1902 1439 1918 1464 2
1939 1413 1981 1454 dt
1991 1411 2038 1453 ad
2071 1410 2245 1454 nibilum

1270 1469 1395 1526 profit
1405 1469 1530 1518 ultra,
1543 1469 1613 1511 niti
1628 1481 1676 1512 ut
1689 1470 1879 1512 mittatur
1891 1466 2004 1511 foras
2016 1470 2059 1512 ἃ
2072 1468 2246 1511 concul-

1270 1535 1387 1568 cetur
1400 1528 1453 1567 ab
1469 1528 1698 1568 bominibus
1713 1555 1726 1567 .

1269 1584 1395 1623 manis
1422 1581 1686 1625 Pontificibus
1711 1583 2077 1628 Praedecessoribus
2100 1583 2250 1627 nostris

1266 1639 1502 1698 quibusdam
1530 1642 1569 1683 in
1595 1641 1701 1686 locis
1722 1644 1929 1697 provisum
1955 1639 2034 1686 fuit
2046 1671 2063 1696 ,
2093 1651 2138 1685 ut
2164 1642 2248 1687 im-

1265 1702 1377 1757 pium
1388 1726 1404 1749 ‚
1413 1714 1459 1744 ac
1471 1697 1690 1744 nefandum
1701 1701 1828 1746 scelus
1838 1730 1854 1754 ‚
1884 1701 1996 1759 quod
2010 1716 2092 1744 non
2113 1700 2240 1746 solum

1265 1762 1373 1803 inter
1386 1757 1677 1804 christifideles
1694 1773 1777 1804 non
1791 1757 1868 1805 effe
1880 1787 1896 1811 ,
1921 1759 1988 1803 sed
2013 1774 2087 1804 nec
2113 1763 2239 1805 etiam

1265 1818 1464 1863 nominari
1479 1817 1628 1870 debet,
1654 1820 1796 1875 procul
1812 1818 1862 1862 ab
1873 1819 1921 1863 iis
1932 1830 2147 1869 arceatur,
2178 1820 2241 1862 vi-

1264 1877 1421 1921 delicet
1435 1906 1450 1929 ‚
1461 1888 1501 1918 ut
1515 1877 1858 1934 aliquiaSacerdos
1869 1880 1919 1924 ad
1935 1876 2063 1920 sacras
2075 1878 2245 1922 audien·

1265 1939 1338 1979 das
1370 1934 1634 1979 confeffiones
1673 1937 1894 1994 deputatus
1921 1965 1937 1987 ,
1973 1937 2245 1981 sacrosancto

1263 1994 1517 2039 Poenitentiae
1538 1999 1806 2041 sacramento
1821 2024 1837 2048 ,
1860 1995 2124 2039 sollicitando
2153 2009 2239 2051 poe-

1260 2054 1437 2096 nitentes
1457 2052 1508 2094 ad
1525 2054 1660 2110 turpia
1671 2055 1857 2097 abutatur
1873 2082 1889 2106 ,
1918 2068 1964 2096 ac
1979 2067 2056 2110 pro
2070 2054 2242 2100 medici-

1260 2126 1310 2155 na
1324 2113 1549 2156 venendum
1564 2140 1579 2164 ,
1602 2126 1678 2168 pro
1709 2128 1809 2170 pane
1831 2113 2008 2169 aspidem
2022 2114 2207 2171 porrigat
2218 2139 2240 2164 2

1260 2173 1300 2215 δι
1333 2186 1381 2215 cx
1406 2170 1562 2214 coelesti
1574 2172 1738 2215 medico
1755 2171 1966 2216 infernalia
1997 2171 2205 2218 veneficus
2215 2201 2243 2227 ,›

1260 2244 1312 2274 ex
1325 2241 1440 2285 patre
1455 2229 1652 2285 spirituali
1666 2231 1860 2284 proditor
1881 2231 2125 2276 execrabilia
2148 2233 2238 2276 ani-

1262 2303 1418 2333 marum
1429 2288 1653 2356 reddatur:
1679 2288 1838 2357 idcirco
1854 2291 1945 2333 Noa
1957 2303 2006 2333 ea
2017 2314 2036 2338 ‚
2063 2303 2150 2346 quoe
2169 2292 2241 2334 bia·

1258 2363 1311 2452 5:
1316 2346 1661 2452 mssfzffto.
1663 2345 1994 2452 223212223335
1995 2349 2237 2457 {2¹:133}

1256 2466 1540 2512 defiderentur
1554 2494 1572 2518 ,
1584 2476 1780 2523 quantum
1793 2479 1843 2509 ex
1855 2465 1946 2510 alto
1958 2466 2200 2511 conceditur
2213 2495 2229 2520 ‚

1258 2524 1558 2584 providendum
1583 2525 1770 2569 duximus
1792 2553 1806 2567 .
1837 2523 1950 2570 Alias
1980 2524 2172 2584 liquidem
2201 2528 2224 2570 a

1258 2584 1325 2629 sel.
1352 2597 1434 2627 ree·
1465 2583 1539 2626 Pio
1553 2584 1656 2639 Papa
1675 2584 1750 2626 tv.
1776 2582 2063 2629 Proedeceffore
2088 2584 2232 2630 nostro

1256 2641 1495 2686 emanarunt
1510 2639 1638 2685 litera
1653 2642 1806 2686 tenoria
1820 2641 2227 2700 subsequentia,vide-

1258 2702 1357 2747 licet
1374 2727 1387 2741 ο

1374 2758 1469 2804 Piua
1484 2760 1590 2813 Papa
1605 2761 1681 2803 lv.
1712 2759 1943 2804 Venerabili
1978 2760 2112 2805 Fratri
2142 2762 2226 2805 Ar-

1251 2818 1508 2874 chicpiscopo
1522 2816 1741 2874 Hispalenli
1776 2820 1817 2861 in
1845 2820 1998 2876 Regnia
2014 2817 2223 2876 Hispania-

1251 2890 1341 2923 rum
1356 2877 1552 2920 hareticae
1564 2877 1780 2933 pravitatia
1794 2878 2024 2935 lnquititori
2037 2880 2219 2930 Genera-

1253 2938 1308 2982 li.
1340 2938 1451 2980 Cum
1466 2962 1480 2988 ,
1495 2934 1592 2979 ficut
1605 2949 1736 2993 nuper
1747 2963 1764 2988 ,
1779 2949 1858 2979 non
1872 2938 1952 2982 fine
1963 2938 2085 2983 animi
2098 2938 2219 2983 nostri

1253 2995 1432 3041 molestia
1447 3023 1461 3046 ‚
1474 2995 1704 3052 accepimus
1717 3025 1733 3050 ,
1745 2995 1887 3040 diverti
1906 2997 2145 3043 Sacerdotes
2176 2998 2217 3043 in

1253 3056 1405 3111 Regni:
1421 3053 1704 3111 Hispaniarum
1722 3082 1737 3108 ,
1751 3064 1871 3111 atque
1884 3056 2007 3101 etiam
2021 3057 2061 3100 in
2074 3070 2218 3102 eorum

1252 3113 1518 3165 Civitatibus,
1527 3114 1565 3156 ει
1583 3114 1835 3159 Dioecelibua
1848 3129 1987 3159 curam
1999 3116 2217 3159 animarum

1253 3174 1449 3217 habente·
1463 3199 1479 3224 ,
1490 3171 1570 3215 lire
1588 3186 1672 3217 eam
1686 3187 1763 3230 pro
1775 3173 1863 3219 aliis
1876 3184 2110 3219 exercente·
2120 3185 2216 3227 ‚aut

1252 3232 1350 3278 aliar
1376 3230 1585 3276 audiendis
1610 3230 1918 3278 conseffionibus
1942 3230 2214 3290 penitentium

1252 3290 1434 3347 deputati
1451 3290 1490 3334 in
1505 3300 1660 3334 tantam
1673 3289 1932 3348 proruperint
1946 3290 2214 3349 iniquitatem,

1251 3360 1298 3395 ut
1315 3353 1581 3395 sacramento
1594 3349 1849 3397 Poenitenaiae
1868 3349 1909 3394 iu
1921 3351 2012 3394 altu
2023 3350 2213 3395 audiendi

1250 3407 1511 3455 confeffionea
1521 3409 1739 3455 abutantur
1749 3436 1766 3464 ,
1777 3421 1849 3455 nee
1861 3403 1936 3460 illi,
1951 3409 1992 3452 δι
2008 3409 2075 3466 qui
2094 3410 2134 3454 id
2151 3410 2213 3456 in·

1249 3467 1377 3514 stituit
1390 3494 1407 3520 ‚
1422 3465 1601 3514 Domino
1622 3469 1718 3513 Deo
1729 3493 1745 3518 ‚
1779 3468 1820 3513 δι
1849 3465 2051 3512 salvatori
2074 3469 2213 3514 nostro

1245 3530 1343 3586 μου
1359 3531 1570 3573 Canis-ro
1596 3525 1780 3583 injuriam
1809 3523 1940 3571 facere
1964 3538 2180 3573 vereantur
2192 3556 2208 3583 ,

1248 3589 1439 3632 muliere·
1470 3585 1662 3631 videlicet
1677 3609 1694 3635 0
1734 3585 1983 3641 poenitentca
2022 3587 2072 3630 ad
2102 3588 2209 3633 actua

1246 3645 1503 3696 inhonestor,
1525 3643 1621 3687 dum
1647 3656 1787 3687 earum
1810 3644 1976 3688 audiunt
1998 3644 2207 3691 consenio-

1246 3719 1333 3758 ner,
1346 3701 1630 3754 alliciendo,&
1644 3702 1904 3758 provocando
1917 3732 1933 3756 ,
1947 3702 2012 3749 scu
2028 3704 2207 3761 allicere,

1243 3764 1283 3805 δι
1296 3774 1516 3819 provocare
1531 3759 1727 3805 tentando
1742 3787 1756 3811 ‚
1781 3763 1820 3803 δι
1845 3762 2105 3819 procurando
2118 3791 2134 3816 ,
2158 3778 2205 3809 ac

1241 3820 1338 3865 loco
1370 3832 1509 3865 carum
1546 3833 1618 3878 per
1645 3822 1949 3866 Sacramentum
1978 3821 2205 3878 hujusmodl

2027 3884 2156 3925 Crea-

1755 1527 1964 1582 Quoniam
1974 1537 2110 1568 autem
2123 1528 2148 1570 ὲ
2160 1525 2249 1569 Ro-.
