2444 4192
351 325 761 380 URBANUS
800 325 1015 373 PAPA
1052 324 1240 373 VIII.

475 445 543 488 Ad
556 450 788 500 perpetuam
799 439 865 483 rer*
873 438 1099 484 motorium
1112 469 1126 482 .

432 564 535 609 Um,
545 563 640 603 ficut
657 557 903 615 accepimus,
911 560 1044 604 Sancti
1054 557 1279 610 Benedicti,

450 617 721 662 cistercienfis
742 646 755 668 ,
770 618 1164 667 Praemonstrateniis,
1180 621 1282 660 San·

311 680 365 719 ἂι
390 679 556 721 Antonii
577 677 630 719 de
644 680 792 721 Sancto
806 679 990 720 Antonio
1005 676 1241 722 Viennenfis
1262 705 1278 728 ‚

310 737 621 792 SocietatisJesu
636 763 652 785 ,
667 750 714 777 ac
728 735 900 778 aliorum
913 734 1043 779 forsan
1056 736 1275 787 Ordinum,

309 796 712 851 congregationum,
736 795 1014 845 societatum,
1044 795 1086 837 Bt
1112 794 1276 836 Institu-

306 861 441 894 torum
454 853 720 908 Regularium
747 852 994 897 Professores
1018 852 1187 909 vigore,
1212 850 1276 894 seu

304 920 498 966 praetextu
512 911 822 967 privilegiorum
834 941 851 964 ,
865 912 1174 956 &indultorum
1187 910 1273 959 fibi,

300 968 494 1024 dictisque
518 969 744 1013 Ordinibus
772 999 788 1023 ,
825 971 1231 1028 Congregationibus
1255 997 1271 1021 ,

302 1027 576 1071 Societatibus
587 1055 602 1077 ,
628 1029 669 1071 δι
681 1029 880 1073 institutis
894 1058 910 1081 ,
932 1031 983 1072 ab
1001 1031 1076 1072 hac
1090 1029 1268 1071 Sancta„

298 1086 402 1131 Sede
417 1087 651 1142 Apostolica
662 1097 746 1131 tam
766 1102 839 1144 per
856 1089 959 1132 viam
974 1101 1093 1130 merae
1109 1088 1267 1130 conces:

296 1146 415 1188 fionis
431 1173 446 1196 ,
460 1147 581 1202 quam
596 1146 973 1190 communicationis
984 1173 999 1196 ,
1013 1147 1134 1189 etiam
1151 1144 1271 1187 Motu

297 1204 1271 1320 5332th3323ffiffsstg'aezigigqcugnaezffi:

293 1320 802 1374 sialiter,concefforum,in
818 1321 1187 1366 constitutionibus
1201 1334 1273 1376 ge-

295 1380 501 1423 neralibus
523 1383 549 1424 a
563 1380 724 1431 Nobis,
750 1381 792 1422 dr
814 1380 921 1423 dieta
943 1380 1053 1423 Sede
1081 1381 1270 1422 haetenus

293 1438 417 1483 editis
432 1467 448 1490 ‚
460 1438 563 1481 &de
575 1448 724 1482 caetero
738 1437 906 1481 edendis
922 1437 961 1481 se
978 1437 1143 1482 minime
1157 1452 1270 1480 com·

295 1496 496 1554 prehendi
520 1496 801 1553 pratendant,
827 1495 896 1538 nifi
921 1498 973 1540 de
989 1498 1046 1539 eis
1060 1494 1243 1550 specialis
1255 1522 1271 1544 ,

295 1553 482 1611 specifica
494 1581 509 1603 ,
526 1553 754 1604 individua,
766 1556 808 1595 Gt
823 1553 1000 1606 expreffa
1015 1554 1170 1593 mentio
1181 1550 1267 1592 fiat:

294 1617 386 1659 Nos
399 1641 415 1663 ,
433 1612 503 1668 qui
517 1609 624 1653 inter
637 1609 887 1665 graviffimas
898 1636 913 1660 ,
947 1606 1266 1663 multiplicesque

293 1666 558 1726 Apostolatt'ts
573 1668 695 1710 nostri
708 1681 827 1711 curas
852 1667 891 1709 in
913 1680 1004 1710 eam
1030 1667 1263 1723 praecipuo,

295 1743 343 1771 ac
355 1726 552 1784 peculiari
566 1725 696 1769 studio
718 1725 870 1784 jugiter
886 1724 1185 1778 incumbimus,
1218 1734 1267 1769 ut

294 1787 503 1844 extirpatis
529 1785 810 1829 haereticarum
833 1785 1081 1842 pravitatum
1104 1785 1262 1830 errori·

293 1851 367 1891 bus
386 1874 402 1898 ,
426 1844 643 1889 catholica
661 1843 780 1889 Fides
792 1845 943 1902 ubique
966 1845 1150 1900 gentium
1167 1858 1264 1888 con·

292 1907 499 1952 servetur,
525 1903 565 1945 δι
591 1914 839 1959 propagetur
865 1930 881 1953 ,
913 1902 1197 1959 ambiguitates
1223 1904 1263 1945 &

293 1964 418 2009 dubia
429 1962 483 2005 de
494 1960 628 2005 medio
642 1962 792 2006 tollere
806 1988 821 2011 ,
831 1964 873 2005 δι
882 1972 1121 2018 opportuna
1132 1962 1263 2018 dispo·

290 2022 447 2066 sstionis
475 2019 693 2062 ministerio
723 2021 943 2076 providere
970 2019 1157 2063 volentes
1170 2046 1186 2069 ,
1217 2029 1263 2063 ut

290 2091 385 2129 tot,
418 2087 621 2134 tantaque
642 2077 969 2121 Constitutiones
1000 2077 1212 2134 generales
1240 2081 1265 2124 ὲ

287 2137 422 2184 Nobis
432 2165 448 2189 ‚
475 2138 516 2179 δι
528 2139 601 2180 hac
612 2139 755 2180 Sancta
768 2137 897 2187 Sede,
923 2137 964 2179 δι
980 2136 1198 2193 praesertim
1212 2135 1262 2179 ad

286 2200 468 2242 favorem
482 2196 596 2240 Pidei
612 2198 840 2240 Catholicae
852 2227 867 2250 ,
895 2194 1081 2252 illiusque
1119 2210 1261 2251 propa·

286 2259 495 2315 gationem
518 2284 534 2307 ,
572 2257 611 2298 δι
640 2255 775 2299 Officii
803 2255 954 2299 Sanfiae
984 2255 1259 2311 lnquifitionis

284 2327 430 2361 contra
443 2316 668 2359 hereticam
697 2315 939 2372 pravitatem
968 2312 1086 2357 editae
1100 2345 1113 2366 ,
1138 2314 1178 2356 &
1206 2313 1258 2356 de

283 2387 435 2420 caetero
455 2373 623 2419 edenda
634 2401 648 2423 2
663 2374 822 2419 sublatis
843 2372 1089 2431 quibuslibet
1106 2386 1256 2428 excep-

284 2436 496 2485 tionibus,
521 2432 780 2490 subterfugiis
793 2463 810 2488 ‚
832 2434 873 2476 δι
892 2432 1189 2488 impedimentis
1205 2430 1256 2475 ad

285 2491 783 2599 3215232‘0205153123
796 2491 1259 2608 sensissffii‘i‘pff'e‘iff

286 2612 508 2657 sortiantur
520 2609 724 2663 effectum,
739 2623 905 2655 necnon
917 2622 1256 2667 quorumcunque

287 2669 599 2728 privilegiorum
633 2670 675 2712 δι
706 2669 934 2725 gutiarum
964 2697 981 2721 ,
1008 2669 1051 2711 δι
1069 2666 1254 2711 indulto·

287 2741 377 2772 rum
395 2755 412 2780 ,
424 2727 541 2771 dietis
549 2727 775 2771 Ordinibus
789 2754 804 2779 ,
821 2725 1225 2784 congregationibus
1240 2752 1255 2776 ,

289 2788 565 2833 societatibus
581 2813 596 2836 ,
616 2786 656 2828 dt
685 2784 907 2838 institutis,
933 2799 1028 2829 cum
1051 2782 1254 2844 quibusvis

290 2845 479 2890 clausulis
512 2846 554 2889 dt
579 2844 784 2897 decretis,
806 2844 928 2886 etiam
952 2842 1255 2902 quantumlibet

294 2901 631 2948 extraordinariis
645 2931 658 2954 ,
669 2904 711 2945 δι
726 2901 897 2945 cautelis
911 2902 1224 2957 quomodolibet
1240 2930 1257 2954 ,

292 2965 331 3007 δι
348 2976 397 3007 ex
409 2974 645 3020 quacunque
660 2959 773 3005 causa
787 2957 1064 3006 coneelsorum
1079 2989 1094 3015 ,
1108 2959 1258 3005 etiamfi

294 3023 336 3065 in
347 3034 524 3077 corpore
539 3019 630 3074 itiris
645 3017 776 3064 clausa
798 3019 871 3062 fint
883 3047 899 3072 ,
913 3028 1075 3066 tenores
1088 3020 1258 3089 presen-

290 3082 399 3125 tibus
412 3109 427 3134 ,
440 3094 487 3123 ac
504 3078 529 3123 st
544 3079 597 3123 de
612 3077 741 3123 verbo
755 3077 807 3121 sd
829 3077 998 3124 verbum
1009 3109 1027 3133 ,
1057 3079 1157 3124 nibil
1172 3093 1259 3137 poe-

292 3143 402 3186 nitus
416 3136 558 3183 omiffo
570 3165 588 3190 ,
610 3138 649 3181 δι
680 3132 810 3182 forma
830 3137 871 3181 in
886 3138 945 3184 eis
958 3137 1108 3184 tradita
1119 3138 1258 3184 obser-

291 3212 383 3244 vata
399 3197 535 3243 inserti
552 3195 685 3241 forent
700 3224 715 3250 ,
742 3194 891 3240 eisdem
914 3198 1168 3255 presentibus
1183 3212 1257 3257 pro

290 3254 1253 3371 {12:532limita5232‘3122‘233335‘022055;

290 3377 419 3433 deque
445 3375 684 3433 Apostolicn
722 3374 929 3432 potestati·
963 3376 1214 3433 plenitudine
1236 3387 1253 3429 ς

290 3437 418 3493 Quod
432 3436 577 3489 quavis
592 3433 798 3493 generales
812 3434 1135 3481 constitutiones
1148 3462 1163 3486 ‚
1176 3436 1252 3480 dis-

292 3492 505 3553 positiones
521 3524 535 3547 ,
560 3496 600 3538 δι
631 3492 909 3539 ordinationes
922 3495 1165 3554 Apostolicoe
1181 3509 1254 3548 per

290 3554 380 3598 Nos
404 3583 420 3608 ,
447 3556 487 3597 δι
507 3553 766 3612 quoscunque
796 3554 1007 3600 Romanos
1037 3554 1255 3600 Pontifices

288 3610 597 3656 Prndeecffores
614 3614 769 3657 nostros
791 3615 830 3659 in
843 3615 1175 3661 concernentibus
1193 3615 1257 3660 121·

287 3672 382 3717 dem
393 3668 648 3716 catholicam
662 3701 676 3723 ‚
693 3673 880 3729 illiusque
894 3676 1225 3733 propagationem
1240 3700 1255 3725 ‚

287 3731 329 3773 δι
342 3731 491 3774 Sancta
504 3729 777 3785 toquifirionin
799 3735 992 3779 officium
1020 3736 1225 3793 prefatum
1238 3762 1254 3788 ,

287 3788 507 3850 prasertim
521 3788 660 3846 quoad
673 3804 717 3834 ea
732 3816 745 3841 2
759 3805 842 3848 qua·
857 3793 897 3836 iu
910 3795 1253 3852 congregationi·

874 160 1036 251 Sub
1099 159 1416 251 Urbano
1485 164 1581 252 V
1581 163 1626 248 I
1639 165 1684 249 I
1693 166 1749 252 I.

1343 320 1419 363 bus
1436 321 1566 363 sanasti
1582 323 1713 366 Officii
1730 350 1745 373 ,
1768 326 1808 366 δι
1835 323 1890 365 de
1917 323 2180 380 Propaganda
2216 319 2313 363 Fide

1340 392 1482 423 coram
1495 381 1625 423 Nobis
1639 385 1799 424 tractari
1823 381 1953 423 solent
1968 408 1982 430 ,
2018 386 2208 424 haetenus
2226 382 2313 422 edi-

1349 447 1399 479 tae
1412 466 1428 492 ,
1438 452 1578 481 omnes
1589 467 1604 489 ,
1628 444 1666 483 &
1696 440 1871 496 fingulos
1888 450 1971 483 tam
1986 441 2120 483 Sancti
2134 439 2313 483 Benedi-

1347 497 1400 539 eti
1415 525 1431 549 ,
1441 495 1711 543 Cistercienfis
1724 526 1739 548 ,
1755 497 2134 542 Praemonstratensts
2149 528 2163 550 ,
2180 496 2312 540 Sancti

1343 556 1514 598 Antonii
1537 557 1589 599 de
1613 560 1760 600 Sancto
1775 556 1961 598 Antonio
1977 556 2212 600 Viennensis
2228 584 2241 603 ‚
2272 556 2313 596 δι

1341 615 1650 672 SocietatisJesu
1667 614 1952 673 praefatorum,
1973 615 2094 669 quim
2110 629 2308 670 quorum·

1338 686 1496 729 cunque
1510 675 1682 719 aliorum
1694 673 2311 727 Ordinum,Congregationum‚

1334 730 1588 775 Societatum
1623 761 1639 783 ,
1677 735 1717 776 δε
1748 732 2034 775 Institutorum
2066 729 2312 774 Professores

1336 789 1504 832 omnino
1519 791 1870 847 comprehendant
1884 819 1900 841 ,
1924 787 2094 845 perinde
2107 802 2151 831 ac
2172 789 2199 831 fi
2214 801 2312 845 prae-

1336 846 1410 890 fati
1426 849 1491 896 ,ee
1505 848 1894 906 alii2quantumlibet
1911 847 2178 904 privilegiati,
2196 848 2235 890 in
2250 847 2309 892 eis

1334 906 1574 949 nominatim
1588 909 1755 964 expreffi
1769 905 1944 960 fuiffent3
1957 906 2124 951 edendae
2140 906 2237 949 vero
2249 906 2312 948 in-

1331 964 1534 1020 posterum
1558 980 1630 1021 per
1645 971 1760 1019 Nos,
1783 969 1823 1009 δι
1845 967 2055 1009 Romanos
2082 963 2306 1010 Pontifices

1331 1021 1570 1066 successores
1586 1026 1740 1068 nostros
1758 1053 1772 1076 ,
1787 1036 1871 1067 tam
1888 1025 1925 1066 in
1937 1026 2123 1067 favorem
2137 1021 2308 1080 praefatat

1329 1080 1446 1123 Fidei
1478 1083 1709 1126 Catholicae
1718 1114 1734 1136 ,
1760 1083 1947 1140 illiusque
1971 1082 2275 1140 propagationis
2290 1106 2306 1130 ,

1331 1140 1372 1181 δι
1387 1140 1520 1182 Sanffl
1533 1139 1667 1184 Officii
1685 1142 1958 1198 [nquifitionis
1973 1140 2125 1199 prefati
2142 1171 2158 1194 ,
2186 1143 2310 1198 quim

1330 1196 1357 1239 s
1353 1211 1454 1253 uper
1467 1212 1706 1257 quacunque
1720 1202 1798 1245 alia
1814 1217 1860 1245 re
1871 1228 1887 1251 2
1913 1203 2080 1257 negotio
2094 1229 2109 1254 ,
2137 1199 2207 1244 seu
2223 1213 2309 1242 ma·

1334 1258 1437 1299 teria
1453 1284 1468 1307 ,
1481 1259 1804 1304 constitutiones
1816 1288 1830 1310 ,
1844 1259 2126 1315 dispositiones
2138 1286 2154 1309 ,
2176 1259 2218 1300 &
2234 1270 2308 1300 or-

1334 1315 1565 1359 dinationes
1579 1316 1802 1374 hujusmodi
1816 1318 1998 1361 [imiliter
2011 1319 2183 1362 omnino
2195 1330 2308 1360 com-

1329 1374 1583 1429 prehendant
1610 1374 1797 1432 praefatos
1825 1378 2049 1420 eorundem
2069 1378 2274 1422 Ordinum
2290 1401 2305 1423 a

1333 1434 1717 1488 congregationum
1730 1461 1745 1484 ,
1762 1437 2015 1480 societatum
2031 1464 2046 1487 ,
2075 1438 2115 1478 &
2132 1434 2302 1477 Institu-

1333 1498 1472 1531 torum
1490 1488 1750 1539 Profe-troies,
1768 1492 1836 1534 nifi
1850 1494 1892 1534 in
1905 1492 2070 1535 edendis
2085 1492 2303 1536 Constitu-

1332 1545 1515 1588 tionibus
1530 1545 1755 1602 hujusmodi
1769 1548 2000 1604 specialiter
2014 1577 2029 1600 ,
2060 1551 2101 1594 δι
2119 1547 2307 1606 expresse

1327 1603 1612 1659 excipiantur,
1638 1606 1791 1650 etiamfi
1807 1607 1875 1663 ipfi
1889 1607 2139 1664 privilegiati
2165 1607 2306 1652 forent

1324 1662 1450 1728 magis
1478 1663 1639 1719 speciali
1666 1674 1796 1718 nota,
1819 1668 1858 1709 &
1881 1666 2138 1724 expressione
2161 1667 2304 1724 dignis

1324 1719 1459 1777 eisque
1470 1721 1682 1779 privilegia
1694 1750 1709 1774 ,
1725 1724 1864 1781 gratia
1872 1754 1886 1779 ,
1899 1727 1937 1769 δι
1951 1726 2112 1770 indulta
2122 1754 2139 1780 ,
2156 1727 2181 1772 a
2192 1725 2303 1771 Sede

1324 1779 1360 1821 A
1366 1779 1561 1834 potiolica
1575 1781 1735 1837 praefata
1745 1812 1759 1836 ,
1775 1784 1898 1828 etiam
1911 1784 1981 1830 sub
1989 1785 2293 1842 quibuscunque

1326 1840 1550 1890 tenoribus,
1563 1842 1604 1883 δι
1618 1841 1776 1894 formis,
1787 1857 1835 1886 ae
1850 1858 1943 1887 cum
1955 1844 2110 1901 quibus
2103 1843 2302 1897 vis,etiam

1328 1897 1684 1954 derogatoriarum
1697 1901 1972 1959 derogatoriis
1987 1932 2000 1955 ,
2030 1902 2194 1958 aliisque
2206 1902 2295 1947 effi-

1324 1957 1555 2000 cacioribus
1567 1984 1582 2007 ,
1597 1959 1820 2019 &insolitis
1832 1960 2021 2006 clausulis
2037 1992 2052 2014 ,
2072 1962 2299 2006 neit-ritan-

1323 2014 1496 2081 tibus,&
1508 2016 1595 2059 aliis
1609 2018 1883 2077 decretisque
1891 2021 2014 2064 etiam
2032 2020 2302 2074 Motudcien-

1324 2082 1381 2115 tis
1397 2101 1411 2123 ‚
1439 2089 1487 2118 ac
1499 2074 1553 2118 de
1566 2076 1776 2131 potestatis
1789 2079 2045 2136 plenitudine
2074 2079 2295 2132 similibus,

1322 2132 1362 2174 8ι
1371 2133 1479 2176 confi
1485 2133 1843 2189 storialiter‚etiam
1858 2140 2092 2197 contempla
2098 2140 2227 2190 tione,
2233 2137 2298 2183 vet

1322 2189 1374 2232 ad
1390 2191 1617 2237 instantiam
1633 2197 1900 2253 Imperatoris
1914 2225 1931 2249 ,
1943 2201 2123 2256 Regum,
2134 2199 2175 2241 δι
2186 2198 2296 2242 alio-

1322 2262 1409 2291 rum
1428 2252 1660 2309 Principum
1673 2281 1688 2304 ,
1719 2266 1802 2297 tam
1829 2269 1902 2311 pet·
1934 2257 2040 2299 viam
2056 2271 2173 2300 merae
2188 2271 2294 2301 con-

1318 2307 1532 2360 ceffionis,
1560 2313 1681 2369 quim
1693 2315 2102 2366 communicationis,
2125 2318 2167 2359 δι
2192 2316 2293 2360 alias

1317 2370 1627 2423 quomodolibet
1641 2371 1826 2417 conceffa
1841 2372 2057 2432 respective
2073 2374 2170 2428 fint,
2190 2387 2295 2433 quo·

1323 2440 1412 2469 rum
1429 2457 1444 2481 ,
1462 2426 1525 2472 seu
1543 2444 1712 2486 quarum
1731 2433 1893 2489 vigore,
1926 2433 1990 2478 vel
2009 2444 2206 2491 pratextu
2220 2432 2295 2476 lint

1321 2489 1515 2543 excepti,
1538 2487 1603 2532 seu
1629 2488 1666 2535 se
1696 2492 1864 2536 minime
1877 2494 2169 2551 comprehendi
2193 2505 2296 2551 prae-

1318 2545 1488 2590 tendant
1502 2549 1543 2590 in
1555 2548 1923 2595 constitutionibus
1935 2553 2212 2608 generalibus,
2226 2550 2293 2595 vel

1315 2602 1405 2647 aliis
1416 2618 1496 2648 non
1524 2603 1763 2652 facientibus
1793 2610 1950 2667 plenam
1966 2641 1981 2664 ‚
2003 2613 2044 2653 δι
2067 2609 2291 2668 expressam

1317 2676 1460 2707 eorum
1473 2665 1724 2710 mentionem
1736 2696 1750 2711 .
1789 2666 2003 2714 Proesentes
2019 2673 2116 2713 vero
2131 2670 2287 2720 literas,

1316 2724 1533 2780 omniaque
1546 2753 1562 2778 ,
1575 2726 1615 2767 δι
1629 2724 1782 2782 lingula
1795 2728 1836 2771 in
1851 2728 1908 2771 eis
1920 2738 2114 2772 contenta
2129 2757 2144 2781 ,
2159 2731 2286 2774 etiam

1315 2794 1365 2824 ex
1387 2783 1588 2840 eo‚quod
1609 2785 1810 2828 Ordinum
1836 2814 1853 2840 ,
1883 2788 2051 2845 Congre
2079 2787 2260 2832 ationum
2277 2814 2292 2840 ,

1315 2841 1585 2892 societatum,
1596 2845 1635 2885 8(
1651 2843 1932 2887 Institutotum
1948 2845 2045 2901 huju
2064 2846 2175 2890 modi
2191 2848 2292 2890 Pro·

1321 2896 1483 2944 seffotes
1498 2931 1514 2955 ,
1547 2901 1612 2946 vel
1637 2903 1704 2948 alii
1721 2904 1948 2962 quicunque
1961 2905 1999 2949 in
2015 2903 2213 2963 premiffis
2226 2904 2289 2948 in·

1318 2956 1459 3007 tereffe
1474 2960 1665 3006 habentes
1678 2988 1693 3013 ‚
1715 2960 1779 3006 seu
1810 2963 2119 3021 quomodolibet
2136 2965 2287 3009 habere

1318 3020 2285 3140 tzsszzsstzzzzfsssaezzssssat'artaxiam?

1317 3141 1462 3185 nitunt
1477 3168 1491 3193 ,
1506 3138 1686 3183 adducto
1699 3169 1715 3192 .
1727 3138 1942 3186 verificatn
1952 3169 1967 3196 ,
1984 3140 2051 3187 seu
2062 3142 2160 3188 atus
2173 3140 2280 3199 justi·

1317 3199 1442 3244 licata
1457 3213 1541 3244 non
1557 3198 1705 3244 fuerint
1719 3228 1733 3252 ,
1746 3200 1836 3244 ullo
1849 3214 2020 3260 unquam
2033 3209 2218 3259 tempore
2232 3197 2284 3243 dc

1317 3258 1588 3315 subreptionis
1601 3285 1615 3309 ‚
1640 3258 1702 3303 vel
1718 3259 1968 3318 obreptionis
1982 3287 1997 3315 ,
2026 3260 2092 3304 seu
2113 3257 2282 3304 nullita-

1317 3319 1369 3363 tis
1384 3318 1484 3363 vitio
1497 3347 1511 3372 ,
1521 3326 1589 3363 sut
1600 3317 1835 3363 intentionis
1844 3317 2001 3372 nostro,
2012 3318 2075 3363 vel
2089 3316 2168 3362 alio
2178 3332 2279 3374 quo.

1315 3379 1373 3422 vis
1384 3408 1399 3432 ,
1421 3379 1542 3422 etiam
1555 3379 1812 3436 quantumvis
1827 3375 2068 3423 substantiali
2084 3402 2099 3427 ,
2113 3376 2275 3422 desestu

1313 3438 1472 3489 notari,
1489 3437 1737 3496 impugnari·
1758 3435 1972 3482 invalidari
1990 3464 2005 3489 ,
2032 3439 2242 3481 retraetari
2257 3464 2273 3488 ,

1317 3500 1358 3542 in
1386 3497 1445 3555 jus
1477 3499 1539 3542 vel
1555 3497 1870 3541 controversiam
1883 3496 2070 3539 revocari
2088 3524 2103 3548 ,
2132 3506 2202 3541 aut
2228 3495 2280 3540 ad

1317 3558 1516 3603 terminos
1527 3556 1626 3615 juris
1639 3554 1804 3604 reduci,
1834 3563 1904 3598 aut
1927 3553 2038 3598 aliud
2059 3555 2279 3612 quodcund

1317 3631 1396 3675 que
1408 3616 1533 3674 juris,
1566 3614 1656 3659 sacti
1668 3639 1684 3664 ,
1710 3614 1844 3672 gratiae
1855 3642 1869 3667 ‚
1902 3613 1965 3657 vel
1982 3613 2136 3671 justitia
2150 3628 2282 3659 reme·

1315 3679 1427 3722 dium
1440 3673 1645 3733 impetrati
1661 3673 1890 3718 nullatenus
1905 3673 2011 3729 pone
2025 3702 2040 3725 ,
2068 3686 2196 3730 neque
2209 3673 2278 3718 sub

1313 3733 1516 3794 quibusvis
1541 3730 1747 3782 similium,
1780 3733 1843 3778 vel
1868 3730 2114 3778 dissimilium
2126 3734 2277 3791 gratia-

1315 3809 1403 3839 rum
1423 3791 1749 3839 revocationibus
1764 3822 1780 3846 ,
1805 3791 2142 3850 suspensionibus,
2169 3792 2276 3836 limi-

2102 3851 2224 3895 tatio-
