2444 4192
872 128 1057 212 Sub
1119 127 1335 211 Sixto
1398 120 1504 207 ⁴V·

472 273 893 339 NOTA.

195 432 199 437 ·
259 417 327 456 Am
352 423 428 451 ante
452 414 539 452 hane
563 410 853 452 Constitutionem
878 414 1073 449 emanirunt
1095 412 1150 448 di·

270 463 372 502 versae
387 462 463 501 aliae
477 463 685 511 Apostolieae
711 461 843 502 littera,
859 460 1040 506 prasertim
1066 460 1150 495 vcro

205 512 426 552 constitutio
458 511 620 558 Gregorii
643 511 741 549 Xlll.
782 508 948 555 incipiens
984 507 1039 543 Ex
1062 506 1155 542 beni-

229 574 273 598 na
302 561 404 599 Sedis
428 584 441 601 ,
474 562 544 599 haee
563 561 678 598 cadem
703 556 884 606 privilegia
922 554 997 604 post
1021 552 1153 609 Conci—

200 576 289 648 fiam
304 609 550 647 Tridentinum
573 608 838 649 confirmantes,
861 604 897 642 in
922 602 1049 652 quibus
1060 600 1156 647 adje-

199 658 255 696 ἂι
281 659 433 696 clausule
458 659 494 696 &
519 656 677 696 conditio
702 681 713 698 ,
725 655 758 706 fi
774 663 887 692 tamen
899 651 1043 689 decretis
1060 649 1152 687 Con-

200 707 279 745 cilii
300 705 455 756 praedifir'
477 717 545 744 non
567 705 675 743 adver
689 714 816 747 entur,
834 701 949 739 notari
960 700 1076 739 debeu
1088 698 1148 733 de-

205 757 323 804 inceps
345 767 456 792 autem
480 754 677 803 hujusmodi
687 753 807 790 littero
828 751 986 799 usquead
1002 745 1150 785 Pontifi-

206 814 319 844 catum
332 803 509 843 Benedieti
521 803 622 842 xm.
630 801 787 840 consulto
798 799 999 838 omittentur
1011 824 1020 834 .

197 1036 392 1083 Beatum
419 1029 650 1081 Didacum
662 1065 680 1090 ,
690 1028 748 1079 de
763 1031 810 1080 S.
823 1028 1041 1086 Nicolao,
1052 1023 1156 1078 His·

267 1119 440 1172 panum
468 1137 486 1159 ,
522 1100 644 1151 Ord.
671 1102 911 1150 Minorum
937 1095 1158 1150 Professo-

265 1190 364 1221 rem
386 1206 404 1229 ,
439 1172 654 1238 catalogo
687 1170 963 1222 Sanflorum
997 1166 1158 1218 adscri-

264 1241 361 1300 bit,
389 1239 511 1289 illius
526 1235 690 1288 festum
719 1238 778 1287 ad
802 1238 925 1288 diem
963 1257 1039 1288 12.
1058 1241 1155 1286 No-

265 1308 469 1363 vembris
492 1305 624 1379 figit,
645 1326 697 1357 ac
716 1306 1019 1377 indulgentias
1046 1306 1156 1355 alias

270 1377 482 1433 Ecclefiis
499 1378 691 1430 Ordinis
709 1395 795 1445 pro
823 1375 943 1427 festis
970 1376 1159 1430 Sando-

272 1446 612 1504 rumeoneeffat
628 1483 646 1509 ,
669 1449 729 1499 ad
755 1447 873 1499 illud
889 1448 1094 1500 extendit
1110 1484 1124 1499 .

273 1593 585 1647 SIXTUS
633 1591 1092 1646 EPISCOPUS

392 1722 565 1764 Snnvus
597 1721 850 1764 Senvoaum
884 1721 967 1762 Det
983 1746 997 1759 .

348 1835 417 1879 Ad
431 1843 660 1892 perpetuam
685 1839 747 1880 rei
759 1838 984 1879 memoriam
1003 1865 1015 1878 .

339 1963 401 2006 Ex
415 1963 573 2016 Regum
591 1969 685 2004 ante
714 1961 848 2005 omnia
878 1962 1017 2006 saecula
1040 1963 1166 2006 Chri-

359 2022 439 2065 stus
465 2020 661 2063 Dominus
686 2049 700 2070 ,
731 2020 798 2077 qui
822 2031 992 2078 propter
1019 2021 1167 2076 perditi

212 2083 384 2125 salutem
413 2080 614 2130 hominis,
644 2077 772 2122 sormi
787 2079 892 2124 {ervi
909 2079 1103 2136 accepta,
1130 2081 1169 2121 in

213 2137 471 2197 plenitudine
485 2135 677 2192 temporis
693 2135 815 2178 facum
843 2138 896 2180 est
911 2141 1059 2186 homo,
1090 2139 1170 2180 Ec-

212 2198 375 2240 cleiiam
394 2195 504 2239 suam
531 2195 651 2235 unice
668 2193 855 2236 dilectam
870 2222 885 2245 ,
913 2194 1063 2249 suoque
1078 2208 1170 2248 pre·

209 2253 316 2299 tioso
343 2252 528 2310 sanguine
550 2250 783 2305 acquisitam
809 2277 824 2300 ‚
846 2253 960 2307 supra
989 2251 1169 2296 Beatiffi-

209 2325 320 2356 mum
337 2309 624 2367 Apostolorum
640 2309 868 2367 Principem
885 2314 1074 2360 Petrum,
1103 2311 1167 2353 cui

210 2381 334 2431 petrae
363 2369 597 2414 firmitatem
612 2367 751 2421 dedit,
778 2371 818 2412 in
842 2368 881 2412 se
907 2370 918 2411 i
950 2369 991 2414 so
1013 2369 1167 2414 summo

209 2427 546 2533 :affligis
564 2426 967 2544 {zizimi}
980 2433 1168 2532 3123·

526 2513 542 2536 ,
1145 2508 1168 2519 -

210 2548 430 2591 mationem
446 2559 518 2602 per
528 2558 667 2588 omnes
679 2555 906 2602 temporum
931 2556 1063 2591 etates
1094 2548 1167 2588 mi-

207 2606 393 2652 rabiliter
417 2605 571 2662 semper
594 2601 766 2648 edificat
794 2633 804 2644 .
846 2604 1040 2649 Divinum
1070 2608 1169 2649 vero

210 2662 464 2709 admirabilis
475 2662 600 2718 ,hujus
612 2659 893 2707 edificationis
922 2665 1139 2709 artificium
1156 2692 1170 2716 ,

213 2738 286 2767 nec
301 2723 439 2766 inflata
459 2719 599 2765 mundi
616 2721 805 2777 sapientia
823 2723 932 2777 capit
949 2751 964 2775 ,
994 2737 1068 2767 nec
1093 2733 1170 2767 ter·

216 2795 313 2824 rena
340 2781 382 2823 δι
407 2778 581 2821 carnalis
605 2779 822 2835 prudentia
849 2779 940 2823 ullo
963 2781 1088 2824 modo
1116 2781 1171 2824 as-

213 2837 420 2897 sequitur,
449 2835 613 2880 Diaboli
635 2846 772 2879 autem
788 2836 958 2891 astutia,
981 2840 1021 2881 &
1040 2837 1172 2895 super-

213 2898 282 2941 bia
295 2892 588 2962 cumtremisciss
599 2894 819 2944 Nimirum,
831 2897 1171 2953 quemadmodum

216 2954 1173 3066 ζ’ἑὲἳὲῧξέἑῗῖἱιξῗιῗῗὲῗὲἲὲἕῖξξὲᾛῗῗξ

182 3124 187 3130 ¹
216 3072 342 3118 nullis
356 3070 538 3122 artibus,
562 3068 671 3113 nulla
695 3067 931 3126 eloquentid
952 3072 1174 3125 instruffis,

216 3131 332 3177 nulio
360 3129 534 3186 denique
559 3128 739 3171 humana:
772 3130 958 3183 potentini
991 3131 1172 3186 presidio

219 3188 478 3246 communitis
491 3215 507 3239 ,
519 3198 709 3244 tanquam
722 3202 769 3231 ex
784 3186 944 3230 abieetis
967 3189 1006 3230 &
1029 3203 1173 3246 repro-

189 3298 194 3303 ,
219 3248 321 3307 kqtis
341 3247 572 3305 lapidibus,
598 3257 709 3290 tanta
722 3244 791 3289 fiat
809 3246 959 3299 moles,
987 3254 1069 3289 tam
1084 3247 1172 3302 pul·

223 3305 319 3359 ebra
329 3317 440 3358 ,tam
453 3316 596 3351 ornata
609 3335 626 3357 ,
639 3315 721 3349 tam
735 3304 856 3349 fortis
870 3333 885 3357 ,
917 3315 999 3348 tam
1021 3306 1173 3351 stabilis

226 3362 269 3406 in
281 3372 431 3427 tantam
457 3365 620 3409 demum
645 3363 864 3420 consurgat
888 3364 1174 3417 altitudinem,

228 3420 372 3477 utipsn
385 3421 634 3468 infernorum
650 3434 778 3481 portae
790 3424 875 3482 ejus
890 3423 1016 3467 robur
1039 3438 1085 3466 ac
1106 3423 1176 3467 iir-

228 3481 1175 3597 iiiiiiissfflffizfif?tafissgiffaofigss

232 3593 316 3645 eius
329 3594 426 3637 ficut
438 3599 700 3651 cogitationes
722 3614 866 3643 eorum
882 3629 894 3643 .
927 3603 1070 3658 Itaque
1095 3614 1176 3643 non

1934 146 2103 225 297

1214 275 1332 315 stulta
1347 273 1435 314 sunt
1450 267 1602 314 mundi,
1617 264 1742 318 elegit
1756 265 1882 312 Deus,
1896 276 1938 308 ut
1951 271 2171 313 confundat

1215 329 1360 378 fortia;
1385 329 1427 368 δι
1452 323 1642 378 ignobilia
1667 323 1803 362 mundi
1832 324 2170 379 &contemptibi-

1210 388 1262 428 lia
1275 385 1395 436 elegit
1412 385 1523 423 Deus
1538 405 1553 428 ,
1577 380 1615 418 &
1630 391 1676 417 ea
1691 405 1705 427 ,
1718 392 1892 432 quaenon
1906 379 2019 429 sunt,
2044 393 2085 421 ut
2108 398 2168 433 ea,

1209 455 1295 498 quae
1313 437 1737 486 sunt,destrueret‚ut
1761 448 1842 476 non
1868 437 2066 490 glorietur
2080 453 2170 478 om—

1215 500 1274 542 nis
1288 495 1434 540 caroin
1453 492 1666 548 conspeetu
1691 492 1777 548 ejus
1791 521 1803 534 .
1837 495 1901 535 Sic
1916 498 2169 549 omnipotens

1216 561 1329 600 Deus
1353 567 1426 610 per
1442 550 1672 594 scandalum
1688 551 1836 594 Crucis
1851 580 1865 603 ,
1896 553 1937 594 ἃ.
1961 565 2030 606 per
2051 552 2173 594 stulti-

1213 616 1311 657 tiam
1326 610 1618 670 praedieationis
1647 608 1777 652 salvos
1804 607 1902 652 fecit
1933 610 2172 662 credentes;

1211 674 1263 717 fic
1279 673 1326 716 ab
1341 670 1429 728 ipfis
1443 668 1640 713 nascentis
1656 668 1841 712 Ecclefiae
1870 670 1993 712 initiis
2020 683 2091 724 per
2115 668 2174 709 sa-

1208 734 1388 791 pientem
1400 728 1692 784 Apostolorum
1708 728 1932 780 infantiam,
1948 729 1985 768 δι
2000 742 2074 782 per
2088 725 2167 768 for.

1209 791 1626 842 tissimamMartyrum
1642 785 2173 840 infirmitatem,Graecorum

1209 850 1438 906 sapientiam
1455 845 1666 890 infatuavit
1681 873 1695 895 ,
1710 847 1936 902 &gentium
1949 846 2174 904 potentiam

1209 909 1362 966 dejecit
1393 917 1515 962 atque
1542 905 1781 960 prostravit:
1813 904 1863 947 lic
1894 907 2071 962 denique
2099 917 2171 960 per

1213 967 1474 1013 succedentes
1498 975 1633 1008 aetates
1658 963 1825 1006 brachio
1839 962 2086 1007 fortitudinis
2103 962 2176 1004 suae

1215 1025 1400 1084 deposuit
1414 1035 1603 1081 potentes
1617 1023 1670 1065 de
1683 1023 1776 1065 sede
1792 1049 1805 1074 ,
1827 1024 1868 1064 δε
1890 1024 2083 1066 exaltavit
2102 1023 2176 1063 hu·

1218 1087 1333 1130 miles
1346 1087 1512 1129 Sanaos
1526 1082 1616 1126 suos
1630 1110 1641 1121 .
1674 1083 1780 1125 Hinc
1795 1080 1997 1137 superiori
2016 1081 2176 1131 saeculo,

1217 1149 1257 1189 &
1278 1154 1438 1201 patrum
1462 1142 1688 1185 nostrorum
1716 1141 1915 1183 memoriae
1942 1141 2060 1184 valde
2085 1152 2180 1195 pro-

1218 1205 1399 1261 pinquo,
1425 1217 1476 1245 ex
1502 1202 1643 1245 humili
1672 1199 1821 1243 familia
1840 1202 2028 1245 Fratrum
2046 1199 2183 1242 Mino-

1219 1276 1307 1305 rum
1323 1262 1455 1304 §aneti
1473 1261 1603 1304 Patris
1619 1260 1739 1304 nostri
1756 1259 1955 1301 francisci
1980 1258 2181 1301 humilem

1220 1323 1387 1362 Beatum
1407 1318 1604 1360 Didacum
1617 1345 1632 1367 ,
1647 1320 1686 1358 in
1704 1317 1893 1371 Hispania
1909 1327 2050 1359 natum
2065 1342 2080 1365 ,
2097 1327 2175 1356 non

1217 1377 1400 1420 doorina
1423 1376 1722 1433 praecellentem
1749 1402 1762 1424 ,
1793 1373 1859 1414 sed
1885 1375 2028 1430 quales
2059 1372 2181 1429 primi

1219 1437 1279 1481 illi
1293 1435 1414 1480 nostri
1431 1434 1675 1491 Magistri,&
1691 1433 1894 1489 Principes
1911 1430 2180 1480 fuerunt,fine

1223 1496 1368 1539 litteris
1387 1495 1562 1537 humano
1574 1493 1701 1535 [ludio
1713 1492 1956 1546 comparatis
1968 1521 1983 1543 ,
2001 1490 2064 1534 fed
2079 1491 2186 1532 idio-

1223 1565 1335 1604 tam,
1361 1554 1402 1594 &
1426 1554 1465 1594 in
1479 1555 1620 1597 Sansta
1651 1550 1879 1606 Religionis
1905 1549 2185 1607 professioneae

1224 1614 1372 1657 laicum
1411 1610 1564 1666 delegit
1591 1637 1606 1660 ,
1629 1609 1669 1651 in
1699 1623 1782 1662 quo
1801 1610 2031 1653 ostenderet
2058 1609 2183 1651 abun-

1223 1673 1367 1716 diates
1381 1669 1545 1713 divitias
1561 1669 1695 1725 gratiae
1709 1670 1782 1712 fuae
1801 1667 1940 1724 :cujus
1956 1667 2183 1710 admirabili

1226 1732 1320 1774 vitae
1335 1728 1542 1772 sanffltate
1558 1758 1572 1780 ,
1592 1728 1829 1782 &exemplo
1844 1727 1993 1769 multos
2008 1727 2057 1768 ad
2076 1729 2183 1768 viam

1224 1790 1359 1832 salutis
1373 1788 1613 1844 perduceret
1629 1814 1643 1837 ,
1674 1788 1714 1828 δι
1740 1785 2015 1828 senescentem
2038 1799 2085 1827 ac
2113 1799 2181 1839 pe·

1222 1848 1276 1892 οὲ
1301 1847 1555 1903 decrepitum
1589 1844 1789 1887 Mundum
1823 1846 1949 1899 magis
1982 1844 2180 1897 magisque

1223 1915 1493 1961 coargueret:
1518 1903 1612 1960 quia
1624 1903 1733 1958 quod
1752 1902 1915 1945 stultum
1927 1902 1981 1944 cst
1997 1902 2073 1943 Dei
2089 1926 2103 1947 ,
2129 1899 2187 1942 sa·

1227 1966 1400 2021 pientius
1428 1964 1486 2006 est
1511 1962 1768 2014 hominibus;
1794 1962 1834 2003 &
1859 1960 1968 2018 quod
1983 1958 2187 2003 infirmum

1230 2022 1284 2065 est
1301 2022 1404 2071 Dei,
1431 2018 1580 2061 fortius
1593 2018 1648 2060 est
1670 2019 1902 2061 hominibus
1916 2047 1928 2060 .
1963 2022 2105 2074 Itaque
2122 2019 2190 2059 Pa·

1233 2090 1297 2123 ter
1316 2076 1673 2123 misericordiarum
1693 2078 1802 2118 Deus
1816 2101 1830 2124 ‚
1861 2077 1930 2132 qui
1954 2074 2051 2118 facit
2066 2077 2191 2117 mira-

1230 2138 1326 2181 bilia
1343 2149 1483 2191 magna
1499 2134 1628 2182 solus,
1661 2134 1768 2178 hunc
1804 2135 1960 2176 servum
1976 2134 2084 2175 suum
2100 2147 2190 2189 par-

1232 2196 1373 2239 vulum
1390 2224 1406 2245 ,
1423 2195 1463 2234 &
1477 2192 1683 2235 demiffum
1699 2221 1712 2244 ,
1736 2192 1968 2236 coelestibus
1982 2191 2099 2234 donis
2114 2191 2191 2235 suis

1230 2253 1333 2296 adeo
1345 2252 1522 2302 ornavit,
1543 2261 1741 2307 tantoque
1758 2251 1930 2307 Spiritus
1943 2252 2073 2294 Sancti
2096 2251 2188 2309 igne

1229 2312 1437 2358 incendit,
1462 2323 1708 2366 manumque
1724 2311 1829 2353 suam
1844 2310 1891 2353 ad
1906 2310 2119 2362 sanitates,
2147 2311 2187 2351 δι

1230 2372 1364 2427 ligna,
1389 2370 1430 2411 δι
1455 2371 1639 2425 prodigia
1667 2372 1709 2412 B.
1726 2368 1867 2411 Didaci
1883 2371 2067 2420 meritis,
2102 2381 2189 2412 tum

1229 2431 1268 2472 in
1282 2429 1366 2485 ejus
1383 2431 1462 2470 vita
1479 2455 1494 2477 ‚
1526 2439 1610 2471 tum
1639 2429 1725 2483 post
1757 2439 1931 2471 mortem
1946 2429 2160 2471 efficienda
2176 2454 2190 2476 ,

1228 2499 1311 2531 tam
1324 2487 1499 2531 mirifice
1512 2487 1721 2538 extendit,
1742 2498 1783 2529 ut
1800 2487 1831 2527 is
1848 2501 1928 2529 non
1942 2487 2067 2530 folum
2083 2487 2191 2542 apud

1231 2547 1316 2591 suos
1329 2549 1365 2589 in
1381 2545 1662 2590 florentiffimis
1675 2546 1871 2603 Hispaniae
1885 2546 2038 2602 Regnis
2056 2556 2193 2594 notus,

1230 2608 1270 2648 δι
1282 2606 1415 2649 clarus
1438 2602 1533 2648 effer
1550 2634 1564 2656 ‚
1593 2604 1657 2646 sed
1673 2606 1777 2661 apud
1796 2616 1956 2647 exteros
1971 2605 2093 2645 etiam
2108 2603 2191 2657 ejus

1230 2680 1376 2708 nomen
1406 2677 1549 2718 magna
1580 2678 1672 2706 cum
1697 2664 1828 2718 gloria
1855 2663 2191 2719 pervulgaretur.

1224 2725 1354 2782 Justus
1380 2724 1488 2766 enim
1508 2724 1547 2765 Bt
1578 2723 1805 2765 misericors
1834 2724 2032 2766 Dominus
2056 2721 2191 2764 servos

1234 2783 1322 2826 suos
1345 2781 1510 2830 fideles,
1534 2795 1635 2837 quos
1663 2792 1757 2823 ante
1773 2781 1918 2825 Mundi
1933 2778 2193 2824 constitutio-

1233 2855 1330 2884 nem
1342 2841 1491 2894 elegit,
1514 2840 1552 2880 δι
1563 2839 1857 2894 pradestinavit
1872 2841 1920 2883 ad
1940 2839 2064 2882 vitam
2082 2871 2095 2891 ,
2112 2852 2191 2881 non

1234 2898 1360 2944 solum
1387 2899 1427 2941 in
1443 2896 1571 2940 Coelo
1583 2895 1737 2951 i‘emper
1765 2907 1966 2945 coronat,
1997 2897 2062 2939 sed
2095 2898 2191 2951 saepe

1234 2958 1358 3001 etiam
1382 2958 1420 2999 in
1446 2957 1576 2997 Terra
1591 2981 1606 3002 ,
1635 2955 1705 2997 ubi
1728 2952 1892 2996 fortiter
1909 2980 1924 3002 a
1946 2955 1985 2995 δε
2009 2955 2192 3008 legitime

1233 3022 1495 3059 certaverunt
1506 3039 1521 3062 ,
1535 3010 1663 3052 multo
1675 3011 1816 3067 gloriae
1832 3011 2045 3067 splendore
2058 3026 2193 3055 cumu-

1234 3074 1291 3117 lat
1301 3102 1317 3124 ,
1330 3081 1452 3127 atque
1464 3069 1663 3112 illustrat:
1682 3071 1887 3113 Nimirum
1898 3098 1913 3122 ,
1926 3080 1971 3111 ut
1984 3070 2192 3125 praeclaras

1236 3133 1324 3175 illas
1338 3129 1423 3172 suas
1438 3126 1710 3184 promiiiiones
1721 3127 1929 3185 persolvat
1944 3142 1958 3170 ε
1982 3131 2098 3172 Dabo
2119 3142 2191 3171 vos

1232 3191 1399 3292 §21:¹35ss
1405 3187 1444 3288 εἶ,
1453 3186 1985 3302 ἵίῗὲῗξῖἱῐωῗῖἐὲἓῖἲὲξ
1989 3189 2192 3301 ‘it’sffp's'g

1235 3310 1274 3351 in
1292 3307 1442 3350 Sancus
1456 3305 1530 3347 suis
1547 3306 1771 3348 mirabilem
1784 3304 2029 3348 demonstret
2044 3334 2059 3355 ,
2072 3307 2195 3360 &po-

1235 3367 1403 3410 tentiam
1419 3363 1526 3406 suam
1540 3362 1657 3419 {ignis
1684 3366 1723 3406 &
1743 3363 1960 3406 virtutibus
1981 3362 2158 3406 declaret
2177 3379 2193 3418 ·,

1236 3434 1280 3468 ut
1294 3422 1505 3481 propofitis
1520 3426 1755 3465 Sanctorum
1772 3420 1954 3478 gloriofis
1970 3421 2194 3475 laboribus,

1235 3487 1276 3525 8ι
1290 3482 1444 3526 meritis
1458 3511 1473 3535 ,
1500 3482 1567 3537 qui
1584 3478 1764 3523 homines
1779 3479 1940 3524 fuerunt
1957 3481 2075 3524 nobis
2090 3483 2193 3524 fimi-

1236 3541 1322 3588 ies,
1345 3540 1585 3584 circumdati
1602 3537 1842 3581 infirmitate
1858 3568 1873 3591 ,
1896 3536 2102 3596 segnitiem
2117 3570 2131 3592 ,
2153 3542 2191 3580 δι

1236 3598 1472 3642 tarditatem
1487 3597 1660 3641 nostram
1674 3597 1712 3639 in
1724 3597 1785 3640 via
1803 3599 1963 3641 virtutis
1977 3600 2139 3643 excitet,
2150 3599 2189 3636 &

233 3651 350 3718 must}
380 3651 571 3708 sapientes
594 3657 805 3703 secundum
834 3673 997 3702 carnem
1018 3686 1033 3709 ,
1066 3672 1180 3702 non,
1240 3656 1523 3712 frigescentem
1536 3656 1775 3698 charitatem
1789 3657 2018 3709 accendat3
2043 3667 2085 3696 ut
2113 3657 2189 3695 hae-

233 3711 348 3756 muln
365 3719 571 3767 potentes,
584 3729 664 3759 non
679 3716 795 3762 multi
808 3718 985 3769 nobiles,
1016 3718 1080 3762 sed
1094 3730 1182 3775 quae
1239 3717 1460 3761 reticorum
1478 3715 1719 3772 pravitatem
1731 3717 1921 3760 coerceat
1933 3745 1949 3767 ‚
1962 3711 2193 3771 perversita-

352 3770 454 3811 Tom.
479 3771 537 3813 VI.
909 3791 912 3794 ·

1687 3773 1718 3817 P
1729 3788 1755 3831 p
2058 3778 2139 3808 tem
