2444 4192
337 165 502 248 268

281 319 515 394 Magistro
530 320 748 372 Generali
764 354 780 378 ,
810 318 1010 370 Vicariis
1023 355 1041 380 ,
1069 320 1119 374 ὅ(
1139 324 1244 372 Pro-

347 393 623 445 vincialibus
653 390 843 443 Ordinis
872 393 1245 444 RR-PP.Praedi·

345 478 562 516 catorum
577 466 625 514 in
639 462 1086 532 qualibetProvincia
1101 483 1245 516 unum

345 539 423 587 vel
451 537 606 604 plures
652 531 912 604 Religiosos
934 533 984 582 in
1019 537 1244 587 Notarius

341 606 526 659 creandi
540 603 808 655 facultatem
823 603 1035 676 largitur.

375 735 639 788 PIUS
713 736 994 787 PAPA
1066 739 1132 787 V.

415 852 487 896 Ad
499 861 738 909 perpetuen
764 855 833 896 rei
853 859 1106 899 aremorica.

389 969 564 1013 Ebitum
577 970 793 1015 Pastor-alis
804 971 929 1015 officii
945 972 1244 1020 Nobis2meritis

413 1028 515 1072 licet
533 1032 826 1086 imparibusssx
839 1032 927 1073 alto
941 1031 1133 1073 commiffi
1150 1033 1240 1071 Nos

265 1094 463 1132 admonet
489 1091 531 1132 &
558 1090 719 1133 inducit
734 1118 750 1142 ,
778 1099 824 1132 ut
837 1091 946 1132 circa
975 1089 1239 1143 Religionum

263 1148 544 1206 quarumlibet
555 1177 571 1199 ,
604 1148 823 1204 praesertim
847 1147 1014 1191 Ordinis
1041 1148 1118 1190 ΡΒ.
1135 1148 1243 1188 Prae·

269 1210 502 1251 dicatorum
533 1211 577 1251 S.
612 1207 818 1250 Dominici
830 1235 847 1257 ,
878 1206 927 1248 ad
953 1219 1075 1261 quem
1104 1206 1243 1263 patrio

268 1267 448 1323 quodam
474 1265 564 1323 jure
591 1265 839 1322 peculiarem
863 1266 1040 1322 gerimus
1066 1274 1243 1321 paternae

265 1326 477 1369 charitatis
512 1324 698 1369 affeflum
735 1329 879 1369 statum
915 1323 1108 1382 prospere
1137 1324 1241 1367 diri-

265 1384 448 1442 gendum
461 1412 479 1437 ‚
504 1385 545 1427 δι
558 1385 756 1441 rescripta
770 1384 1009 1441 Apostolica
1037 1397 1240 1442 quaeeum-

266 1456 346 1500 que
359 1443 567 1501 publicam
578 1469 595 1491 ‚
606 1457 653 1487 ae
667 1443 768 1488 alias
782 1444 984 1501 privatam
1000 1443 1097 1488 dieti
1113 1443 1240 1486 Ordi-

267 1504 330 1546 nis
341 1529 359 1553 ,
378 1504 418 1545 dt
437 1504 623 1547 Fratrum
635 1531 650 1555 ,
663 1502 743 1546 five
758 1503 1004 1546 Monialium
1019 1501 1237 1558 ejusdem..-

269 1561 495 1604 utilitatem
517 1562 810 1604 concernentia
833 1590 849 1613 ‚
877 1576 948 1617 per
974 1564 1125 1617 probos
1153 1588 1169 1611 ,
1197 1561 1238 1599 &-

266 1619 439 1663 idoneos
463 1618 644 1674 ejusdem
666 1616 833 1662 Ordinis
859 1620 950 1663 Reli
955 1620 1088 1674 giosos
1103 1647 1119 1670 ‚
1150 1625 1242 1675 per-'

269 1676 376 1719 sonis
390 1703 406 1727 ,
417 1678 558 1730 quibus
570 1676 694 1720 fuerit
706 1690 824 1733 opus,
840 1678 1082 1731 intimanda,
1095 1679 1137 1720 δι
1149 1676 1243 1721 infi-

267 1735 434 1779 nuanda
450 1765 466 1789 ,
481 1750 528 1779 ac
543 1734 686 1780 debite
701 1737 939 1792 exequenda
954 1768 968 1792 ,
985 1739 1124 1783 studiis
1138 1735 1244 1781 invi·

270 1794 446 1852 gileruus
475 1793 664 1847 affiduis‚
692 1810 739 1838 ac
753 1795 853 1840 alias
876 1800 1062 1843 omnibus
1077 1796 1242 1840 illorum

269 1855 543 1898 incommodis
556 1882 573 1907 ,
584 1856 628 1899 ἃ
641 1853 935 1899 neceffitatibus
948 1856 1210 1900 consulamus
1225 1882 1243 1907 ,

269 1921 397 1969 prout
411 1913 453 1956 in
469 1914 651 1956 Domino
662 1911 933 1970 conspicimus
945 1915 1161 1961 salubriter
1174 1927 1243 1958 ex·

268 1969 414 2028 pedire
425 2000 439 2013 .
456 1973 568 2015 Cum
585 1972 724 2027 itaque
736 2000 752 2023 ,
781 1973 882 2015 ficut
894 1976 1027 2018 Nobis
1041 2003 1057 2026 ‚
1081 1975 1182 2016 dum
1199 1974 1243 2014 in

269 2030 498 2072 minoribus
511 2030 719 2072 constituti
732 2028 896 2072 effemus
908 2056 924 2079 ‚
943 2034 1041 2075 ratis
1049 2043 1244 2084 compro-

267 2089 409 2130 batum
434 2086 483 2129 fit
497 2114 512 2138 ,
527 2087 639 2144 quod
654 2089 822 2131 Fratres
836 2116 852 2139 ‚
868 2088 1079 2145 Religiofi,
1093 2090 1134 2131 δι
1150 2090 1245 2131 Mo·

265 2143 395 2189 niales
413 2143 512 2188 dieti
526 2146 693 2190 Ordinis
709 2147 898 2190 Fratrum
924 2149 1244 2194 Proedicatorum

265 2206 404 2250 San&
421 2204 628 2250 Dominici
643 2233 661 2258 ‚
673 2208 755 2249 five
765 2204 963 2251 Ordinem
986 2208 1114 2264 ipsum
1126 2234 1143 2258 ,
1175 2205 1243 2248 vel

268 2263 383 2308 illius
399 2262 611 2321 Regulam
625 2263 867 2321 profitentes
882 2292 899 2317 ‚
909 2280 1031 2323 quem
1043 2265 1242 2322 quidem...

266 2321 478 2367 Ordinem
504 2323 693 2380 expresse
721 2322 884 2379 profeffi
909 2325 1072 2380 sumus,
1093 2324 1136 2366 δι
1152 2331 1239 2365 tam

270 2380 557 2428 universaliter
569 2410 585 2435 ,
603 2382 724 2440 quim
749 2384 1078 2439 particulariter,
1098 2396 1240 2441 quam·

274 2442 395 2500 plura
409 2441 557 2485 damna
569 2468 586 2494 ,
601 2440 863 2486 incommoda
874 2445 938 2495 ,ἃ
958 2445 1239 2489 detrimenta,

274 2502 506 2559 patiuntur,
516 2501 558 2544 δι
570 2499 767 2558 impensas
781 2498 984 2558 sustinent,
995 2518 1045 2549 ex
1058 2517 1112 2547 eo
1125 2499 1238 2561 quod

272 2559 439 2606 notarii
452 2568 536 2601 tam
549 2559 692 2604 clerici
709 2589 725 2614 ,
735 2561 859 2617 quam
887 2562 980 2607 laici
1004 2560 1211 2607 saculares
1221 2588 1238 2613 ‚

273 2620 402 2664 etiarn
429 2616 661 2673 apostolica
674 2645 691 2669 ‚
715 2621 927 2678 Imperiali
938 2650 954 2675 ,
968 2622 1139 2677 Regali,
1169 2628 1239 2663 aut

275 2677 356 2721 alia
368 2676 616 2722 auoorime
628 2679 760 2723 creati
774 2707 790 2733 ,
802 2680 844 2723 Gt
854 2680 1079 2735 constituti,
1096 2681 1135 2725 in
1151 2679 1238 2737 ple-

274 2733 409 2802 risque
422 2733 560 2803 mundi
583 2737 763 2793 partibus
776 2765 792 2790 ,
803 2739 1062 2795 regionibus,
1088 2739 1240 2796 regnis,

279 2806 502 2854 provinciis
516 2820 532 2845 ‚
543 2792 733 2839 dominiis
746 2824 761 2849 ‚
789 2798 831 2840 δι
844 2797 947 2843 locis
958 2799 1174 2845 exilientes
1188 2811 1240 2841 cx

277 2855 339 2898 eis
363 2851 559 2901 oriundi,
583 2851 661 2897 five
686 2853 787 2899 alias
813 2856 912 2900 inibi
938 2868 1241 2904 commorantes

281 2912 472 2958 mandata
487 2938 503 2963 ,
517 2910 790 2957 eoncessiones
802 2940 817 2963 ‚
830 2917 998 2971 gratias,
1012 2916 1243 2976 privilegia,

281 2974 324 3016 δι
336 2970 496 3015 indulta
512 2997 527 3022 ‚
554 2970 710 3028 aliaque
735 2970 933 3031 rescripta
949 2978 1214 3036 Apostolicas
1226 3003 1242 3027 ‚

282 3043 367 3075 tam
387 3029 439 3072 ad
454 3027 685 3086 publicam,
710 3029 829 3087 quim
843 3032 894 3076 ad
910 3036 1112 3091 privatam
1129 3035 1244 3080 utili-

282 3100 410 3135 tatem
434 3100 647 3139 emanata,
670 3090 749 3134 ssve
773 3090 989 3147 concessa,
1013 3096 1246 3145 &bonum‚

285 3150 364 3194 sire
382 3145 647 3215 commodum
672 3148 880 3206 publicum
903 3182 919 3207 ,
945 3155 1024 3201 lise
1039 3155 1247 3226 privatum

283 3217 574 3252 concernentia
586 3234 602 3259 ι,
626 3208 812 3254 Dominis
834 3215 1126 3270 temporalibus
1137 3242 1152 3266 ‚
1169 3213 1248 3259 five

341 3266 576 3337 ressatibus3
593 3267 774 3336 Regibus
789 3298 804 3323 ,
820 3273 1002 3319 Ducibus
1015 3303 1031 3329 ,
1052 3274 1250 3333 Principi-

318 3341 363 3371 us
375 3355 390 3380 ‚
414 3326 724 3374 marchionibus
737 3356 754 3382 ,
778 3342 827 3374 ac
851 3331 940 3377 aliis
965 3334 1149 3379 Dominis
1161 3361 1179 3386 ,
1206 3334 1248 3377 dt

287 3385 468 3431 Petronis
479 3414 495 3439 ,
519 3385 664 3444 quibus
682 3385 903 3434 intimanda
917 3418 933 3442 ‚
960 3392 1038 3439 sive
1051 3392 1251 3439 insinuan-

289 3448 342 3489 da
359 3445 523 3514 veniunt
536 3472 552 3496 ‚
567 3460 615 3489 ac
629 3446 819 3493 intimare
833 3445 898 3494 seu
913 3451 1112 3497 insinuare
1122 3467 1250 3512 opor·

289 3513 349 3548 tet
364 3533 379 3557 ‚
408 3514 589 3549 intimare
604 3532 620 3557 ‚
641 3507 875 3560 notificare,
897 3510 978 3557 fise
1004 3513 1250 3560 insinuare.»

290 3562 412 3607 variis
429 3562 611 3608 confictis
628 3567 868 3626 respectibus
883 3572 1064 3617 recusant
1081 3602 1097 3626 ,
1129 3570 1249 3620 live...

286 3634 370 3668 non
383 3621 533 3666 audent
547 3636 717 3674 ‚contra
738 3628 977 3676 eorumdem
993 3630 1118 3677 officii
1146 3631 1248 3677 libe-

286 3695 383 3752 rum
395 3707 411 3734 0
422 3681 462 3724 ἅ
477 3681 680 3749 publicum
692 3688 935 3734 exercitium
948 3717 964 3742 ,
985 3690 1244 3750 debitamque

285 3738 643 3808 SediUApossolrtu
656 3744 937 3792 obedientiam
951 3777 966 3801 ‚
987 3765 1032 3794 ac
1060 3752 1100 3794 in
1130 3765 1242 3796 non.»

281 3798 490 3846 modicum
509 3798 682 3858 publica
695 3830 711 3857 ,
728 3804 768 3845 ἅ
781 3806 949 3862 privare
972 3808 1160 3854 militatis
1175 3838 1190 3861 ,
1203 3811 1246 3853 δι

1657 146 1671 156 <

932 159 1094 249 sub
1156 158 1230 247 S.
1273 158 1410 247 Pio
1477 162 1579 251 V.

1301 322 1511 367 commodi
1538 321 1819 381 praejudicium
1842 322 1884 364 δι
1896 321 2183 367 detrimentum
2198 348 2210 360 ·

1421 387 1510 427 Nos
1533 385 1657 440 igitur
1681 384 1891 438 cupientes
1908 409 1923 432 ,
1951 383 2146 438 quantum
2173 394 2267 423 cum

1308 446 1399 487 Deo
1412 441 1612 499 possumus
1623 472 1637 495 ,
1653 444 1692 485 in
1707 438 1904 498 praemiffis
1918 441 2064 484 Ordini
2079 469 2094 493 ,
2105 443 2147 484 ὅτ.
2171 443 2265 483 Fra·

1307 504 1435 546 tribus
1450 501 1623 559 praesatis
1636 532 1652 553 ‚
1667 515 1714 543 ac
1729 502 1851 542 etiam
1869 499 2118 544 Monialibus
2145 501 2235 555 ipsss
2252 529 2268 552 ,

1301 561 1356 605 de
1368 572 1605 621 opportuno
1625 559 1809 603 remedio
1829 555 2048 613 providere
2061 585 2076 608 ,
2094 561 2134 601 &
2149 558 2267 601 distis

1300 621 1585 674 incommodis,
1598 619 1872 667 detrimentis,
1887 615 2081 669 expensis,
2097 619 2135 659 δι
2149 619 2266 661 dam-

1298 682 1360 723 nis
1372 694 1514 724 eorum
1527 682 1695 723 obviare
1705 707 1721 728 ,
1750 673 2083 741 neve-mandata,
2097 676 2267 731 privile-

1299 740 1365 796 gia
1380 767 1395 790 ,
1421 740 1572 794 gratias
1585 767 1599 790 ‚
1624 734 1898 779 conceffiones
1914 760 1929 784 ,
1953 731 2136 785 indulta,
2150 734 2191 775 ἃ.
2203 749 2269 778 re.

1296 799 1444 853 scripta
1460 796 1690 852 Apostolica
1710 795 1750 837 in
1781 806 1955 849 genere,
1977 790 2042 835 vel
2068 790 2110 832 in
2139 794 2269 845 specie

1293 858 1401 900 disto
1414 856 1565 899 Ordini
1578 882 1593 904 ‚
1607 853 1801 908 Magistro
1814 850 2007 895 Generali
2023 878 2038 901 ‚
2060 850 2231 893 Vicario
2252 876 2268 899 ‚

1304 916 1568 959 Procuratori
1583 911 1796 960 Generali,
1808 908 2146 960 Provincialibus,
2160 907 2271 953 aliis·

1302 988 1380 1028 quc
1394 973 1682 1029 Superioribus
1694 999 1709 1022 ‚
1727 969 1934 1013 Prioribus
1952 996 1965 1019 ‚
1982 970 2023 1011 8ι
2039 968 2247 1010 Fratribus
2258 996 2272 1019 ,

1298 1034 1340 1072 δι
1364 1044 1511 1073 eorum
1533 1030 1695 1085 fingulis
1713 1055 1728 1077 s
1764 1027 1960 1085 dictisque
1989 1025 2237 1069 Monialibus
2250 1055 2270 1077 ,

1299 1092 1380 1132 five
1401 1088 1638 1132 earumdem
1654 1087 1870 1130 Abbatiffis
1884 1113 1899 1137 2
1912 1084 2110 1129 Priorislis
2123 1112 2138 1139 ,
2148 1085 2190 1126 δι
2202 1098 2271 1128 ca·

1303 1148 1473 1192 rundem
1485 1148 1609 1191 etiam
1626 1145 1789 1203 lingulis
1806 1146 1984 1204 ejusdem
1998 1142 2166 1188 Ordinis
2183 1172 2198 1196 ,
2214 1143 2268 1186 fi-

1303 1222 1353 1251 ve
1388 1208 1541 1251 dietum
1575 1205 1774 1250 Ordinem
1800 1237 1815 1260 ,
1841 1207 1883 1248 ἃ,
1914 1203 2027 1250 illius
2059 1203 2265 1260 Regulam

1300 1266 1603 1325 profitentibus,
1617 1264 1930 1322 quomodolibet
1945 1264 1983 1307 in
1996 1276 2148 1320 genere
2159 1289 2174 1311 2
2194 1262 2266 1308 vel

1301 1329 1341 1371 in
1357 1327 1486 1383 specie
1501 1324 1679 1369 concessa
1692 1354 1706 1378 ,
1720 1325 1879 1382 aliaque
1905 1323 2090 1366 mandata
2103 1348 2118 1372 a
2144 1323 2186 1364 δε
2202 1336 2269 1377 re-

1300 1387 1449 1444 scripta
1472 1385 1708 1442 Apostolica
1721 1385 1951 1440 publicam,
1977 1381 2042 1426 vel
2068 1381 2270 1438 privatam

1301 1446 1421 1502 ipsius
1466 1444 1634 1488 Ordinis
1682 1443 1904 1486 utilitatem
1953 1439 2270 1501 quomodolibet

1300 1505 1587 1546 concernentia
1599 1531 1614 1556 ,
1626 1504 1667 1545 δι
1681 1515 1866 1546 emanata
1877 1529 1891 1552 ‚
1917 1503 1974 1546 ob
1990 1500 2034 1544 id
2048 1499 2191 1545 debito
2207 1514 2272 1543 ea-

1298 1573 1415 1605 reant
1428 1560 1570 1606 effeflu
1582 1592 1598 1615 ,
1632 1564 1672 1605 δι
1690 1576 1817 1606 vacua
1841 1569 2070 1606 remaneant
2083 1586 2099 1611 ‚
2127 1560 2274 1616 provi·

1300 1622 1401 1666 dere
1416 1622 1606 1667 volentes
1618 1651 1633 1674 ,
1647 1621 1830 1679 ipsoffiue
1842 1623 2041 1665 Ordinem
2055 1646 2071 1671 ,
2095 1633 2143 1664 ae
2158 1618 2270 1663 illius

1300 1680 1534 1736 Magistrum
1549 1681 1823 1731 Generalem,
1848 1679 2084 1725 vicarium,
2110 1680 2271 1722 Procu-

1302 1751 1486 1784 ratorem
1498 1764 1515 1787 s
1528 1741 1571 1782 δι
1588 1742 1747 1782 Fratres
1758 1767 1773 1792 ,
1789 1752 1836 1782 ae
1852 1734 2091 1784 Abbatiffas‚
2102 1737 2140 1778 &
2157 1736 2271 1781 Prio-

1301 1797 1436 1848 riss'as‚
1469 1800 1510 1841 ἃ.
1539 1797 1742 1843 Moniales
1769 1827 1783 1851 ,
1811 1810 2034 1854 eorumque
2058 1795 2236 1850 singulos
2252 1821 2270 1847 ,

1302 1857 1539 1916 specialibus
1570 1855 1775 1901 favoribus
1799 1882 1815 1905 s
1843 1857 1885 1899 δι
1920 1855 2061 1910 gratiis
2085 1849 2273 1908 prosequi

1303 1919 1490 1961 volentes
1508 1946 1523 1967 ,
1545 1919 1585 1958 &
1609 1916 1631 1958 i
1645 1913 1848 1972 quibusvis
1875 1911 2272 1957 excommunicatio-

1303 1979 1364 2019 nis
1376 2002 1391 2024 ,
1404 1974 1660 2030 suspensionis
1673 2000 1688 2023 ,
1703 1975 1742 2015 δι
1763 1970 1964 2015 interdiffl
1983 1998 1998 2022 ,
2009 1967 2178 2025 aliisque
2192 1971 2274 2013 Ee·

1302 2031 1528 2076 elefiasticis
1540 2031 1747 2075 sententiis
1757 2059 1774 2082 ,
1789 2026 1968 2074 censuris
1980 2055 1995 2078 ‚
2006 2031 2047 2072 &
2061 2028 2194 2086 poenis
2207 2053 2223 2078 ,
2240 2030 2268 2073 ἰ

1301 2092 1390 2151 jure
1402 2118 1418 2142 ‚
1434 2091 1499 2135 vel
1513 2092 1564 2135 ab
1580 2090 1769 2140 bomine,
1782 2090 1923 2147 quavis
1935 2088 2145 2133 oecafione
2161 2115 2176 2140 ,
2197 2086 2268 2131 vel

1301 2149 1422 2195 causa
1460 2150 1555 2194 latis
1577 2175 1593 2199 s
1624 2150 1649 2193 fi
1677 2150 1827 2208 quibus
1856 2147 2175 2205 quomodolibet
2205 2148 2271 2190 in·

1304 2207 1451 2253 nodati
1472 2209 1644 2252 exiliunt
1658 2233 1674 2257 ‚
1698 2208 1750 2251 ad
1766 2205 1951 2250 effectum
1980 2206 2271 2262 praestarium...

1303 2270 1514 2311 dumtaxat
1526 2264 1885 2321 consequendum,
1910 2266 2053 2308 harum
2078 2264 2179 2308 serie
2198 2263 2272 2308 ab·

1302 2326 1504 2369 solventes
1518 2354 1534 2377 ,
1547 2327 1586 2368 δι
1600 2323 1805 2369 absolutos
1823 2321 1914 2368 sore
1928 2323 2157 2375 censentes,
2168 2335 2273 2367 nec·

1300 2399 1383 2429 non
1400 2386 1621 2436 nomina,&
1634 2383 1878 2440 cognomina
1893 2383 2072 2439 Magistri
2090 2384 2269 2427 Genera·

1298 2445 1347 2489 lis
1359 2470 1375 2495 ‚
1389 2443 1706 2488 Provincialium
1722 2473 1737 2497 ,
1751 2442 2010 2487 Vicariorum
2021 2469 2036 2494 ,
2068 2443 2272 2486 Procura-

1297 2514 1464 2554 torum,
1496 2505 1535 2548 dr
1550 2503 1723 2547 aliorum
1749 2503 2015 2561 superiorum
2030 2528 2046 2552 ,
2071 2516 2119 2546 ac
2142 2500 2272 2544 dieta·

1297 2576 1389 2607 rum
1401 2562 1697 2608 Abbatill'arum
1711 2589 1727 2613 ‚
1744 2560 2020 2620 Priorill’arum
2034 2563 2098 2611 a&
2114 2563 2212 2605 Mon
2219 2560 2275 2602 ia·

1298 2623 1421 2673 lium,
1436 2620 1793 2679 invocationesque
1809 2648 1825 2672 ‚
1840 2621 2188 2666 denominationes
2201 2645 2216 2669 s
2232 2618 2271 2662 δι

1298 2682 1588 2741 dependentias
1615 2681 1953 2727 Monasteriorum
1971 2709 1987 2733 ,
2011 2682 2238 2723 Domorum
2258 2705 2271 2729 ,

1300 2745 1590 2787 Conventuum
1602 2767 1617 2792 ,
1628 2742 1672 2784 Gt
1684 2741 1858 2785 aliorum
1873 2738 2142 2796 Regularium
2158 2738 2275 2781 loco·

1302 2816 1419 2851 rum,
1444 2811 1527 2844 tarn
1552 2801 1763 2849 virorum,
1788 2799 1912 2856 quim
1933 2798 2150 2841 mulierum
2175 2795 2272 2839 dieti

1300 2860 1467 2904 Ordinis
1477 2887 1493 2912 ,
1507 2874 1554 2903 ac
1568 2860 1693 2902 etiam
1707 2858 1995 2901 mandatorum
2017 2882 2032 2907 ‚
2054 2853 2274 2901 concellio-

1301 2933 1417 2971 num,
1433 2918 1687 2962 indultorum
1698 2946 1714 2970 ,
1740 2915 2029 2974 rescriptorum
2041 2941 2056 2966 ‚
2081 2913 2274 2959 aliarum-

1302 2993 1380 3037 que
1404 2978 1624 3031 gratiarum
1648 2988 1810 3021 tenores
1825 2974 2080 3034 presentibus
2105 2986 2180 3031 pro
2201 2986 2275 3017 ex·

1306 3035 1444 3097 preliis
1465 3038 1656 3081 habentes
1671 3065 1686 3090 ,
1702 3038 1819 3080 Motu
1834 3035 2018 3093 proprio,
2035 3046 2119 3077 non
2136 3032 2186 3078 ad
2199 3032 2274 3076 ali·

1306 3096 1421 3154 cujus
1438 3096 1571 3141 Nobis
1587 3095 1700 3153 super
1713 3094 1793 3139 hoc
1815 3094 1964 3139 oblatoe
1986 3092 2194 3152 petitionis
2207 3091 2267 3135 in·

1309 3155 1493 3202 stantiam
1505 3182 1521 3207 ‚
1535 3154 1600 3200 sed
1617 3169 1667 3200 ex
1678 3162 1794 3200 certa
1806 3152 1974 3199 scicntia
1988 3152 2118 3198 nostra
2128 3177 2144 3202 2
2158 3164 2206 3195 ae
2217 3148 2271 3194 de

1310 3216 1551 3273 apostolica
1564 3212 1773 3273 potestatis
1796 3210 2056 3271 plenitudine
2072 3239 2086 3264 .
2105 3208 2274 3255 moder-

1309 3279 1394 3325 nis,
1417 3278 1455 3321 δι
1485 3288 1563 3332 pro
1581 3283 1764 3332 tempore
1786 3269 2080 3318 exineuridieti
2104 3267 2271 3314 Ordinis

1309 3335 1503 3393 Magistro
1516 3333 1737 3385 Generali,
1751 3330 1924 3377 vicariis
1937 3359 1954 3384 ,
1979 3331 2021 3374 δι
2037 3328 2273 3375 Provincia·

1310 3397 1440 3447 libus,
1468 3404 1553 3440 tam
1576 3393 1704 3445 citra,
1726 3392 1849 3450 quam
1872 3388 1982 3436 ultra
2007 3397 2192 3438 montes,
2223 3401 2270 3431 ac

1309 3457 1408 3502 aliis
1420 3453 1593 3501 ubilibet
1613 3450 1864 3501 constitutis,
1894 3448 2004 3507 quod
2025 3449 2066 3492 in
2091 3462 2271 3507 unaqua-

1308 3530 1387 3576 que
1398 3525 1542 3561 eorum
1557 3511 1968 3571 Provinciaffiunum,
1998 3508 2129 3579 duos,
2160 3518 2270 3557 tres«,

1305 3585 1519 3681 23:2⁰3&
1524 3567 2268 3687 gazitina&l'itfflztz‘a

1304 3693 1459 3753 probos
1478 3701 1611 3735 tamen
1622 3719 1636 3745 ,
1648 3705 1689 3734 nc
1702 3688 1781 3734 fide
1795 3717 1810 3742 ‚
1823 3691 1862 3733 δι
1882 3687 2065 3733 doctrina
2082 3685 2268 3738 idoneos,

1302 3757 1344 3798 dt
1363 3755 1414 3797 ab
1432 3749 1523 3808 iplis
1538 3750 1784 3808 approbatos
1796 3775 1809 3798 ‚
1839 3749 1877 3793 in
1895 3748 2092 3793 Notarius
2110 3756 2267 3796 creare,

1304 3813 1565 3861 constituere,
1578 3812 1616 3853 ὰ
1631 3809 1925 3868 deputare‚qui
1947 3805 2268 3908 liccreatiffion·
