<?xml version="1.0" encoding="UTF-8"?>
<!DOCTYPE html PUBLIC "-//W3C//DTD XHTML 1.0 Transitional//EN"
    "http://www.w3.org/TR/xhtml1/DTD/xhtml1-transitional.dtd">
<html xmlns="http://www.w3.org/1999/xhtml" xml:lang="en" lang="en">
 <head>
  <title>
</title>
<meta http-equiv="Content-Type" content="text/html;charset=utf-8" />
  <meta name='ocr-system' content='tesseract 3.04.00' />
  <meta name='ocr-capabilities' content='ocr_page ocr_carea ocr_par ocr_line ocrx_word'/>
</head>
<body>
  <div class='ocr_page' id='page_1' title='image "./bullariumordinis06cath_0129.png"; bbox 0 0 2444 4192; ppageno 0'>
   <div class='ocr_carea' id='block_1_1' title="bbox 753 228 1690 341">
    <p class='ocr_par' dir='ltr' id='par_1_1' title="bbox 753 228 1690 341">
     <span class='ocr_line' id='line_1_1' title="bbox 753 228 1690 341; baseline -0.007 -21"><span class='ocrx_word' id='word_1_1' title='bbox 753 233 918 320; x_wconf 85' lang='lat' dir='ltr'>Sub</span> <span class='ocrx_word' id='word_1_2' title='bbox 971 231 1297 341; x_wconf 80' lang='lat' dir='ltr'>Joanne</span> <span class='ocrx_word' id='word_1_3' title='bbox 1356 228 1690 316; x_wconf 88' lang='lat' dir='ltr'><em>XXII.</em></span> 
     </span>
    </p>
   </div>
   <div class='ocr_carea' id='block_1_2' title="bbox 169 375 1168 2979">
    <p class='ocr_par' dir='ltr' id='par_1_2' title="bbox 169 375 1168 2979">
     <span class='ocr_line' id='line_1_2' title="bbox 196 375 1163 440; baseline -0.018 -5"><span class='ocrx_word' id='word_1_4' title='bbox 196 403 314 440; x_wconf 74' lang='lat' dir='ltr'>nores</span> <span class='ocrx_word' id='word_1_5' title='bbox 327 383 462 429; x_wconf 80' lang='lat' dir='ltr'>afferit</span> <span class='ocrx_word' id='word_1_6' title='bbox 477 397 558 426; x_wconf 87' lang='lat' dir='ltr'>non</span> <span class='ocrx_word' id='word_1_7' title='bbox 575 375 684 438; x_wconf 78' lang='lat' dir='ltr'>poil&#39;e</span> <span class='ocrx_word' id='word_1_8' title='bbox 710 377 860 423; x_wconf 85' lang='lat' dir='ltr'>habere</span> <span class='ocrx_word' id='word_1_9' title='bbox 895 378 935 419; x_wconf 89' lang='lat' dir='ltr'>in</span> <span class='ocrx_word' id='word_1_10' title='bbox 959 392 1004 421; x_wconf 90' lang='lat' dir='ltr'>re</span> <span class='ocrx_word' id='word_1_11' title='bbox 1027 377 1163 431; x_wconf 86' lang='lat' dir='ltr'>aliqua</span> 
     </span>
     <span class='ocr_line' id='line_1_3' title="bbox 195 435 1167 504; baseline -0.019 -11"><span class='ocrx_word' id='word_1_12' title='bbox 195 443 414 504; x_wconf 74' lang='lat' dir='ltr'>iimplicem</span> <span class='ocrx_word' id='word_1_13' title='bbox 425 443 536 487; x_wconf 91' lang='lat' dir='ltr'>usum</span> <span class='ocrx_word' id='word_1_14' title='bbox 553 441 660 491; x_wconf 65' lang='lat' dir='ltr'>sacti,</span> <span class='ocrx_word' id='word_1_15' title='bbox 675 438 861 480; x_wconf 84' lang='lat' dir='ltr'>nituntur</span> <span class='ocrx_word' id='word_1_16' title='bbox 877 435 1058 482; x_wconf 80' lang='lat' dir='ltr'>[imiliter</span> <span class='ocrx_word' id='word_1_17' title='bbox 1067 447 1167 483; x_wconf 82' lang='lat' dir='ltr'>con-</span> 
     </span>
     <span class='ocr_line' id='line_1_4' title="bbox 194 499 701 558; baseline -0.024 -5"><span class='ocrx_word' id='word_1_18' title='bbox 194 507 364 553; x_wconf 78' lang='lat' dir='ltr'>cludere</span> <span class='ocrx_word' id='word_1_19' title='bbox 381 514 528 546; x_wconf 85' lang='lat' dir='ltr'>contra</span> <span class='ocrx_word' id='word_1_20' title='bbox 546 499 672 558; x_wconf 82' lang='lat' dir='ltr'><strong>ipsam</strong></span> <span class='ocrx_word' id='word_1_21' title='bbox 689 525 701 539; x_wconf 82' lang='lat'><strong>.</strong></span> 
     </span>
     <span class='ocr_line' id='line_1_5' title="bbox 308 552 1168 620; baseline -0.012 -14"><span class='ocrx_word' id='word_1_22' title='bbox 308 561 438 620; x_wconf 78' lang='lat' dir='ltr'>Qod</span> <span class='ocrx_word' id='word_1_23' title='bbox 458 572 596 605; x_wconf 89' lang='lat' dir='ltr'>autem</span> <span class='ocrx_word' id='word_1_24' title='bbox 611 588 626 612; x_wconf 91' lang='lat'>‚</span> <span class='ocrx_word' id='word_1_25' title='bbox 651 555 762 615; x_wconf 88' lang='lat' dir='ltr'>quod</span> <span class='ocrx_word' id='word_1_26' title='bbox 786 556 826 597; x_wconf 90' lang='lat' dir='ltr'>in</span> <span class='ocrx_word' id='word_1_27' title='bbox 843 553 1005 596; x_wconf 89' lang='lat' dir='ltr'>ratione</span> <span class='ocrx_word' id='word_1_28' title='bbox 1020 552 1168 611; x_wconf 82' lang='lat' dir='ltr'>praedi-</span> 
     </span>
     <span class='ocr_line' id='line_1_6' title="bbox 187 613 1164 681; baseline -0.013 -15"><span class='ocrx_word' id='word_1_29' title='bbox 187 621 255 681; x_wconf 58' lang='lat' dir='ltr'>§ti</span> <span class='ocrx_word' id='word_1_30' title='bbox 278 621 569 679; x_wconf 70' lang='lat' dir='ltr'>praemittitur,</span> <span class='ocrx_word' id='word_1_31' title='bbox 597 616 792 662; x_wconf 86' lang='lat' dir='ltr'>videlicet</span> <span class='ocrx_word' id='word_1_32' title='bbox 821 614 932 670; x_wconf 77' lang='lat' dir='ltr'>quod</span> <span class='ocrx_word' id='word_1_33' title='bbox 948 613 1020 654; x_wconf 83' lang='lat' dir='ltr'>illa</span> <span class='ocrx_word' id='word_1_34' title='bbox 1034 641 1049 664; x_wconf 88' lang='lat'>,</span> <span class='ocrx_word' id='word_1_35' title='bbox 1077 626 1164 670; x_wconf 82' lang='lat' dir='ltr'>quae</span> 
     </span>
     <span class='ocr_line' id='line_1_7' title="bbox 189 670 1165 740; baseline -0.011 -15"><span class='ocrx_word' id='word_1_36' title='bbox 189 695 264 740; x_wconf 82' lang='lat' dir='ltr'>per</span> <span class='ocrx_word' id='word_1_37' title='bbox 291 680 450 724; x_wconf 87' lang='lat' dir='ltr'>clavem</span> <span class='ocrx_word' id='word_1_38' title='bbox 476 679 653 723; x_wconf 67' lang='lat' dir='ltr'>scientie</span> <span class='ocrx_word' id='word_1_39' title='bbox 677 677 720 718; x_wconf 85' lang='lat' dir='ltr'>in</span> <span class='ocrx_word' id='word_1_40' title='bbox 743 673 822 718; x_wconf 82' lang='lat' dir='ltr'>fide</span> <span class='ocrx_word' id='word_1_41' title='bbox 848 686 896 714; x_wconf 86' lang='lat' dir='ltr'>ac</span> <span class='ocrx_word' id='word_1_42' title='bbox 924 672 1103 715; x_wconf 85' lang='lat' dir='ltr'>moribus</span> <span class='ocrx_word' id='word_1_43' title='bbox 1141 670 1165 714; x_wconf 70' lang='lat' dir='ltr'>a</span> 
     </span>
     <span class='ocr_line' id='line_1_8' title="bbox 187 730 1162 786; baseline -0.016 0"><span class='ocrx_word' id='word_1_44' title='bbox 187 741 367 786; x_wconf 80' lang='lat' dir='ltr'><strong>Summis</strong></span> <span class='ocrx_word' id='word_1_45' title='bbox 399 737 665 785; x_wconf 77' lang='lat' dir='ltr'>Pontificibus</span> <span class='ocrx_word' id='word_1_46' title='bbox 693 731 815 779; x_wconf 87' lang='lat' dir='ltr'>semel</span> <span class='ocrx_word' id='word_1_47' title='bbox 843 730 937 775; x_wconf 89' lang='lat' dir='ltr'>sunt</span> <span class='ocrx_word' id='word_1_48' title='bbox 964 730 1133 775; x_wconf 84' lang='lat' dir='ltr'>definita</span> <span class='ocrx_word' id='word_1_49' title='bbox 1147 756 1162 780; x_wconf 82' lang='lat'>‚</span> 
     </span>
     <span class='ocr_line' id='line_1_9' title="bbox 185 791 1162 851; baseline -0.011 -8"><span class='ocrx_word' id='word_1_50' title='bbox 185 813 335 843; x_wconf 88' lang='lat' dir='ltr'>eorum</span> <span class='ocrx_word' id='word_1_51' title='bbox 350 797 648 851; x_wconf 80' lang='lat' dir='ltr'>successoribus</span> <span class='ocrx_word' id='word_1_52' title='bbox 673 806 868 838; x_wconf 83' lang='lat' dir='ltr'>revocare</span> <span class='ocrx_word' id='word_1_53' title='bbox 895 805 980 834; x_wconf 90' lang='lat' dir='ltr'>non</span> <span class='ocrx_word' id='word_1_54' title='bbox 1007 791 1106 836; x_wconf 88' lang='lat' dir='ltr'>licet</span> <span class='ocrx_word' id='word_1_55' title='bbox 1120 791 1162 832; x_wconf 92' lang='lat' dir='ltr'>in</span> 
     </span>
     <span class='ocr_line' id='line_1_10' title="bbox 186 849 1161 910; baseline -0.011 -8"><span class='ocrx_word' id='word_1_56' title='bbox 186 858 355 902; x_wconf 86' lang='lat' dir='ltr'>dubium</span> <span class='ocrx_word' id='word_1_57' title='bbox 371 888 388 910; x_wconf 93' lang='lat'>,</span> <span class='ocrx_word' id='word_1_58' title='bbox 416 871 492 902; x_wconf 88' lang='lat' dir='ltr'>nec</span> <span class='ocrx_word' id='word_1_59' title='bbox 518 854 769 901; x_wconf 87' lang='lat' dir='ltr'>contrarium</span> <span class='ocrx_word' id='word_1_60' title='bbox 795 850 996 895; x_wconf 81' lang='lat' dir='ltr'>affirmare</span> <span class='ocrx_word' id='word_1_61' title='bbox 1019 864 1033 894; x_wconf 73' lang='grc' dir='ltr'><strong><em>ε</em></strong></span> <span class='ocrx_word' id='word_1_62' title='bbox 1059 849 1161 895; x_wconf 72' lang='lat' dir='ltr'>licet</span> 
     </span>
     <span class='ocr_line' id='line_1_11' title="bbox 181 908 1159 966; baseline -0.01 -6"><span class='ocrx_word' id='word_1_63' title='bbox 181 918 296 960; x_wconf 81' lang='lat' dir='ltr'>secus</span> <span class='ocrx_word' id='word_1_64' title='bbox 309 920 358 960; x_wconf 83' lang='lat' dir='ltr'>fit</span> <span class='ocrx_word' id='word_1_65' title='bbox 376 930 391 959; x_wconf 73' lang='grc' dir='ltr'><strong><em>ε</em></strong></span> <span class='ocrx_word' id='word_1_66' title='bbox 407 918 522 960; x_wconf 86' lang='lat' dir='ltr'>Sicut</span> <span class='ocrx_word' id='word_1_67' title='bbox 541 915 688 963; x_wconf 88' lang='lat' dir='ltr'>dicunt</span> <span class='ocrx_word' id='word_1_68' title='bbox 703 941 718 965; x_wconf 85' lang='lat'>,</span> <span class='ocrx_word' id='word_1_69' title='bbox 732 912 774 956; x_wconf 88' lang='lat' dir='ltr'>in</span> <span class='ocrx_word' id='word_1_70' title='bbox 791 910 836 953; x_wconf 81' lang='lat' dir='ltr'>iis</span> <span class='ocrx_word' id='word_1_71' title='bbox 852 941 866 962; x_wconf 86' lang='lat'>,</span> <span class='ocrx_word' id='word_1_72' title='bbox 884 924 970 966; x_wconf 79' lang='lat' dir='ltr'>quae</span> <span class='ocrx_word' id='word_1_73' title='bbox 985 924 1057 966; x_wconf 89' lang='lat' dir='ltr'>per</span> <span class='ocrx_word' id='word_1_74' title='bbox 1071 908 1159 951; x_wconf 89' lang='lat' dir='ltr'>cla-</span> 
     </span>
     <span class='ocr_line' id='line_1_12' title="bbox 182 967 1159 1031; baseline -0.009 -12"><span class='ocrx_word' id='word_1_75' title='bbox 182 990 274 1019; x_wconf 82' lang='lat' dir='ltr'>vem</span> <span class='ocrx_word' id='word_1_76' title='bbox 288 973 500 1031; x_wconf 84' lang='lat' dir='ltr'>potestatis</span> <span class='ocrx_word' id='word_1_77' title='bbox 516 987 591 1031; x_wconf 91' lang='lat' dir='ltr'>per</span> <span class='ocrx_word' id='word_1_78' title='bbox 604 977 793 1019; x_wconf 83' lang='lat' dir='ltr'>Summos</span> <span class='ocrx_word' id='word_1_79' title='bbox 808 968 1028 1015; x_wconf 77' lang='lat' dir='ltr'>Pontifices</span> <span class='ocrx_word' id='word_1_80' title='bbox 1040 967 1159 1012; x_wconf 88' lang='lat' dir='ltr'>ordi-</span> 
     </span>
     <span class='ocr_line' id='line_1_13' title="bbox 179 1028 1159 1092; baseline -0.008 -14"><span class='ocrx_word' id='word_1_81' title='bbox 179 1042 334 1079; x_wconf 88' lang='lat' dir='ltr'>nantur</span> <span class='ocrx_word' id='word_1_82' title='bbox 347 1063 362 1087; x_wconf 87' lang='lat'>,</span> <span class='ocrx_word' id='word_1_83' title='bbox 376 1033 538 1092; x_wconf 79' lang='lat' dir='ltr'>prorsus</span> <span class='ocrx_word' id='word_1_84' title='bbox 553 1031 599 1076; x_wconf 84' lang='lat' dir='ltr'>fit</span> <span class='ocrx_word' id='word_1_85' title='bbox 614 1031 866 1076; x_wconf 88' lang='lat' dir='ltr'>contrarium</span> <span class='ocrx_word' id='word_1_86' title='bbox 883 1028 1075 1079; x_wconf 84' lang='lat' dir='ltr'>veritati,</span> <span class='ocrx_word' id='word_1_87' title='bbox 1087 1042 1159 1086; x_wconf 89' lang='lat' dir='ltr'>pa-</span> 
     </span>
     <span class='ocr_line' id='line_1_14' title="bbox 179 1086 1160 1151; baseline -0.008 -14"><span class='ocrx_word' id='word_1_88' title='bbox 179 1101 246 1137; x_wconf 81' lang='lat' dir='ltr'>tet</span> <span class='ocrx_word' id='word_1_89' title='bbox 273 1108 325 1138; x_wconf 85' lang='lat' dir='ltr'>ex</span> <span class='ocrx_word' id='word_1_90' title='bbox 349 1092 607 1151; x_wconf 89' lang='lat' dir='ltr'>sequentibus</span> <span class='ocrx_word' id='word_1_91' title='bbox 635 1090 849 1139; x_wconf 82' lang='lat' dir='ltr'>evidenter</span> <span class='ocrx_word' id='word_1_92' title='bbox 870 1103 882 1133; x_wconf 77' lang='lat' dir='ltr'><strong><em>z</em></strong></span> <span class='ocrx_word' id='word_1_93' title='bbox 910 1090 1043 1144; x_wconf 77' lang='lat' dir='ltr'>primo</span> <span class='ocrx_word' id='word_1_94' title='bbox 1068 1086 1160 1144; x_wconf 91' lang='lat' dir='ltr'>qui-</span> 
     </span>
     <span class='ocr_line' id='line_1_15' title="bbox 178 1148 1156 1207; baseline -0.002 -12"><span class='ocrx_word' id='word_1_95' title='bbox 178 1152 306 1206; x_wconf 86' lang='lat' dir='ltr'>dem,</span> <span class='ocrx_word' id='word_1_96' title='bbox 322 1151 543 1197; x_wconf 71' lang='lat' dir='ltr'>stcundum</span> <span class='ocrx_word' id='word_1_97' title='bbox 558 1149 653 1194; x_wconf 79' lang='lat' dir='ltr'>illos</span> <span class='ocrx_word' id='word_1_98' title='bbox 668 1180 683 1204; x_wconf 88' lang='lat'>‚</span> <span class='ocrx_word' id='word_1_99' title='bbox 709 1151 778 1207; x_wconf 91' lang='lat' dir='ltr'>qui</span> <span class='ocrx_word' id='word_1_100' title='bbox 805 1159 947 1193; x_wconf 88' lang='lat' dir='ltr'>tenent</span> <span class='ocrx_word' id='word_1_101' title='bbox 963 1148 1156 1193; x_wconf 68' lang='lat' dir='ltr'>clavem.»</span> 
     </span>
     <span class='ocr_line' id='line_1_16' title="bbox 178 1205 1153 1268; baseline -0.005 -15"><span class='ocrx_word' id='word_1_102' title='bbox 178 1212 432 1268; x_wconf 84' lang='lat' dir='ltr'>spiritualem</span> <span class='ocrx_word' id='word_1_103' title='bbox 447 1223 701 1267; x_wconf 77' lang='lat' dir='ltr'>nequaquam</span> <span class='ocrx_word' id='word_1_104' title='bbox 717 1208 792 1254; x_wconf 81' lang='lat' dir='ltr'>efl&#39;e</span> <span class='ocrx_word' id='word_1_105' title='bbox 817 1207 1025 1252; x_wconf 86' lang='lat' dir='ltr'>scientiam</span> <span class='ocrx_word' id='word_1_106' title='bbox 1043 1235 1058 1259; x_wconf 88' lang='lat'>,</span> <span class='ocrx_word' id='word_1_107' title='bbox 1084 1205 1153 1249; x_wconf 91' lang='lat' dir='ltr'>sed</span> 
     </span>
     <span class='ocr_line' id='line_1_17' title="bbox 175 1267 1154 1327; baseline -0.007 -13"><span class='ocrx_word' id='word_1_108' title='bbox 175 1270 331 1327; x_wconf 86' lang='lat' dir='ltr'>ligandi</span> <span class='ocrx_word' id='word_1_109' title='bbox 357 1279 480 1327; x_wconf 77' lang='lat' dir='ltr'>atque</span> <span class='ocrx_word' id='word_1_110' title='bbox 506 1267 690 1313; x_wconf 84' lang='lat' dir='ltr'>solvendi</span> <span class='ocrx_word' id='word_1_111' title='bbox 717 1267 962 1324; x_wconf 81' lang='lat' dir='ltr'>potestatem</span> <span class='ocrx_word' id='word_1_112' title='bbox 986 1296 1001 1318; x_wconf 87' lang='lat'>,</span> <span class='ocrx_word' id='word_1_113' title='bbox 1041 1274 1154 1322; x_wconf 90' lang='lat' dir='ltr'>patet</span> 
     </span>
     <span class='ocr_line' id='line_1_18' title="bbox 172 1324 1150 1388; baseline -0.005 -15"><span class='ocrx_word' id='word_1_114' title='bbox 172 1328 388 1374; x_wconf 68' lang='lat' dir='ltr'>assertores</span> <span class='ocrx_word' id='word_1_115' title='bbox 403 1327 617 1388; x_wconf 72' lang='lat' dir='ltr'>praedictos</span> <span class='ocrx_word' id='word_1_116' title='bbox 631 1326 826 1383; x_wconf 89' lang='lat' dir='ltr'>ponendo</span> <span class='ocrx_word' id='word_1_117' title='bbox 838 1325 918 1373; x_wconf 82' lang='lat' dir='ltr'>effe</span> <span class='ocrx_word' id='word_1_118' title='bbox 935 1324 1150 1368; x_wconf 86' lang='lat' dir='ltr'>scientiam</span> 
     </span>
     <span class='ocr_line' id='line_1_19' title="bbox 180 1382 1150 1445; baseline -0.007 -10"><span class='ocrx_word' id='word_1_119' title='bbox 180 1386 368 1435; x_wconf 79' lang='lat' dir='ltr'>erraviffe</span> <span class='ocrx_word' id='word_1_120' title='bbox 384 1402 398 1433; x_wconf 76' lang='grc' dir='ltr'><strong><em>ε</em></strong></span> <span class='ocrx_word' id='word_1_121' title='bbox 425 1401 503 1445; x_wconf 90' lang='lat' dir='ltr'>pro</span> <span class='ocrx_word' id='word_1_122' title='bbox 517 1387 660 1445; x_wconf 83' lang='lat' dir='ltr'>quibus</span> <span class='ocrx_word' id='word_1_123' title='bbox 678 1386 775 1429; x_wconf 83' lang='lat' dir='ltr'>facit</span> <span class='ocrx_word' id='word_1_124' title='bbox 790 1385 917 1429; x_wconf 88' lang='lat' dir='ltr'>clavis</span> <span class='ocrx_word' id='word_1_125' title='bbox 931 1382 1119 1428; x_wconf 83' lang='lat' dir='ltr'>definitio</span> <span class='ocrx_word' id='word_1_126' title='bbox 1135 1410 1150 1432; x_wconf 79' lang='lat'>‚</span> 
     </span>
     <span class='ocr_line' id='line_1_20' title="bbox 180 1441 1154 1507; baseline -0.008 -13"><span class='ocrx_word' id='word_1_127' title='bbox 180 1462 269 1507; x_wconf 78' lang='lat' dir='ltr'>quae</span> <span class='ocrx_word' id='word_1_128' title='bbox 282 1446 305 1493; x_wconf 66' lang='lat' dir='ltr'>i</span> <span class='ocrx_word' id='word_1_129' title='bbox 323 1447 572 1494; x_wconf 63' lang='lat' dir='ltr'>Doctoribus</span> <span class='ocrx_word' id='word_1_130' title='bbox 589 1444 735 1490; x_wconf 89' lang='lat' dir='ltr'>datur:</span> <span class='ocrx_word' id='word_1_131' title='bbox 757 1444 882 1488; x_wconf 87' lang='lat' dir='ltr'>clavis</span> <span class='ocrx_word' id='word_1_132' title='bbox 898 1443 953 1489; x_wconf 82' lang='lat' dir='ltr'>est</span> <span class='ocrx_word' id='word_1_133' title='bbox 967 1441 1154 1500; x_wconf 82' lang='lat' dir='ltr'>specialis</span> 
     </span>
     <span class='ocr_line' id='line_1_21' title="bbox 177 1501 1154 1566; baseline -0.007 -13"><span class='ocrx_word' id='word_1_134' title='bbox 177 1507 350 1565; x_wconf 72' lang='lat' dir='ltr'>potestas</span> <span class='ocrx_word' id='word_1_135' title='bbox 365 1506 520 1566; x_wconf 74' lang='lat' dir='ltr'>ligandi</span> <span class='ocrx_word' id='word_1_136' title='bbox 538 1510 664 1563; x_wconf 79' lang='lat' dir='ltr'>atque</span> <span class='ocrx_word' id='word_1_137' title='bbox 680 1503 892 1556; x_wconf 85' lang='lat' dir='ltr'>solvendi,</span> <span class='ocrx_word' id='word_1_138' title='bbox 920 1501 999 1562; x_wconf 66' lang='lat' dir='ltr'>qua</span> <span class='ocrx_word' id='word_1_139' title='bbox 1030 1502 1154 1559; x_wconf 88' lang='lat' dir='ltr'>judex</span> 
     </span>
     <span class='ocr_line' id='line_1_22' title="bbox 177 1562 1153 1623; baseline -0.005 -12"><span class='ocrx_word' id='word_1_140' title='bbox 177 1567 478 1613; x_wconf 73' lang='lat' dir='ltr'>Ecclesiasticus</span> <span class='ocrx_word' id='word_1_141' title='bbox 492 1564 638 1623; x_wconf 83' lang='lat' dir='ltr'>dignos</span> <span class='ocrx_word' id='word_1_142' title='bbox 653 1565 835 1621; x_wconf 87' lang='lat' dir='ltr'>recipere</span> <span class='ocrx_word' id='word_1_143' title='bbox 848 1594 864 1617; x_wconf 80' lang='lat'>‚</span> <span class='ocrx_word' id='word_1_144' title='bbox 891 1565 932 1606; x_wconf 79' lang='grc' dir='ltr'>δι</span> <span class='ocrx_word' id='word_1_145' title='bbox 962 1562 1153 1620; x_wconf 79' lang='lat' dir='ltr'>indignos</span> 
     </span>
     <span class='ocr_line' id='line_1_23' title="bbox 171 1622 1152 1683; baseline -0.004 -14"><span class='ocrx_word' id='word_1_146' title='bbox 171 1626 398 1672; x_wconf 71' lang='lat' dir='ltr'>excludere</span> <span class='ocrx_word' id='word_1_147' title='bbox 411 1626 535 1671; x_wconf 88' lang='lat' dir='ltr'>debet</span> <span class='ocrx_word' id='word_1_148' title='bbox 552 1624 575 1670; x_wconf 65' lang='grc' dir='ltr'><strong>ί</strong></span> <span class='ocrx_word' id='word_1_149' title='bbox 591 1627 740 1683; x_wconf 85' lang='lat' dir='ltr'>Regno</span> <span class='ocrx_word' id='word_1_150' title='bbox 755 1653 767 1667; x_wconf 90' lang='grc'><strong>.</strong></span> <span class='ocrx_word' id='word_1_151' title='bbox 799 1626 902 1667; x_wconf 83' lang='lat' dir='ltr'>Item</span> <span class='ocrx_word' id='word_1_152' title='bbox 914 1652 929 1676; x_wconf 88' lang='lat'>‚</span> <span class='ocrx_word' id='word_1_153' title='bbox 956 1623 1052 1680; x_wconf 86' lang='lat' dir='ltr'>quia</span> <span class='ocrx_word' id='word_1_154' title='bbox 1065 1622 1152 1666; x_wconf 84' lang='lat' dir='ltr'>cla-</span> 
     </span>
     <span class='ocr_line' id='line_1_24' title="bbox 171 1684 1149 1744; baseline -0.004 -15"><span class='ocrx_word' id='word_1_155' title='bbox 171 1697 244 1729; x_wconf 75' lang='lat' dir='ltr'>ves</span> <span class='ocrx_word' id='word_1_156' title='bbox 263 1714 278 1738; x_wconf 88' lang='lat'>,</span> <span class='ocrx_word' id='word_1_157' title='bbox 292 1687 345 1731; x_wconf 92' lang='lat' dir='ltr'>de</span> <span class='ocrx_word' id='word_1_158' title='bbox 357 1687 506 1744; x_wconf 77' lang='lat' dir='ltr'>quibus</span> <span class='ocrx_word' id='word_1_159' title='bbox 523 1686 697 1743; x_wconf 77' lang='lat' dir='ltr'>agimus,</span> <span class='ocrx_word' id='word_1_160' title='bbox 715 1685 753 1727; x_wconf 91' lang='lat' dir='ltr'>in</span> <span class='ocrx_word' id='word_1_161' title='bbox 767 1684 995 1730; x_wconf 88' lang='lat' dir='ltr'>collatione</span> <span class='ocrx_word' id='word_1_162' title='bbox 1006 1686 1149 1727; x_wconf 86' lang='lat' dir='ltr'>Sacer·</span> 
     </span>
     <span class='ocr_line' id='line_1_25' title="bbox 171 1742 1149 1793; baseline -0.004 -5"><span class='ocrx_word' id='word_1_163' title='bbox 171 1743 320 1790; x_wconf 78' lang='lat' dir='ltr'>dotalis</span> <span class='ocrx_word' id='word_1_164' title='bbox 335 1744 502 1789; x_wconf 81' lang='lat' dir='ltr'>Ordinis</span> <span class='ocrx_word' id='word_1_165' title='bbox 517 1743 813 1788; x_wconf 85' lang='lat' dir='ltr'>conferuntur:</span> <span class='ocrx_word' id='word_1_166' title='bbox 827 1742 982 1786; x_wconf 80' lang='lat' dir='ltr'>constat</span> <span class='ocrx_word' id='word_1_167' title='bbox 997 1752 1149 1793; x_wconf 83' lang='lat' dir='ltr'>autem,</span> 
     </span>
     <span class='ocr_line' id='line_1_26' title="bbox 169 1800 1145 1862; baseline -0.003 -15"><span class='ocrx_word' id='word_1_168' title='bbox 169 1803 278 1862; x_wconf 71' lang='lat' dir='ltr'>quod</span> <span class='ocrx_word' id='word_1_169' title='bbox 290 1804 486 1849; x_wconf 87' lang='lat' dir='ltr'>ordinato</span> <span class='ocrx_word' id='word_1_170' title='bbox 505 1802 545 1849; x_wconf 87' lang='lat' dir='ltr'>in</span> <span class='ocrx_word' id='word_1_171' title='bbox 560 1802 830 1849; x_wconf 77' lang='lat' dir='ltr'>Sacerdotem</span> <span class='ocrx_word' id='word_1_172' title='bbox 843 1800 1010 1846; x_wconf 88' lang='lat' dir='ltr'>scientia</span> <span class='ocrx_word' id='word_1_173' title='bbox 1026 1816 1120 1846; x_wconf 88' lang='lat' dir='ltr'>com</span> <span class='ocrx_word' id='word_1_174' title='bbox 1131 1827 1145 1835; x_wconf 92' lang='lat'><em>-</em></span> 
     </span>
     <span class='ocr_line' id='line_1_27' title="bbox 171 1860 1143 1918; baseline -0.005 -10"><span class='ocrx_word' id='word_1_175' title='bbox 171 1863 352 1909; x_wconf 77' lang='lat' dir='ltr'>muniter</span> <span class='ocrx_word' id='word_1_176' title='bbox 366 1877 445 1909; x_wconf 92' lang='lat' dir='ltr'>non</span> <span class='ocrx_word' id='word_1_177' title='bbox 464 1861 682 1908; x_wconf 81' lang='lat' dir='ltr'>confertur</span> <span class='ocrx_word' id='word_1_178' title='bbox 698 1876 844 1918; x_wconf 88' lang='lat' dir='ltr'>:quare</span> <span class='ocrx_word' id='word_1_179' title='bbox 859 1860 1078 1907; x_wconf 75' lang='lat' dir='ltr'>secundum</span> <span class='ocrx_word' id='word_1_180' title='bbox 1094 1861 1143 1904; x_wconf 88' lang='lat' dir='ltr'>il·</span> 
     </span>
     <span class='ocr_line' id='line_1_28' title="bbox 171 1920 1145 1980; baseline -0.001 -16"><span class='ocrx_word' id='word_1_181' title='bbox 171 1920 453 1975; x_wconf 66' lang='lat' dir='ltr'>lomidetur,</span> <span class='ocrx_word' id='word_1_182' title='bbox 481 1922 593 1980; x_wconf 86' lang='lat' dir='ltr'>quod</span> <span class='ocrx_word' id='word_1_183' title='bbox 620 1921 784 1968; x_wconf 87' lang='lat' dir='ltr'>scientia</span> <span class='ocrx_word' id='word_1_184' title='bbox 796 1935 881 1967; x_wconf 93' lang='lat' dir='ltr'>non</span> <span class='ocrx_word' id='word_1_185' title='bbox 905 1922 962 1966; x_wconf 85' lang='lat' dir='ltr'>est</span> <span class='ocrx_word' id='word_1_186' title='bbox 986 1921 1114 1968; x_wconf 81' lang='lat' dir='ltr'>clavis</span> <span class='ocrx_word' id='word_1_187' title='bbox 1130 1951 1145 1975; x_wconf 89' lang='lat'>,</span> 
     </span>
     <span class='ocr_line' id='line_1_29' title="bbox 173 1969 1145 2040; baseline 0.003 -18"><span class='ocrx_word' id='word_1_188' title='bbox 173 1969 249 2023; x_wconf 78' lang='lat' dir='ltr'>sed-</span> <span class='ocrx_word' id='word_1_189' title='bbox 260 1981 442 2035; x_wconf 82' lang='lat' dir='ltr'>potentia</span> <span class='ocrx_word' id='word_1_190' title='bbox 469 1982 631 2028; x_wconf 69' lang='lat' dir='ltr'>tantum</span> <span class='ocrx_word' id='word_1_191' title='bbox 647 1982 799 2039; x_wconf 79' lang='lat' dir='ltr'>ligandi</span> <span class='ocrx_word' id='word_1_192' title='bbox 819 1991 943 2040; x_wconf 90' lang='lat' dir='ltr'>atque</span> <span class='ocrx_word' id='word_1_193' title='bbox 962 1980 1145 2026; x_wconf 85' lang='lat' dir='ltr'>solvendi</span> 
     </span>
     <span class='ocr_line' id='line_1_30' title="bbox 173 2037 1147 2092; baseline 0.003 -11"><span class='ocrx_word' id='word_1_194' title='bbox 173 2037 325 2081; x_wconf 84' lang='lat' dir='ltr'>debeat</span> <span class='ocrx_word' id='word_1_195' title='bbox 336 2037 422 2081; x_wconf 92' lang='lat' dir='ltr'>dici</span> <span class='ocrx_word' id='word_1_196' title='bbox 433 2037 562 2080; x_wconf 75' lang='lat' dir='ltr'>clavia</span> <span class='ocrx_word' id='word_1_197' title='bbox 578 2066 589 2078; x_wconf 94' lang='lat'><strong><em>.</em></strong></span> <span class='ocrx_word' id='word_1_198' title='bbox 622 2041 771 2081; x_wconf 80' lang='lat' dir='ltr'>Adhuc</span> <span class='ocrx_word' id='word_1_199' title='bbox 787 2042 1006 2082; x_wconf 76' lang='lat' dir='ltr'>secundum</span> <span class='ocrx_word' id='word_1_200' title='bbox 1020 2041 1116 2083; x_wconf 75' lang='lat' dir='ltr'>illos</span> <span class='ocrx_word' id='word_1_201' title='bbox 1130 2069 1147 2092; x_wconf 82' lang='lat'>,</span> 
     </span>
     <span class='ocr_line' id='line_1_31' title="bbox 173 2093 1147 2154; baseline 0 -15"><span class='ocrx_word' id='word_1_202' title='bbox 173 2096 246 2154; x_wconf 88' lang='lat' dir='ltr'>qui</span> <span class='ocrx_word' id='word_1_203' title='bbox 264 2104 422 2151; x_wconf 88' lang='lat' dir='ltr'>ponunt</span> <span class='ocrx_word' id='word_1_204' title='bbox 436 2109 556 2140; x_wconf 86' lang='lat' dir='ltr'>unam</span> <span class='ocrx_word' id='word_1_205' title='bbox 571 2094 730 2139; x_wconf 86' lang='lat' dir='ltr'>clavem</span> <span class='ocrx_word' id='word_1_206' title='bbox 748 2093 998 2151; x_wconf 85' lang='lat' dir='ltr'>spiritualem</span> <span class='ocrx_word' id='word_1_207' title='bbox 1013 2093 1147 2139; x_wconf 58' lang='lat' dir='ltr'>cist-a</span> 
     </span>
     <span class='ocr_line' id='line_1_32' title="bbox 175 2152 1147 2211; baseline -0.006 -12"><span class='ocrx_word' id='word_1_208' title='bbox 175 2155 385 2199; x_wconf 84' lang='lat' dir='ltr'>scientiam</span> <span class='ocrx_word' id='word_1_209' title='bbox 403 2181 418 2206; x_wconf 84' lang='lat'>,</span> <span class='ocrx_word' id='word_1_210' title='bbox 432 2157 474 2198; x_wconf 77' lang='grc' dir='ltr'>δι</span> <span class='ocrx_word' id='word_1_211' title='bbox 493 2153 707 2198; x_wconf 80' lang='lat' dir='ltr'>secundum</span> <span class='ocrx_word' id='word_1_212' title='bbox 728 2152 820 2198; x_wconf 82' lang='lat' dir='ltr'>illos</span> <span class='ocrx_word' id='word_1_213' title='bbox 838 2180 853 2203; x_wconf 85' lang='lat'>‚</span> <span class='ocrx_word' id='word_1_214' title='bbox 879 2155 946 2211; x_wconf 88' lang='lat' dir='ltr'>qui</span> <span class='ocrx_word' id='word_1_215' title='bbox 974 2153 1147 2195; x_wconf 66' lang='lat' dir='ltr'>auctori-</span> 
     </span>
     <span class='ocr_line' id='line_1_33' title="bbox 172 2210 1146 2263; baseline -0.009 -5"><span class='ocrx_word' id='word_1_216' title='bbox 172 2222 304 2257; x_wconf 78' lang='lat' dir='ltr'>ratem</span> <span class='ocrx_word' id='word_1_217' title='bbox 317 2212 572 2254; x_wconf 72' lang='lat' dir='ltr'>dist-emendi</span> <span class='ocrx_word' id='word_1_218' title='bbox 601 2210 709 2253; x_wconf 87' lang='lat' dir='ltr'>inter</span> <span class='ocrx_word' id='word_1_219' title='bbox 722 2211 879 2263; x_wconf 85' lang='lat' dir='ltr'>lepram</span> <span class='ocrx_word' id='word_1_220' title='bbox 893 2238 907 2260; x_wconf 87' lang='lat'>,</span> <span class='ocrx_word' id='word_1_221' title='bbox 935 2214 976 2251; x_wconf 74' lang='grc' dir='ltr'>δι</span> <span class='ocrx_word' id='word_1_222' title='bbox 992 2212 1146 2262; x_wconf 84' lang='lat' dir='ltr'>lepram</span> 
     </span>
     <span class='ocr_line' id='line_1_34' title="bbox 170 2264 1146 2321; baseline -0.008 -6"><span class='ocrx_word' id='word_1_223' title='bbox 170 2268 249 2315; x_wconf 80' lang='lat' dir='ltr'>effe</span> <span class='ocrx_word' id='word_1_224' title='bbox 260 2265 435 2312; x_wconf 80' lang='lat' dir='ltr'>afferunt</span> <span class='ocrx_word' id='word_1_225' title='bbox 452 2267 612 2310; x_wconf 83' lang='lat' dir='ltr'>clavem</span> <span class='ocrx_word' id='word_1_226' title='bbox 625 2293 642 2316; x_wconf 88' lang='lat'>,</span> <span class='ocrx_word' id='word_1_227' title='bbox 659 2267 700 2309; x_wconf 85' lang='lat'>&amp;</span> <span class='ocrx_word' id='word_1_228' title='bbox 725 2264 848 2309; x_wconf 85' lang='lat' dir='ltr'>aliam</span> <span class='ocrx_word' id='word_1_229' title='bbox 863 2265 1146 2321; x_wconf 60' lang='lat' dir='ltr'>potestatem</span> 
     </span>
     <span class='ocr_line' id='line_1_35' title="bbox 169 2323 1144 2386; baseline -0.007 -13"><span class='ocrx_word' id='word_1_230' title='bbox 169 2326 328 2386; x_wconf 82' lang='lat' dir='ltr'>ligandi</span> <span class='ocrx_word' id='word_1_231' title='bbox 340 2335 381 2371; x_wconf 86' lang='lat' dir='ltr'>at</span> <span class='ocrx_word' id='word_1_232' title='bbox 414 2341 462 2370; x_wconf 90' lang='lat' dir='ltr'>ue</span> <span class='ocrx_word' id='word_1_233' title='bbox 483 2323 671 2369; x_wconf 83' lang='lat' dir='ltr'>solvendi</span> <span class='ocrx_word' id='word_1_234' title='bbox 688 2353 704 2378; x_wconf 87' lang='lat'>‚</span> <span class='ocrx_word' id='word_1_235' title='bbox 723 2323 941 2368; x_wconf 88' lang='lat' dir='ltr'>noscuntur</span> <span class='ocrx_word' id='word_1_236' title='bbox 971 2323 1144 2368; x_wconf 87' lang='lat' dir='ltr'>eviden-</span> 
     </span>
     <span class='ocr_line' id='line_1_36' title="bbox 171 2383 1146 2443; baseline -0.007 -11"><span class='ocrx_word' id='word_1_237' title='bbox 171 2396 242 2432; x_wconf 80' lang='lat' dir='ltr'>ter</span> <span class='ocrx_word' id='word_1_238' title='bbox 254 2386 370 2431; x_wconf 67' lang='lat' dir='ltr'>errra</span> <span class='ocrx_word' id='word_1_239' title='bbox 403 2400 440 2431; x_wconf 84' lang='lat' dir='ltr'>e:</span> <span class='ocrx_word' id='word_1_240' title='bbox 457 2387 700 2443; x_wconf 84' lang='lat' dir='ltr'>Supponunt</span> <span class='ocrx_word' id='word_1_241' title='bbox 713 2385 822 2428; x_wconf 89' lang='lat' dir='ltr'>enim</span> <span class='ocrx_word' id='word_1_242' title='bbox 837 2399 906 2442; x_wconf 90' lang='lat' dir='ltr'>per</span> <span class='ocrx_word' id='word_1_243' title='bbox 921 2383 1059 2428; x_wconf 85' lang='lat' dir='ltr'>claves</span> <span class='ocrx_word' id='word_1_244' title='bbox 1074 2384 1146 2426; x_wconf 91' lang='lat' dir='ltr'>hu-</span> 
     </span>
     <span class='ocr_line' id='line_1_37' title="bbox 169 2440 1147 2506; baseline -0.006 -16"><span class='ocrx_word' id='word_1_245' title='bbox 169 2445 344 2506; x_wconf 73' lang='lat' dir='ltr'>iufinodi</span> <span class='ocrx_word' id='word_1_246' title='bbox 358 2449 467 2491; x_wconf 87' lang='lat' dir='ltr'>circa</span> <span class='ocrx_word' id='word_1_247' title='bbox 484 2459 559 2496; x_wconf 81' lang='lat' dir='ltr'>ea,</span> <span class='ocrx_word' id='word_1_248' title='bbox 573 2459 658 2504; x_wconf 82' lang='lat' dir='ltr'>quae</span> <span class='ocrx_word' id='word_1_249' title='bbox 672 2443 764 2488; x_wconf 84' lang='lat' dir='ltr'>fidei</span> <span class='ocrx_word' id='word_1_250' title='bbox 780 2443 868 2487; x_wconf 90' lang='lat' dir='ltr'>sunt</span> <span class='ocrx_word' id='word_1_251' title='bbox 883 2446 950 2496; x_wconf 74' lang='grc' dir='ltr'>,δι</span> <span class='ocrx_word' id='word_1_252' title='bbox 965 2444 1043 2488; x_wconf 85' lang='lat' dir='ltr'>alia</span> <span class='ocrx_word' id='word_1_253' title='bbox 1059 2440 1147 2500; x_wconf 89' lang='lat' dir='ltr'>pos·</span> 
     </span>
     <span class='ocr_line' id='line_1_38' title="bbox 172 2503 1147 2563; baseline -0.004 -12"><span class='ocrx_word' id='word_1_254' title='bbox 172 2507 214 2551; x_wconf 83' lang='lat' dir='ltr'>se</span> <span class='ocrx_word' id='word_1_255' title='bbox 226 2520 300 2563; x_wconf 83' lang='lat' dir='ltr'>per</span> <span class='ocrx_word' id='word_1_256' title='bbox 312 2504 661 2551; x_wconf 79' lang='lat' dir='ltr'>constitutionem</span> <span class='ocrx_word' id='word_1_257' title='bbox 675 2505 848 2562; x_wconf 84' lang='lat' dir='ltr'>aliquam</span> <span class='ocrx_word' id='word_1_258' title='bbox 859 2504 1018 2548; x_wconf 86' lang='lat' dir='ltr'>definiri</span> <span class='ocrx_word' id='word_1_259' title='bbox 1035 2534 1050 2556; x_wconf 88' lang='lat'>,</span> <span class='ocrx_word' id='word_1_260' title='bbox 1067 2503 1147 2547; x_wconf 80' lang='lat' dir='ltr'>cla·</span> 
     </span>
     <span class='ocr_line' id='line_1_39' title="bbox 173 2563 1144 2622; baseline -0.004 -14"><span class='ocrx_word' id='word_1_261' title='bbox 173 2578 246 2609; x_wconf 75' lang='lat' dir='ltr'>ves</span> <span class='ocrx_word' id='word_1_262' title='bbox 260 2575 400 2611; x_wconf 81' lang='lat' dir='ltr'>autem</span> <span class='ocrx_word' id='word_1_263' title='bbox 414 2593 430 2617; x_wconf 78' lang='lat'>,</span> <span class='ocrx_word' id='word_1_264' title='bbox 447 2579 531 2622; x_wconf 85' lang='lat' dir='ltr'>quae</span> <span class='ocrx_word' id='word_1_265' title='bbox 546 2565 585 2608; x_wconf 91' lang='lat' dir='ltr'>in</span> <span class='ocrx_word' id='word_1_266' title='bbox 600 2563 855 2609; x_wconf 84' lang='lat' dir='ltr'>sacerdotali</span> <span class='ocrx_word' id='word_1_267' title='bbox 873 2563 1144 2608; x_wconf 86' lang='lat' dir='ltr'>conseruntur</span> 
     </span>
     <span class='ocr_line' id='line_1_40' title="bbox 175 2622 1144 2678; baseline -0.004 -10"><span class='ocrx_word' id='word_1_268' title='bbox 175 2624 323 2669; x_wconf 81' lang='lat' dir='ltr'>ordine</span> <span class='ocrx_word' id='word_1_269' title='bbox 333 2653 349 2678; x_wconf 87' lang='lat'>,</span> <span class='ocrx_word' id='word_1_270' title='bbox 363 2623 414 2670; x_wconf 82' lang='lat' dir='ltr'>ad</span> <span class='ocrx_word' id='word_1_271' title='bbox 431 2624 528 2668; x_wconf 89' lang='lat' dir='ltr'>talia</span> <span class='ocrx_word' id='word_1_272' title='bbox 541 2624 706 2668; x_wconf 72' lang='lat' dir='ltr'>minime</span> <span class='ocrx_word' id='word_1_273' title='bbox 723 2624 761 2668; x_wconf 91' lang='lat' dir='ltr'>sc</span> <span class='ocrx_word' id='word_1_274' title='bbox 775 2625 999 2668; x_wconf 77' lang='lat' dir='ltr'>extendunt</span> <span class='ocrx_word' id='word_1_275' title='bbox 1017 2622 1144 2670; x_wconf 63' lang='lat' dir='ltr'>:aliis</span> 
     </span>
     <span class='ocr_line' id='line_1_41' title="bbox 175 2682 1144 2743; baseline -0.005 -15"><span class='ocrx_word' id='word_1_276' title='bbox 175 2682 535 2743; x_wconf 75' lang='lat' dir='ltr'>sequeretur-,quod</span> <span class='ocrx_word' id='word_1_277' title='bbox 547 2683 653 2727; x_wconf 85' lang='lat' dir='ltr'>circa</span> <span class='ocrx_word' id='word_1_278' title='bbox 665 2682 852 2741; x_wconf 78' lang='lat' dir='ltr'>praemiffa</span> <span class='ocrx_word' id='word_1_279' title='bbox 866 2684 1017 2742; x_wconf 70' lang='lat' dir='ltr'>possent</span> <span class='ocrx_word' id='word_1_280' title='bbox 1030 2685 1144 2725; x_wconf 92' lang='lat' dir='ltr'>Con·</span> 
     </span>
     <span class='ocr_line' id='line_1_42' title="bbox 173 2741 1141 2800; baseline -0.003 -13"><span class='ocrx_word' id='word_1_281' title='bbox 173 2741 428 2789; x_wconf 76' lang='lat' dir='ltr'>stitutionem</span> <span class='ocrx_word' id='word_1_282' title='bbox 454 2742 700 2788; x_wconf 84' lang='lat' dir='ltr'>Sacerdotes</span> <span class='ocrx_word' id='word_1_283' title='bbox 726 2743 929 2800; x_wconf 78' lang='lat' dir='ltr'>[implices</span> <span class='ocrx_word' id='word_1_284' title='bbox 967 2742 1103 2786; x_wconf 86' lang='lat' dir='ltr'>facere</span> <span class='ocrx_word' id='word_1_285' title='bbox 1128 2754 1141 2785; x_wconf 74' lang='grc' dir='ltr'><strong><em>ε</em></strong></span> 
     </span>
     <span class='ocr_line' id='line_1_43' title="bbox 173 2800 1142 2849; baseline -0.003 -1"><span class='ocrx_word' id='word_1_286' title='bbox 173 2805 175 2807; x_wconf 77' lang='grc'><strong>’</strong></span> <span class='ocrx_word' id='word_1_287' title='bbox 204 2802 287 2848; x_wconf 89' lang='lat' dir='ltr'>uod</span> <span class='ocrx_word' id='word_1_288' title='bbox 303 2800 445 2845; x_wconf 88' lang='lat' dir='ltr'>falsum</span> <span class='ocrx_word' id='word_1_289' title='bbox 459 2800 517 2845; x_wconf 81' lang='lat' dir='ltr'>cst</span> <span class='ocrx_word' id='word_1_290' title='bbox 528 2801 766 2847; x_wconf 81' lang='lat' dir='ltr'>evidenter.</span> <span class='ocrx_word' id='word_1_291' title='bbox 801 2803 842 2846; x_wconf 86' lang='lat' dir='ltr'>Si</span> <span class='ocrx_word' id='word_1_292' title='bbox 856 2814 992 2849; x_wconf 90' lang='lat' dir='ltr'>autem</span> <span class='ocrx_word' id='word_1_293' title='bbox 1007 2802 1142 2847; x_wconf 91' lang='lat' dir='ltr'>inten-</span> 
     </span>
     <span class='ocr_line' id='line_1_44' title="bbox 206 2859 1141 2920; baseline 0.002 -15"><span class='ocrx_word' id='word_1_294' title='bbox 206 2870 276 2905; x_wconf 76' lang='lat' dir='ltr'>ant</span> <span class='ocrx_word' id='word_1_295' title='bbox 288 2859 424 2905; x_wconf 84' lang='lat' dir='ltr'>claves</span> <span class='ocrx_word' id='word_1_296' title='bbox 446 2860 533 2905; x_wconf 78' lang='lat' dir='ltr'>istas</span> <span class='ocrx_word' id='word_1_297' title='bbox 547 2861 772 2906; x_wconf 76' lang='lat' dir='ltr'>extendere</span> <span class='ocrx_word' id='word_1_298' title='bbox 798 2861 848 2907; x_wconf 79' lang='lat' dir='ltr'>ad</span> <span class='ocrx_word' id='word_1_299' title='bbox 874 2861 1141 2920; x_wconf 59' lang='lat' dir='ltr'>generalem„</span> 
     </span>
     <span class='ocr_line' id='line_1_45' title="bbox 172 2918 1141 2979; baseline 0.002 -15"><span class='ocrx_word' id='word_1_300' title='bbox 172 2918 414 2979; x_wconf 81' lang='lat' dir='ltr'>potestatem</span> <span class='ocrx_word' id='word_1_301' title='bbox 428 2921 669 2965; x_wconf 79' lang='lat' dir='ltr'>attributam</span> <span class='ocrx_word' id='word_1_302' title='bbox 689 2923 816 2965; x_wconf 86' lang='lat' dir='ltr'>Beato</span> <span class='ocrx_word' id='word_1_303' title='bbox 829 2922 973 2976; x_wconf 85' lang='lat' dir='ltr'>Petro,</span> <span class='ocrx_word' id='word_1_304' title='bbox 988 2921 1141 2978; x_wconf 90' lang='lat' dir='ltr'>suisque</span> 
     </span>
    </p>
   </div>
   <div class='ocr_carea' id='block_1_3' title="bbox 51 2978 1141 3036">
    <p class='ocr_par' dir='ltr' id='par_1_3' title="bbox 51 2978 1141 3036">
     <span class='ocr_line' id='line_1_46' title="bbox 51 2978 1141 3036; baseline 0.001 -12"><span class='ocrx_word' id='word_1_305' title='bbox 51 3017 59 3024; x_wconf 86' lang='lat'><em>.</em></span> <span class='ocrx_word' id='word_1_306' title='bbox 94 3026 96 3031; x_wconf 65' lang='grc'><strong>,</strong></span> <span class='ocrx_word' id='word_1_307' title='bbox 175 2979 481 3027; x_wconf 81' lang='lat' dir='ltr'>Succefforibus</span> <span class='ocrx_word' id='word_1_308' title='bbox 497 2979 539 3021; x_wconf 89' lang='lat' dir='ltr'>in</span> <span class='ocrx_word' id='word_1_309' title='bbox 553 2978 761 3035; x_wconf 85' lang='lat' dir='ltr'>personam</span> <span class='ocrx_word' id='word_1_310' title='bbox 776 2979 954 3036; x_wconf 71' lang='lat' dir='ltr'>eiusdem</span> <span class='ocrx_word' id='word_1_311' title='bbox 972 2984 1011 3026; x_wconf 83' lang='lat' dir='ltr'>in</span> <span class='ocrx_word' id='word_1_312' title='bbox 1024 2996 1141 3026; x_wconf 88' lang='lat' dir='ltr'>corn·</span> 
     </span>
    </p>
   </div>
   <div class='ocr_carea' id='block_1_4' title="bbox 144 3037 1143 3215">
    <p class='ocr_par' dir='ltr' id='par_1_4' title="bbox 144 3037 1143 3215">
     <span class='ocr_line' id='line_1_47' title="bbox 144 3037 1140 3101; baseline 0.003 -18"><span class='ocrx_word' id='word_1_313' title='bbox 144 3087 154 3094; x_wconf 29' lang='lat'>,-</span> <span class='ocrx_word' id='word_1_314' title='bbox 179 3037 358 3085; x_wconf 80' lang='lat' dir='ltr'>rniffione</span> <span class='ocrx_word' id='word_1_315' title='bbox 374 3037 501 3082; x_wconf 81' lang='lat' dir='ltr'>officii</span> <span class='ocrx_word' id='word_1_316' title='bbox 516 3038 744 3097; x_wconf 71' lang='lat' dir='ltr'>pastoralis,</span> <span class='ocrx_word' id='word_1_317' title='bbox 776 3055 848 3095; x_wconf 87' lang='lat' dir='ltr'>per</span> <span class='ocrx_word' id='word_1_318' title='bbox 866 3057 985 3101; x_wconf 85' lang='lat' dir='ltr'>quam</span> <span class='ocrx_word' id='word_1_319' title='bbox 999 3044 1140 3096; x_wconf 85' lang='lat' dir='ltr'>utique</span> 
     </span>
     <span class='ocr_line' id='line_1_48' title="bbox 144 3097 1142 3156; baseline 0.003 -13"><span class='ocrx_word' id='word_1_320' title='bbox 144 3144 156 3151; x_wconf 67' lang='grc'>,,</span> <span class='ocrx_word' id='word_1_321' title='bbox 177 3097 391 3144; x_wconf 70' lang='lat' dir='ltr'>videretur</span> <span class='ocrx_word' id='word_1_322' title='bbox 406 3097 618 3142; x_wconf 83' lang='lat' dir='ltr'>evidenter</span> <span class='ocrx_word' id='word_1_323' title='bbox 640 3099 727 3156; x_wconf 80' lang='lat' dir='ltr'>ipsis</span> <span class='ocrx_word' id='word_1_324' title='bbox 742 3100 875 3144; x_wconf 87' lang='lat' dir='ltr'>omnia</span> <span class='ocrx_word' id='word_1_325' title='bbox 888 3100 1112 3146; x_wconf 80' lang='lat' dir='ltr'>conceffiffe</span> <span class='ocrx_word' id='word_1_326' title='bbox 1127 3132 1142 3154; x_wconf 86' lang='lat'><em>‚</em></span> 
     </span>
     <span class='ocr_line' id='line_1_49' title="bbox 147 3157 1143 3215; baseline 0.005 -15"><span class='ocrx_word' id='word_1_327' title='bbox 147 3207 151 3212; x_wconf 25' lang='lat' dir='ltr'>v</span> <span class='ocrx_word' id='word_1_328' title='bbox 175 3158 263 3205; x_wconf 65' lang='lat' dir='ltr'>fine</span> <span class='ocrx_word' id='word_1_329' title='bbox 276 3158 422 3215; x_wconf 86' lang='lat' dir='ltr'>quibus</span> <span class='ocrx_word' id='word_1_330' title='bbox 438 3158 611 3201; x_wconf 86' lang='lat' dir='ltr'>Pastoris</span> <span class='ocrx_word' id='word_1_331' title='bbox 634 3157 872 3203; x_wconf 77' lang='lat' dir='ltr'>universalis</span> <span class='ocrx_word' id='word_1_332' title='bbox 893 3162 1143 3205; x_wconf 78' lang='lat' dir='ltr'>convenien-</span> 
     </span>
    </p>
   </div>
   <div class='ocr_carea' id='block_1_5' title="bbox 48 3210 1142 3274">
    <p class='ocr_par' dir='ltr' id='par_1_5' title="bbox 48 3210 1142 3274">
     <span class='ocr_line' id='line_1_50' title="bbox 48 3210 1142 3274; baseline 0.008 -18"><span class='ocrx_word' id='word_1_333' title='bbox 48 3210 50 3212; x_wconf 64' lang='grc'>’</span> <span class='ocrx_word' id='word_1_334' title='bbox 90 3246 92 3248; x_wconf 28' lang='grc' dir='ltr'>ψ</span> <span class='ocrx_word' id='word_1_335' title='bbox 138 3219 248 3266; x_wconf 56' lang='lat' dir='ltr'>ffler</span> <span class='ocrx_word' id='word_1_336' title='bbox 256 3231 354 3263; x_wconf 83' lang='lat' dir='ltr'>cura</span> <span class='ocrx_word' id='word_1_337' title='bbox 369 3217 511 3274; x_wconf 89' lang='lat' dir='ltr'>nequit</span> <span class='ocrx_word' id='word_1_338' title='bbox 525 3215 588 3261; x_wconf 92' lang='lat' dir='ltr'>seu</span> <span class='ocrx_word' id='word_1_339' title='bbox 598 3218 777 3261; x_wconf 87' lang='lat' dir='ltr'>officium</span> <span class='ocrx_word' id='word_1_340' title='bbox 793 3218 996 3274; x_wconf 87' lang='lat' dir='ltr'>expediri,</span> <span class='ocrx_word' id='word_1_341' title='bbox 1009 3220 1142 3264; x_wconf 81' lang='lat' dir='ltr'>adhuc</span> 
     </span>
    </p>
   </div>
   <div class='ocr_carea' id='block_1_6' title="bbox 146 3275 1144 3811">
    <p class='ocr_par' dir='ltr' id='par_1_6' title="bbox 146 3275 1144 3811">
     <span class='ocr_line' id='line_1_51' title="bbox 146 3275 1142 3338; baseline 0.004 -16"><span class='ocrx_word' id='word_1_342' title='bbox 146 3275 316 3338; x_wconf 44' lang='lat' dir='ltr'>G{filaret</span> <span class='ocrx_word' id='word_1_343' title='bbox 330 3306 348 3330; x_wconf 88' lang='lat'>,</span> <span class='ocrx_word' id='word_1_344' title='bbox 376 3275 480 3334; x_wconf 79' lang='lat' dir='ltr'>ipsos</span> <span class='ocrx_word' id='word_1_345' title='bbox 497 3277 620 3319; x_wconf 87' lang='lat' dir='ltr'>etiam</span> <span class='ocrx_word' id='word_1_346' title='bbox 634 3276 808 3322; x_wconf 63' lang='lat' dir='ltr'>errasse:</span> <span class='ocrx_word' id='word_1_347' title='bbox 837 3279 982 3323; x_wconf 85' lang='lat' dir='ltr'>dicunt</span> <span class='ocrx_word' id='word_1_348' title='bbox 1003 3282 1142 3326; x_wconf 79' lang='lat' dir='ltr'>enirn..</span> 
     </span>
     <span class='ocr_line' id='line_1_52' title="bbox 149 3334 1143 3394; baseline 0.004 -15"><span class='ocrx_word' id='word_1_349' title='bbox 149 3343 171 3393; x_wconf 67' lang='lat'>⁴‚32</span> <span class='ocrx_word' id='word_1_350' title='bbox 186 3381 199 3386; x_wconf 18' lang='grc' dir='ltr'>Δ,</span> <span class='ocrx_word' id='word_1_351' title='bbox 226 3335 307 3379; x_wconf 85' lang='lat' dir='ltr'>&#39;um</span> <span class='ocrx_word' id='word_1_352' title='bbox 327 3334 509 3380; x_wconf 64' lang='lat' dir='ltr'>effectum</span> <span class='ocrx_word' id='word_1_353' title='bbox 524 3337 674 3380; x_wconf 87' lang='lat' dir='ltr'>habere</span> <span class='ocrx_word' id='word_1_354' title='bbox 687 3338 759 3382; x_wconf 86' lang='lat' dir='ltr'>illa</span> <span class='ocrx_word' id='word_1_355' title='bbox 772 3363 787 3387; x_wconf 69' lang='lat' dir='ltr'>a</span> <span class='ocrx_word' id='word_1_356' title='bbox 800 3353 887 3394; x_wconf 88' lang='lat' dir='ltr'>quae</span> <span class='ocrx_word' id='word_1_357' title='bbox 902 3352 974 3394; x_wconf 89' lang='lat' dir='ltr'>per</span> <span class='ocrx_word' id='word_1_358' title='bbox 984 3338 1143 3384; x_wconf 87' lang='lat' dir='ltr'>clavem</span> 
     </span>
     <span class='ocr_line' id='line_1_53' title="bbox 182 3394 1144 3454; baseline 0.004 -14"><span class='ocrx_word' id='word_1_359' title='bbox 182 3431 187 3440; x_wconf 80' lang='grc'>,</span> <span class='ocrx_word' id='word_1_360' title='bbox 223 3394 382 3451; x_wconf 67' lang='lat' dir='ltr'>fentiae,</span> <span class='ocrx_word' id='word_1_361' title='bbox 405 3398 446 3439; x_wconf 75' lang='grc' dir='ltr'>δι</span> <span class='ocrx_word' id='word_1_362' title='bbox 475 3396 712 3448; x_wconf 84' lang='lat' dir='ltr'>aliumilla,</span> <span class='ocrx_word' id='word_1_363' title='bbox 739 3412 828 3453; x_wconf 88' lang='lat' dir='ltr'>quae</span> <span class='ocrx_word' id='word_1_364' title='bbox 854 3413 924 3454; x_wconf 91' lang='lat' dir='ltr'>per</span> <span class='ocrx_word' id='word_1_365' title='bbox 947 3398 1144 3444; x_wconf 62' lang='lat' dir='ltr'>clavem-a</span> 
     </span>
     <span class='ocr_line' id='line_1_54' title="bbox 219 3455 1143 3514; baseline 0.001 -13"><span class='ocrx_word' id='word_1_366' title='bbox 219 3456 230 3502; x_wconf 69' lang='lat' dir='ltr'>s,</span> <span class='ocrx_word' id='word_1_367' title='bbox 288 3455 376 3498; x_wconf 82' lang='lat' dir='ltr'>ntiae</span> <span class='ocrx_word' id='word_1_368' title='bbox 389 3455 648 3509; x_wconf 78' lang='lat' dir='ltr'>statuuntur,</span> <span class='ocrx_word' id='word_1_369' title='bbox 672 3455 940 3514; x_wconf 86' lang='lat' dir='ltr'>supponentes</span> <span class='ocrx_word' id='word_1_370' title='bbox 966 3455 1038 3500; x_wconf 78' lang='lat' dir='ltr'>alia</span> <span class='ocrx_word' id='word_1_371' title='bbox 1070 3473 1143 3513; x_wconf 90' lang='lat' dir='ltr'>per</span> 
     </span>
     <span class='ocr_line' id='line_1_55' title="bbox 198 3506 1142 3576; baseline 0.004 -20"><span class='ocrx_word' id='word_1_372' title='bbox 198 3506 348 3576; x_wconf 46' lang='lat' dir='ltr'>{finem</span> <span class='ocrx_word' id='word_1_373' title='bbox 361 3513 530 3558; x_wconf 72' lang='lat' dir='ltr'>scientiar</span> <span class='ocrx_word' id='word_1_374' title='bbox 543 3544 559 3567; x_wconf 83' lang='lat'>,</span> <span class='ocrx_word' id='word_1_375' title='bbox 585 3516 626 3558; x_wconf 84' lang='lat'>&amp;</span> <span class='ocrx_word' id='word_1_376' title='bbox 638 3515 716 3558; x_wconf 86' lang='lat' dir='ltr'>alia</span> <span class='ocrx_word' id='word_1_377' title='bbox 743 3532 814 3572; x_wconf 91' lang='lat' dir='ltr'>per</span> <span class='ocrx_word' id='word_1_378' title='bbox 827 3518 984 3561; x_wconf 82' lang='lat' dir='ltr'>clavem</span> <span class='ocrx_word' id='word_1_379' title='bbox 1000 3527 1142 3575; x_wconf 89' lang='lat' dir='ltr'>poten·</span> 
     </span>
     <span class='ocr_line' id='line_1_56' title="bbox 199 3569 1142 3634; baseline 0.008 -24"><span class='ocrx_word' id='word_1_380' title='bbox 199 3569 383 3614; x_wconf 66' lang='lat' dir='ltr'>tii-statui</span> <span class='ocrx_word' id='word_1_381' title='bbox 397 3603 413 3624; x_wconf 93' lang='lat'>‚</span> <span class='ocrx_word' id='word_1_382' title='bbox 427 3572 630 3618; x_wconf 86' lang='lat' dir='ltr'>seu&#39;etiam</span> <span class='ocrx_word' id='word_1_383' title='bbox 644 3574 821 3620; x_wconf 86' lang='lat' dir='ltr'>difiniri:</span> <span class='ocrx_word' id='word_1_384' title='bbox 849 3577 961 3634; x_wconf 89' lang='lat' dir='ltr'>quod</span> <span class='ocrx_word' id='word_1_385' title='bbox 976 3576 1142 3620; x_wconf 85' lang='lat' dir='ltr'>eviden-</span> 
     </span>
     <span class='ocr_line' id='line_1_57' title="bbox 201 3628 1144 3689; baseline 0.007 -18"><span class='ocrx_word' id='word_1_386' title='bbox 201 3630 262 3667; x_wconf 69' lang='lat' dir='ltr'>tet</span> <span class='ocrx_word' id='word_1_387' title='bbox 278 3628 334 3683; x_wconf 64' lang='lat' dir='ltr'>eu</span> <span class='ocrx_word' id='word_1_388' title='bbox 346 3629 504 3676; x_wconf 85' lang='lat' dir='ltr'>salsum:</span> <span class='ocrx_word' id='word_1_389' title='bbox 531 3648 604 3689; x_wconf 90' lang='lat' dir='ltr'>per</span> <span class='ocrx_word' id='word_1_390' title='bbox 628 3635 785 3679; x_wconf 86' lang='lat' dir='ltr'>clavem</span> <span class='ocrx_word' id='word_1_391' title='bbox 810 3637 919 3680; x_wconf 85' lang='lat' dir='ltr'>enim</span> <span class='ocrx_word' id='word_1_392' title='bbox 943 3634 1144 3687; x_wconf 71' lang='lat' dir='ltr'>scientiar,</span> 
     </span>
     <span class='ocr_line' id='line_1_58' title="bbox 199 3679 1143 3749; baseline 0.005 -17"><span class='ocrx_word' id='word_1_393' title='bbox 199 3679 660 3738; x_wconf 65' lang='lat' dir='ltr'>five2perauooritatem</span> <span class='ocrx_word' id='word_1_394' title='bbox 673 3694 921 3740; x_wconf 85' lang='lat' dir='ltr'>discernendi</span> <span class='ocrx_word' id='word_1_395' title='bbox 937 3724 952 3749; x_wconf 88' lang='lat'>,</span> <span class='ocrx_word' id='word_1_396' title='bbox 979 3700 1046 3740; x_wconf 90' lang='lat' dir='ltr'>seu</span> <span class='ocrx_word' id='word_1_397' title='bbox 1072 3709 1143 3737; x_wconf 87' lang='lat' dir='ltr'>co-</span> 
     </span>
     <span class='ocr_line' id='line_1_59' title="bbox 198 3739 1140 3811; baseline 0.003 -18"><span class='ocrx_word' id='word_1_398' title='bbox 198 3739 538 3805; x_wconf 44' lang='lat' dir='ltr'>gnoscendssfflter</span> <span class='ocrx_word' id='word_1_399' title='bbox 555 3751 708 3807; x_wconf 88' lang='lat' dir='ltr'>lepram</span> <span class='ocrx_word' id='word_1_400' title='bbox 723 3781 738 3805; x_wconf 77' lang='lat'>,</span> <span class='ocrx_word' id='word_1_401' title='bbox 762 3756 970 3811; x_wconf 84' lang='lat' dir='ltr'>&amp;lepram</span> <span class='ocrx_word' id='word_1_402' title='bbox 987 3786 1001 3808; x_wconf 85' lang='lat'><strong>‚</strong></span> <span class='ocrx_word' id='word_1_403' title='bbox 1025 3756 1053 3796; x_wconf 79' lang='lat' dir='ltr'>si</span> <span class='ocrx_word' id='word_1_404' title='bbox 1079 3754 1140 3808; x_wconf 88' lang='lat' dir='ltr'>ip·</span> 
     </span>
    </p>
   </div>
   <div class='ocr_carea' id='block_1_7' title="bbox 175 3381 242 3506">
    <p class='ocr_par' dir='ltr' id='par_1_7' title="bbox 175 3381 242 3506">
     <span class='ocr_line' id='line_1_60' title="bbox 175 3381 242 3506; baseline 0 -82"><span class='ocrx_word' id='word_1_405' title='bbox 175 3381 242 3506; x_wconf 95' lang='lat' dir='ltr'>    </span> 
     </span>
    </p>
   </div>
   <div class='ocr_carea' id='block_1_8' title="bbox 1971 265 2133 347">
    <p class='ocr_par' dir='ltr' id='par_1_8' title="bbox 1971 265 2133 347">
     <span class='ocr_line' id='line_1_61' title="bbox 1971 265 2133 347; baseline -0.006 -27"><span class='ocrx_word' id='word_1_406' title='bbox 1971 265 2133 347; x_wconf 90' lang='lat'>107</span> 
     </span>
    </p>
   </div>
   <div class='ocr_carea' id='block_1_9' title="bbox 1191 380 2205 3806">
    <p class='ocr_par' dir='ltr' id='par_1_9' title="bbox 1213 380 2205 1432">
     <span class='ocr_line' id='line_1_62' title="bbox 1226 380 2204 435; baseline 0.015 -15"><span class='ocrx_word' id='word_1_407' title='bbox 1226 391 1289 421; x_wconf 81' lang='lat' dir='ltr'>tas</span> <span class='ocrx_word' id='word_1_408' title='bbox 1303 380 1601 432; x_wconf 87' lang='lat' dir='ltr'>cognoscendi.</span> <span class='ocrx_word' id='word_1_409' title='bbox 1634 380 1866 433; x_wconf 82' lang='lat' dir='ltr'>Eiautem,</span> <span class='ocrx_word' id='word_1_410' title='bbox 1893 385 1959 424; x_wconf 87' lang='lat' dir='ltr'>cui</span> <span class='ocrx_word' id='word_1_411' title='bbox 1985 387 2103 431; x_wconf 85' lang='lat' dir='ltr'>datur</span> <span class='ocrx_word' id='word_1_412' title='bbox 2130 407 2204 435; x_wconf 85' lang='lat' dir='ltr'>au-</span> 
     </span>
     <span class='ocr_line' id='line_1_63' title="bbox 1225 436 2202 494; baseline 0.01 -15"><span class='ocrx_word' id='word_1_413' title='bbox 1225 436 1391 479; x_wconf 63' lang='lat' dir='ltr'>ctoritas</span> <span class='ocrx_word' id='word_1_414' title='bbox 1405 437 1459 481; x_wconf 90' lang='lat' dir='ltr'>de</span> <span class='ocrx_word' id='word_1_415' title='bbox 1475 451 1520 479; x_wconf 88' lang='lat' dir='ltr'>re</span> <span class='ocrx_word' id='word_1_416' title='bbox 1534 436 1670 493; x_wconf 86' lang='lat' dir='ltr'>aliqua</span> <span class='ocrx_word' id='word_1_417' title='bbox 1691 438 1965 494; x_wconf 88' lang='lat' dir='ltr'>cognoscendi</span> <span class='ocrx_word' id='word_1_418' title='bbox 1982 470 1996 492; x_wconf 90' lang='lat'>,</span> <span class='ocrx_word' id='word_1_419' title='bbox 2018 446 2070 487; x_wconf 89' lang='lat' dir='ltr'>de</span> <span class='ocrx_word' id='word_1_420' title='bbox 2099 448 2202 494; x_wconf 52' lang='lat' dir='ltr'>illa„</span> 
     </span>
     <span class='ocr_line' id='line_1_64' title="bbox 1227 493 2196 557; baseline 0.006 -18"><span class='ocrx_word' id='word_1_421' title='bbox 1227 493 1453 539; x_wconf 81' lang='lat' dir='ltr'>definiendi</span> <span class='ocrx_word' id='word_1_422' title='bbox 1471 508 1555 536; x_wconf 90' lang='lat' dir='ltr'>non</span> <span class='ocrx_word' id='word_1_423' title='bbox 1573 495 1822 552; x_wconf 82' lang='lat' dir='ltr'>intelligitur</span> <span class='ocrx_word' id='word_1_424' title='bbox 1838 496 1912 540; x_wconf 79' lang='lat' dir='ltr'>effe</span> <span class='ocrx_word' id='word_1_425' title='bbox 1922 498 2016 539; x_wconf 89' lang='lat' dir='ltr'>data</span> <span class='ocrx_word' id='word_1_426' title='bbox 2029 529 2041 541; x_wconf 91' lang='lat'>.</span> <span class='ocrx_word' id='word_1_427' title='bbox 2058 505 2196 557; x_wconf 85' lang='lat' dir='ltr'>Quare</span> 
     </span>
     <span class='ocr_line' id='line_1_65' title="bbox 1229 553 2200 610; baseline 0.004 -12"><span class='ocrx_word' id='word_1_428' title='bbox 1229 555 1349 599; x_wconf 83' lang='lat' dir='ltr'>restat</span> <span class='ocrx_word' id='word_1_429' title='bbox 1368 583 1381 606; x_wconf 89' lang='lat'>,</span> <span class='ocrx_word' id='word_1_430' title='bbox 1408 553 1519 610; x_wconf 93' lang='lat' dir='ltr'>quod</span> <span class='ocrx_word' id='word_1_431' title='bbox 1535 554 1584 600; x_wconf 83' lang='lat' dir='ltr'>ad</span> <span class='ocrx_word' id='word_1_432' title='bbox 1603 555 1893 599; x_wconf 77' lang='lat' dir='ltr'>convenienter</span> <span class='ocrx_word' id='word_1_433' title='bbox 1908 556 2200 604; x_wconf 81' lang='lat' dir='ltr'>statuendum..</span> 
     </span>
     <span class='ocr_line' id='line_1_66' title="bbox 1224 612 2203 671; baseline 0.002 -13"><span class='ocrx_word' id='word_1_434' title='bbox 1224 614 1291 658; x_wconf 88' lang='lat' dir='ltr'>seu</span> <span class='ocrx_word' id='word_1_435' title='bbox 1320 613 1488 668; x_wconf 87' lang='lat' dir='ltr'>aliquod</span> <span class='ocrx_word' id='word_1_436' title='bbox 1514 612 1824 664; x_wconf 81' lang='lat' dir='ltr'>definiendum,</span> <span class='ocrx_word' id='word_1_437' title='bbox 1855 624 2025 669; x_wconf 83' lang='lat' dir='ltr'>utraque</span> <span class='ocrx_word' id='word_1_438' title='bbox 2051 617 2203 671; x_wconf 80' lang='lat' dir='ltr'>clavis,</span> 
     </span>
     <span class='ocr_line' id='line_1_67' title="bbox 1225 672 2204 728; baseline 0.002 -12"><span class='ocrx_word' id='word_1_439' title='bbox 1225 673 1678 728; x_wconf 86' lang='lat' dir='ltr'>scilicetcognoscendi</span> <span class='ocrx_word' id='word_1_440' title='bbox 1705 676 1746 718; x_wconf 75' lang='grc' dir='ltr'>δι</span> <span class='ocrx_word' id='word_1_441' title='bbox 1774 672 1999 719; x_wconf 87' lang='lat' dir='ltr'>definiendi</span> <span class='ocrx_word' id='word_1_442' title='bbox 2028 674 2204 718; x_wconf 80' lang='lat' dir='ltr'>necessa-</span> 
     </span>
     <span class='ocr_line' id='line_1_68' title="bbox 1223 733 2202 790; baseline 0.002 -14"><span class='ocrx_word' id='word_1_443' title='bbox 1223 733 1287 776; x_wconf 78' lang='lat' dir='ltr'>rio</span> <span class='ocrx_word' id='word_1_444' title='bbox 1304 733 1560 789; x_wconf 83' lang='lat' dir='ltr'>requiratur:</span> <span class='ocrx_word' id='word_1_445' title='bbox 1579 733 1644 776; x_wconf 86' lang='lat' dir='ltr'>vel</span> <span class='ocrx_word' id='word_1_446' title='bbox 1660 733 1772 790; x_wconf 76' lang='lat' dir='ltr'>quod</span> <span class='ocrx_word' id='word_1_447' title='bbox 1792 733 1866 776; x_wconf 88' lang='lat' dir='ltr'>soli</span> <span class='ocrx_word' id='word_1_448' title='bbox 1883 733 1990 775; x_wconf 85' lang='lat' dir='ltr'>clavi</span> <span class='ocrx_word' id='word_1_449' title='bbox 2008 735 2202 787; x_wconf 86' lang='lat' dir='ltr'>potentiae</span> 
     </span>
     <span class='ocr_line' id='line_1_69' title="bbox 1224 791 2202 848; baseline 0 -13"><span class='ocrx_word' id='word_1_450' title='bbox 1224 793 1395 838; x_wconf 83' lang='lat' dir='ltr'>statuere</span> <span class='ocrx_word' id='word_1_451' title='bbox 1407 802 1618 848; x_wconf 80' lang='lat' dir='ltr'>competat</span> <span class='ocrx_word' id='word_1_452' title='bbox 1636 822 1650 845; x_wconf 92' lang='lat'>,</span> <span class='ocrx_word' id='word_1_453' title='bbox 1678 794 1720 837; x_wconf 90' lang='lat'>&amp;</span> <span class='ocrx_word' id='word_1_454' title='bbox 1749 794 1870 836; x_wconf 85' lang='lat' dir='ltr'>etiam</span> <span class='ocrx_word' id='word_1_455' title='bbox 1884 791 2090 836; x_wconf 83' lang='lat' dir='ltr'>diffinire:</span> <span class='ocrx_word' id='word_1_456' title='bbox 2119 794 2202 835; x_wconf 86' lang='lat' dir='ltr'>Sed</span> 
     </span>
     <span class='ocr_line' id='line_1_70' title="bbox 1220 850 2201 909; baseline 0 -14"><span class='ocrx_word' id='word_1_457' title='bbox 1220 851 1476 895; x_wconf 86' lang='lat' dir='ltr'>ficutlumen</span> <span class='ocrx_word' id='word_1_458' title='bbox 1491 851 1704 894; x_wconf 88' lang='lat' dir='ltr'>materiale</span> <span class='ocrx_word' id='word_1_459' title='bbox 1738 852 1990 909; x_wconf 83' lang='lat' dir='ltr'>clavigerum</span> <span class='ocrx_word' id='word_1_460' title='bbox 2020 853 2061 896; x_wconf 91' lang='lat' dir='ltr'>in</span> <span class='ocrx_word' id='word_1_461' title='bbox 2088 850 2201 895; x_wconf 90' lang='lat' dir='ltr'>usum</span> 
     </span>
     <span class='ocr_line' id='line_1_71' title="bbox 1220 910 2203 969; baseline -0.002 -15"><span class='ocrx_word' id='word_1_462' title='bbox 1220 911 1345 956; x_wconf 83' lang='lat' dir='ltr'>clavis</span> <span class='ocrx_word' id='word_1_463' title='bbox 1360 911 1580 954; x_wconf 86' lang='lat' dir='ltr'>materialis</span> <span class='ocrx_word' id='word_1_464' title='bbox 1599 910 1767 966; x_wconf 82' lang='lat' dir='ltr'>dirigit,</span> <span class='ocrx_word' id='word_1_465' title='bbox 1803 914 1844 955; x_wconf 76' lang='grc' dir='ltr'>δι</span> <span class='ocrx_word' id='word_1_466' title='bbox 1872 913 1980 968; x_wconf 83' lang='lat' dir='ltr'>quasi</span> <span class='ocrx_word' id='word_1_467' title='bbox 2007 917 2203 969; x_wconf 86' lang='lat' dir='ltr'>quantum</span> 
     </span>
     <span class='ocr_line' id='line_1_72' title="bbox 1220 970 2205 1022; baseline -0.002 -8"><span class='ocrx_word' id='word_1_468' title='bbox 1220 971 1272 1014; x_wconf 85' lang='lat' dir='ltr'>ad</span> <span class='ocrx_word' id='word_1_469' title='bbox 1287 971 1365 1014; x_wconf 89' lang='lat' dir='ltr'>hoc</span> <span class='ocrx_word' id='word_1_470' title='bbox 1380 970 1600 1022; x_wconf 89' lang='lat' dir='ltr'>obtineat,</span> <span class='ocrx_word' id='word_1_471' title='bbox 1635 970 1806 1018; x_wconf 86' lang='lat' dir='ltr'>scientia</span> <span class='ocrx_word' id='word_1_472' title='bbox 1833 971 1964 1014; x_wconf 90' lang='lat' dir='ltr'>vicem</span> <span class='ocrx_word' id='word_1_473' title='bbox 1984 970 2085 1015; x_wconf 83' lang='lat' dir='ltr'>lucis</span> <span class='ocrx_word' id='word_1_474' title='bbox 2101 999 2113 1012; x_wconf 85' lang='lat'><strong>.</strong></span> <span class='ocrx_word' id='word_1_475' title='bbox 2147 971 2205 1013; x_wconf 87' lang='lat' dir='ltr'>Et</span> 
     </span>
     <span class='ocr_line' id='line_1_73' title="bbox 1220 1028 2203 1086; baseline -0.004 -12"><span class='ocrx_word' id='word_1_476' title='bbox 1220 1031 1299 1076; x_wconf 89' lang='lat' dir='ltr'>hoc</span> <span class='ocrx_word' id='word_1_477' title='bbox 1317 1029 1508 1074; x_wconf 81' lang='lat' dir='ltr'>Salvator</span> <span class='ocrx_word' id='word_1_478' title='bbox 1525 1030 1659 1073; x_wconf 82' lang='lat' dir='ltr'>noster</span> <span class='ocrx_word' id='word_1_479' title='bbox 1688 1030 1727 1072; x_wconf 91' lang='lat' dir='ltr'>in</span> <span class='ocrx_word' id='word_1_480' title='bbox 1743 1029 2003 1086; x_wconf 85' lang='lat' dir='ltr'>promiffione</span> <span class='ocrx_word' id='word_1_481' title='bbox 2026 1028 2203 1074; x_wconf 78' lang='lat' dir='ltr'>clavium</span> 
     </span>
     <span class='ocr_line' id='line_1_74' title="bbox 1219 1086 2200 1147; baseline -0.001 -15"><span class='ocrx_word' id='word_1_482' title='bbox 1219 1088 1320 1134; x_wconf 68' lang='lat' dir='ltr'>sacia</span> <span class='ocrx_word' id='word_1_483' title='bbox 1335 1092 1468 1133; x_wconf 87' lang='lat' dir='ltr'>Beato</span> <span class='ocrx_word' id='word_1_484' title='bbox 1484 1090 1613 1133; x_wconf 83' lang='lat' dir='ltr'>Petro</span> <span class='ocrx_word' id='word_1_485' title='bbox 1633 1088 1784 1134; x_wconf 74' lang='lat' dir='ltr'>sentisse</span> <span class='ocrx_word' id='word_1_486' title='bbox 1800 1090 1967 1134; x_wconf 81' lang='lat' dir='ltr'>videtur</span> <span class='ocrx_word' id='word_1_487' title='bbox 1979 1086 2169 1147; x_wconf 74' lang='lat' dir='ltr'>expresse</span> <span class='ocrx_word' id='word_1_488' title='bbox 2180 1117 2200 1140; x_wconf 85' lang='lat'>,</span> 
     </span>
     <span class='ocr_line' id='line_1_75' title="bbox 1219 1146 2203 1206; baseline -0.003 -13"><span class='ocrx_word' id='word_1_489' title='bbox 1219 1163 1314 1194; x_wconf 91' lang='lat' dir='ltr'>cum</span> <span class='ocrx_word' id='word_1_490' title='bbox 1327 1146 1545 1206; x_wconf 86' lang='lat' dir='ltr'>postillam</span> <span class='ocrx_word' id='word_1_491' title='bbox 1580 1148 1818 1194; x_wconf 74' lang='lat' dir='ltr'>immediate</span> <span class='ocrx_word' id='word_1_492' title='bbox 1849 1148 2129 1206; x_wconf 84' lang='lat' dir='ltr'>subjunxerit:</span> <span class='ocrx_word' id='word_1_493' title='bbox 2160 1148 2203 1190; x_wconf 77' lang='grc' dir='ltr'>δι</span> 
     </span>
     <span class='ocr_line' id='line_1_76' title="bbox 1213 1206 2202 1266; baseline -0.004 -14"><span class='ocrx_word' id='word_1_494' title='bbox 1213 1208 1489 1266; x_wconf 89' lang='lat' dir='ltr'>quodcunque</span> <span class='ocrx_word' id='word_1_495' title='bbox 1518 1208 1712 1265; x_wconf 78' lang='lat' dir='ltr'>ligaveris</span> <span class='ocrx_word' id='word_1_496' title='bbox 1745 1208 1863 1266; x_wconf 88' lang='lat' dir='ltr'>super</span> <span class='ocrx_word' id='word_1_497' title='bbox 1890 1219 2043 1253; x_wconf 90' lang='lat' dir='ltr'>terram</span> <span class='ocrx_word' id='word_1_498' title='bbox 2067 1235 2083 1258; x_wconf 86' lang='lat'>‚</span> <span class='ocrx_word' id='word_1_499' title='bbox 2119 1206 2202 1249; x_wconf 89' lang='lat' dir='ltr'>erit</span> 
     </span>
     <span class='ocr_line' id='line_1_77' title="bbox 1214 1266 2199 1326; baseline -0.001 -16"><span class='ocrx_word' id='word_1_500' title='bbox 1214 1269 1383 1325; x_wconf 84' lang='lat' dir='ltr'>ligatum</span> <span class='ocrx_word' id='word_1_501' title='bbox 1397 1269 1488 1311; x_wconf 90' lang='lat' dir='ltr'>&amp;in</span> <span class='ocrx_word' id='word_1_502' title='bbox 1506 1268 1640 1312; x_wconf 77' lang='lat' dir='ltr'>Caelis</span> <span class='ocrx_word' id='word_1_503' title='bbox 1659 1297 1673 1320; x_wconf 92' lang='lat'><strong>‚</strong></span> <span class='ocrx_word' id='word_1_504' title='bbox 1699 1270 1739 1310; x_wconf 73' lang='grc' dir='ltr'>δι</span> <span class='ocrx_word' id='word_1_505' title='bbox 1754 1268 2046 1326; x_wconf 90' lang='lat' dir='ltr'>quodcumque</span> <span class='ocrx_word' id='word_1_506' title='bbox 2064 1266 2199 1310; x_wconf 82' lang='lat' dir='ltr'>solve-</span> 
     </span>
     <span class='ocr_line' id='line_1_78' title="bbox 1215 1325 2199 1384; baseline -0.001 -14"><span class='ocrx_word' id='word_1_507' title='bbox 1215 1330 1267 1370; x_wconf 87' lang='lat' dir='ltr'>tis</span> <span class='ocrx_word' id='word_1_508' title='bbox 1284 1327 1402 1384; x_wconf 87' lang='lat' dir='ltr'>super</span> <span class='ocrx_word' id='word_1_509' title='bbox 1418 1339 1572 1372; x_wconf 86' lang='lat' dir='ltr'>terram</span> <span class='ocrx_word' id='word_1_510' title='bbox 1589 1357 1606 1380; x_wconf 90' lang='lat'>,</span> <span class='ocrx_word' id='word_1_511' title='bbox 1637 1329 1727 1383; x_wconf 85' lang='lat' dir='ltr'>egit</span> <span class='ocrx_word' id='word_1_512' title='bbox 1741 1326 1917 1372; x_wconf 88' lang='lat' dir='ltr'>solutum</span> <span class='ocrx_word' id='word_1_513' title='bbox 1933 1329 1973 1371; x_wconf 78' lang='grc' dir='ltr'>δι</span> <span class='ocrx_word' id='word_1_514' title='bbox 1986 1328 2027 1372; x_wconf 89' lang='lat' dir='ltr'>in</span> <span class='ocrx_word' id='word_1_515' title='bbox 2042 1325 2199 1380; x_wconf 79' lang='lat' dir='ltr'>ecelis,</span> 
     </span>
     <span class='ocr_line' id='line_1_79' title="bbox 1216 1386 1989 1432; baseline -0.004 -2"><span class='ocrx_word' id='word_1_516' title='bbox 1216 1386 1331 1430; x_wconf 86' lang='lat' dir='ltr'>nulla</span> <span class='ocrx_word' id='word_1_517' title='bbox 1345 1386 1397 1430; x_wconf 92' lang='lat' dir='ltr'>de</span> <span class='ocrx_word' id='word_1_518' title='bbox 1412 1387 1577 1432; x_wconf 80' lang='lat' dir='ltr'>scientia</span> <span class='ocrx_word' id='word_1_519' title='bbox 1595 1387 1735 1431; x_wconf 85' lang='lat' dir='ltr'>habita</span> <span class='ocrx_word' id='word_1_520' title='bbox 1750 1388 1962 1432; x_wconf 88' lang='lat' dir='ltr'>mentione</span> <span class='ocrx_word' id='word_1_521' title='bbox 1978 1416 1989 1427; x_wconf 88' lang='lat'>.</span> 
     </span>
    </p>

    <p class='ocr_par' dir='ltr' id='par_1_10' title="bbox 1191 1444 2200 3806">
     <span class='ocr_line' id='line_1_80' title="bbox 1337 1444 2199 1507; baseline -0.002 -18"><span class='ocrx_word' id='word_1_522' title='bbox 1337 1446 1464 1507; x_wconf 86' lang='lat' dir='ltr'>Qod</span> <span class='ocrx_word' id='word_1_523' title='bbox 1490 1458 1626 1491; x_wconf 89' lang='lat' dir='ltr'>autem</span> <span class='ocrx_word' id='word_1_524' title='bbox 1641 1445 1923 1502; x_wconf 83' lang='lat' dir='ltr'>subsequenter</span> <span class='ocrx_word' id='word_1_525' title='bbox 1949 1444 2199 1503; x_wconf 89' lang='lat' dir='ltr'>proponitur</span> 
     </span>
     <span class='ocr_line' id='line_1_81' title="bbox 1213 1504 2200 1563; baseline -0.002 -14"><span class='ocrx_word' id='word_1_526' title='bbox 1213 1507 1255 1550; x_wconf 91' lang='lat' dir='ltr'>in</span> <span class='ocrx_word' id='word_1_527' title='bbox 1268 1504 1431 1550; x_wconf 88' lang='lat' dir='ltr'>ratione</span> <span class='ocrx_word' id='word_1_528' title='bbox 1448 1506 1637 1563; x_wconf 67' lang='lat' dir='ltr'>praedifla</span> <span class='ocrx_word' id='word_1_529' title='bbox 1654 1535 1668 1558; x_wconf 89' lang='lat'>,</span> <span class='ocrx_word' id='word_1_530' title='bbox 1685 1504 1897 1557; x_wconf 80' lang='lat' dir='ltr'>videlicet,</span> <span class='ocrx_word' id='word_1_531' title='bbox 1909 1504 2020 1563; x_wconf 76' lang='lat' dir='ltr'>quod</span> <span class='ocrx_word' id='word_1_532' title='bbox 2040 1505 2078 1547; x_wconf 91' lang='lat' dir='ltr'>in</span> <span class='ocrx_word' id='word_1_533' title='bbox 2095 1517 2200 1548; x_wconf 89' lang='lat' dir='ltr'>con·-</span> 
     </span>
     <span class='ocr_line' id='line_1_82' title="bbox 1213 1562 2198 1622; baseline -0.004 -13"><span class='ocrx_word' id='word_1_534' title='bbox 1213 1565 1481 1617; x_wconf 87' lang='lat' dir='ltr'>firmatione,</span> <span class='ocrx_word' id='word_1_535' title='bbox 1507 1567 1547 1609; x_wconf 73' lang='grc' dir='ltr'>ἃ.</span> <span class='ocrx_word' id='word_1_536' title='bbox 1574 1565 1856 1609; x_wconf 72' lang='lat' dir='ltr'>declaratione</span> <span class='ocrx_word' id='word_1_537' title='bbox 1893 1562 2059 1622; x_wconf 83' lang='lat' dir='ltr'>Regulae</span> <span class='ocrx_word' id='word_1_538' title='bbox 2094 1565 2198 1606; x_wconf 83' lang='lat' dir='ltr'>Fra-</span> 
     </span>
     <span class='ocr_line' id='line_1_83' title="bbox 1212 1620 2195 1678; baseline -0.005 -10"><span class='ocrx_word' id='word_1_539' title='bbox 1212 1636 1320 1670; x_wconf 90' lang='lat' dir='ltr'>trum</span> <span class='ocrx_word' id='word_1_540' title='bbox 1335 1626 1541 1670; x_wconf 87' lang='lat' dir='ltr'>Minorum</span> <span class='ocrx_word' id='word_1_541' title='bbox 1557 1655 1571 1678; x_wconf 82' lang='lat'>,</span> <span class='ocrx_word' id='word_1_542' title='bbox 1595 1624 1893 1670; x_wconf 87' lang='lat' dir='ltr'>nonnullorum</span> <span class='ocrx_word' id='word_1_543' title='bbox 1929 1620 2195 1671; x_wconf 78' lang='lat' dir='ltr'>Praedecess&#39;o-</span> 
     </span>
     <span class='ocr_line' id='line_1_84' title="bbox 1210 1682 2190 1736; baseline -0.006 -6"><span class='ocrx_word' id='word_1_544' title='bbox 1210 1701 1301 1730; x_wconf 89' lang='lat' dir='ltr'>rum</span> <span class='ocrx_word' id='word_1_545' title='bbox 1327 1686 1561 1729; x_wconf 79' lang='lat' dir='ltr'>nostrorum</span> <span class='ocrx_word' id='word_1_546' title='bbox 1588 1711 1604 1735; x_wconf 86' lang='lat'>‚</span> <span class='ocrx_word' id='word_1_547' title='bbox 1639 1684 1837 1730; x_wconf 80' lang='lat' dir='ltr'>videlicet</span> <span class='ocrx_word' id='word_1_548' title='bbox 1868 1682 2053 1730; x_wconf 80' lang='lat' dir='ltr'>Honorii</span> <span class='ocrx_word' id='word_1_549' title='bbox 2077 1685 2190 1736; x_wconf 87' lang='lat'>111.,</span> 
     </span>
     <span class='ocr_line' id='line_1_85' title="bbox 1209 1741 2188 1802; baseline -0.005 -13"><span class='ocrx_word' id='word_1_550' title='bbox 1209 1747 1611 1802; x_wconf 82' lang='lat' dir='ltr'>Greg-lX.,1nn0c.</span> <span class='ocrx_word' id='word_1_551' title='bbox 1628 1746 1722 1795; x_wconf 90' lang='lat' dir='ltr'>1v.‚</span> <span class='ocrx_word' id='word_1_552' title='bbox 1736 1741 2188 1797; x_wconf 77' lang='lat' dir='ltr'>Alex.1v.‚Nicol.111.</span> 
     </span>
     <span class='ocr_line' id='line_1_86' title="bbox 1209 1801 2190 1862; baseline -0.005 -14"><span class='ocrx_word' id='word_1_553' title='bbox 1209 1806 1334 1849; x_wconf 83' lang='lat' dir='ltr'>verba</span> <span class='ocrx_word' id='word_1_554' title='bbox 1347 1804 1577 1862; x_wconf 84' lang='lat' dir='ltr'>hujusmodi</span> <span class='ocrx_word' id='word_1_555' title='bbox 1593 1805 1858 1850; x_wconf 88' lang='lat' dir='ltr'>continentur</span> <span class='ocrx_word' id='word_1_556' title='bbox 1890 1818 1903 1849; x_wconf 70' lang='grc' dir='ltr'>ς</span> <span class='ocrx_word' id='word_1_557' title='bbox 1925 1804 2006 1848; x_wconf 74' lang='lat' dir='ltr'>bec</span> <span class='ocrx_word' id='word_1_558' title='bbox 2032 1801 2086 1856; x_wconf 78' lang='lat' dir='ltr'>est</span> <span class='ocrx_word' id='word_1_559' title='bbox 2107 1804 2190 1845; x_wconf 65' lang='lat' dir='ltr'>Ite-¹</span> 
     </span>
     <span class='ocr_line' id='line_1_87' title="bbox 1198 1864 2188 1922; baseline -0.009 -13"><span class='ocrx_word' id='word_1_560' title='bbox 1198 1867 1300 1922; x_wconf 84' lang='lat' dir='ltr'>gula</span> <span class='ocrx_word' id='word_1_561' title='bbox 1317 1867 1551 1922; x_wconf 71' lang='lat' dir='ltr'>Evangelia</span> <span class='ocrx_word' id='word_1_562' title='bbox 1566 1864 1648 1911; x_wconf 60' lang='grc' dir='ltr'>δι’.</span> <span class='ocrx_word' id='word_1_563' title='bbox 1678 1879 1725 1907; x_wconf 85' lang='lat' dir='ltr'>ac</span> <span class='ocrx_word' id='word_1_564' title='bbox 1752 1879 1801 1907; x_wconf 83' lang='lat' dir='ltr'>cx</span> <span class='ocrx_word' id='word_1_565' title='bbox 1818 1866 1894 1906; x_wconf 83' lang='lat' dir='ltr'>hoc</span> <span class='ocrx_word' id='word_1_566' title='bbox 1909 1864 2023 1908; x_wconf 91' lang='lat' dir='ltr'>usum</span> <span class='ocrx_word' id='word_1_567' title='bbox 2046 1872 2188 1904; x_wconf 88' lang='lat' dir='ltr'>rerum</span> 
     </span>
     <span class='ocr_line' id='line_1_88' title="bbox 1207 1918 2190 1977; baseline -0.002 -9"><span class='ocrx_word' id='word_1_568' title='bbox 1207 1926 1249 1968; x_wconf 84' lang='lat' dir='ltr'>in</span> <span class='ocrx_word' id='word_1_569' title='bbox 1278 1924 1394 1968; x_wconf 88' lang='lat' dir='ltr'>nudo</span> <span class='ocrx_word' id='word_1_570' title='bbox 1417 1925 1487 1968; x_wconf 91' lang='lat' dir='ltr'>usu</span> <span class='ocrx_word' id='word_1_571' title='bbox 1505 1918 1596 1967; x_wconf 65' lang='lat' dir='ltr'>facti</span> <span class='ocrx_word' id='word_1_572' title='bbox 1625 1924 1751 1966; x_wconf 87' lang='lat' dir='ltr'>ctiam</span> <span class='ocrx_word' id='word_1_573' title='bbox 1781 1922 2000 1966; x_wconf 79' lang='lat' dir='ltr'>constitiffe</span> <span class='ocrx_word' id='word_1_574' title='bbox 2022 1927 2190 1977; x_wconf 64' lang='lat' dir='ltr'>pateat,</span> 
     </span>
     <span class='ocr_line' id='line_1_89' title="bbox 1208 1976 2191 2042; baseline -0.008 -15"><span class='ocrx_word' id='word_1_575' title='bbox 1208 1982 1370 2042; x_wconf 81' lang='lat' dir='ltr'>prorsus</span> <span class='ocrx_word' id='word_1_576' title='bbox 1390 1983 1538 2026; x_wconf 82' lang='lat' dir='ltr'>obviat</span> <span class='ocrx_word' id='word_1_577' title='bbox 1556 1982 1724 2026; x_wconf 86' lang='lat' dir='ltr'>veritati</span> <span class='ocrx_word' id='word_1_578' title='bbox 1745 2011 1756 2023; x_wconf 89' lang='lat'><strong>.</strong></span> <span class='ocrx_word' id='word_1_579' title='bbox 1791 1982 2000 2025; x_wconf 79' lang='lat' dir='ltr'>Honorius</span> <span class='ocrx_word' id='word_1_580' title='bbox 2024 1976 2191 2036; x_wconf 87' lang='lat' dir='ltr'>quidem</span> 
     </span>
     <span class='ocr_line' id='line_1_90' title="bbox 1207 2036 2189 2099; baseline -0.005 -12"><span class='ocrx_word' id='word_1_581' title='bbox 1207 2041 1415 2099; x_wconf 79' lang='lat' dir='ltr'>praefatarn</span> <span class='ocrx_word' id='word_1_582' title='bbox 1446 2042 1653 2099; x_wconf 85' lang='lat' dir='ltr'>Regulam</span> <span class='ocrx_word' id='word_1_583' title='bbox 1687 2039 1836 2098; x_wconf 87' lang='lat' dir='ltr'>absque</span> <span class='ocrx_word' id='word_1_584' title='bbox 1868 2036 2189 2085; x_wconf 62' lang='lat' dir='ltr'>declaratione-a</span> 
     </span>
     <span class='ocr_line' id='line_1_91' title="bbox 1210 2097 2190 2157; baseline -0.003 -17"><span class='ocrx_word' id='word_1_585' title='bbox 1210 2100 1344 2152; x_wconf 85' lang='lat' dir='ltr'>aliqua</span> <span class='ocrx_word' id='word_1_586' title='bbox 1360 2100 1622 2142; x_wconf 76' lang='lat' dir='ltr'>confirmavit</span> <span class='ocrx_word' id='word_1_587' title='bbox 1640 2127 1656 2149; x_wconf 86' lang='lat'>‚</span> <span class='ocrx_word' id='word_1_588' title='bbox 1686 2103 1726 2143; x_wconf 90' lang='lat' dir='ltr'>in</span> <span class='ocrx_word' id='word_1_589' title='bbox 1744 2100 1861 2157; x_wconf 81' lang='lat' dir='ltr'>cujus</span> <span class='ocrx_word' id='word_1_590' title='bbox 1878 2097 2190 2144; x_wconf 84' lang='lat' dir='ltr'>confirmatione</span> 
     </span>
     <span class='ocr_line' id='line_1_92' title="bbox 1209 2154 2192 2213; baseline 0 -15"><span class='ocrx_word' id='word_1_591' title='bbox 1209 2155 1261 2198; x_wconf 94' lang='lat' dir='ltr'>de</span> <span class='ocrx_word' id='word_1_592' title='bbox 1281 2154 1418 2198; x_wconf 87' lang='lat' dir='ltr'>verbis</span> <span class='ocrx_word' id='word_1_593' title='bbox 1433 2155 1633 2210; x_wconf 72' lang='lat' dir='ltr'>praediffls</span> <span class='ocrx_word' id='word_1_594' title='bbox 1650 2158 1804 2199; x_wconf 90' lang='lat' dir='ltr'>mentio</span> <span class='ocrx_word' id='word_1_595' title='bbox 1819 2157 1951 2213; x_wconf 79' lang='lat' dir='ltr'>aliqua</span> <span class='ocrx_word' id='word_1_596' title='bbox 1966 2171 2045 2200; x_wconf 90' lang='lat' dir='ltr'>non</span> <span class='ocrx_word' id='word_1_597' title='bbox 2063 2156 2192 2198; x_wconf 84' lang='lat' dir='ltr'>habe-</span> 
     </span>
     <span class='ocr_line' id='line_1_93' title="bbox 1208 2212 2191 2267; baseline 0.001 -12"><span class='ocrx_word' id='word_1_598' title='bbox 1208 2223 1277 2255; x_wconf 90' lang='lat' dir='ltr'>tur</span> <span class='ocrx_word' id='word_1_599' title='bbox 1292 2242 1305 2263; x_wconf 86' lang='lat'>‚</span> <span class='ocrx_word' id='word_1_600' title='bbox 1329 2223 1374 2255; x_wconf 91' lang='lat' dir='ltr'>ut</span> <span class='ocrx_word' id='word_1_601' title='bbox 1399 2213 1555 2267; x_wconf 87' lang='lat' dir='ltr'>liquere</span> <span class='ocrx_word' id='word_1_602' title='bbox 1570 2213 1698 2267; x_wconf 80' lang='lat' dir='ltr'>potest</span> <span class='ocrx_word' id='word_1_603' title='bbox 1715 2212 1886 2258; x_wconf 87' lang='lat' dir='ltr'>cuilibet</span> <span class='ocrx_word' id='word_1_604' title='bbox 1900 2212 2191 2258; x_wconf 64' lang='lat' dir='ltr'>confirmatio-t</span> 
     </span>
     <span class='ocr_line' id='line_1_94' title="bbox 1206 2268 2189 2326; baseline 0.003 -16"><span class='ocrx_word' id='word_1_605' title='bbox 1206 2282 1300 2310; x_wconf 87' lang='lat' dir='ltr'>nem</span> <span class='ocrx_word' id='word_1_606' title='bbox 1320 2268 1550 2321; x_wconf 85' lang='lat' dir='ltr'>hujusmodi</span> <span class='ocrx_word' id='word_1_607' title='bbox 1579 2270 1780 2320; x_wconf 87' lang='lat' dir='ltr'>intuenti,</span> <span class='ocrx_word' id='word_1_608' title='bbox 1805 2272 1878 2313; x_wconf 80' lang='lat' dir='ltr'>nifi</span> <span class='ocrx_word' id='word_1_609' title='bbox 1908 2281 2110 2326; x_wconf 76' lang='lat' dir='ltr'>quatenus</span> <span class='ocrx_word' id='word_1_610' title='bbox 2134 2269 2189 2314; x_wconf 86' lang='lat' dir='ltr'>de</span> 
     </span>
     <span class='ocr_line' id='line_1_95' title="bbox 1210 2322 2188 2384; baseline 0.002 -15"><span class='ocrx_word' id='word_1_611' title='bbox 1210 2324 1295 2370; x_wconf 68' lang='lat' dir='ltr'>vita</span> <span class='ocrx_word' id='word_1_612' title='bbox 1312 2322 1566 2382; x_wconf 65' lang='lat' dir='ltr'>Evangelici</span> <span class='ocrx_word' id='word_1_613' title='bbox 1584 2325 1757 2368; x_wconf 88' lang='lat' dir='ltr'>habetur</span> <span class='ocrx_word' id='word_1_614' title='bbox 1774 2327 1928 2369; x_wconf 89' lang='lat' dir='ltr'>mentio</span> <span class='ocrx_word' id='word_1_615' title='bbox 1951 2329 1991 2370; x_wconf 89' lang='lat' dir='ltr'>in</span> <span class='ocrx_word' id='word_1_616' title='bbox 2006 2330 2085 2384; x_wconf 89' lang='lat' dir='ltr'>ipsa</span> <span class='ocrx_word' id='word_1_617' title='bbox 2102 2330 2188 2371; x_wconf 85' lang='lat' dir='ltr'>Rc·</span> 
     </span>
     <span class='ocr_line' id='line_1_96' title="bbox 1208 2382 2183 2444; baseline -0.001 -16"><span class='ocrx_word' id='word_1_618' title='bbox 1208 2385 1302 2444; x_wconf 75' lang='lat' dir='ltr'>gula</span> <span class='ocrx_word' id='word_1_619' title='bbox 1314 2382 1555 2428; x_wconf 83' lang='lat' dir='ltr'>confirmata</span> <span class='ocrx_word' id='word_1_620' title='bbox 1589 2384 1646 2427; x_wconf 89' lang='lat' dir='ltr'>ibi</span> <span class='ocrx_word' id='word_1_621' title='bbox 1675 2383 1766 2428; x_wconf 75' lang='lat' dir='ltr'>crim</span> <span class='ocrx_word' id='word_1_622' title='bbox 1781 2384 1911 2428; x_wconf 87' lang='lat' dir='ltr'>dicit:</span> <span class='ocrx_word' id='word_1_623' title='bbox 1935 2385 2017 2429; x_wconf 66' lang='lat' dir='ltr'>hcc</span> <span class='ocrx_word' id='word_1_624' title='bbox 2031 2385 2085 2443; x_wconf 84' lang='lat' dir='ltr'>est</span> <span class='ocrx_word' id='word_1_625' title='bbox 2102 2388 2183 2430; x_wconf 79' lang='lat' dir='ltr'>Re-</span> 
     </span>
     <span class='ocr_line' id='line_1_97' title="bbox 1199 2444 2187 2503; baseline -0.001 -14"><span class='ocrx_word' id='word_1_626' title='bbox 1199 2447 1300 2503; x_wconf 79' lang='lat' dir='ltr'>gula</span> <span class='ocrx_word' id='word_1_627' title='bbox 1317 2448 1516 2488; x_wconf 80' lang='lat' dir='ltr'>Fratrum</span> <span class='ocrx_word' id='word_1_628' title='bbox 1533 2444 1761 2495; x_wconf 69' lang='lat' dir='ltr'>Mhzorum,</span> <span class='ocrx_word' id='word_1_629' title='bbox 1788 2445 1993 2496; x_wconf 69' lang='lat' dir='ltr'>videlicet,</span> <span class='ocrx_word' id='word_1_630' title='bbox 2021 2445 2187 2488; x_wconf 69' lang='lat' dir='ltr'>Domine·</span> 
     </span>
     <span class='ocr_line' id='line_1_98' title="bbox 1207 2503 2186 2563; baseline -0.005 -13"><span class='ocrx_word' id='word_1_631' title='bbox 1207 2506 1329 2563; x_wconf 77' lang='lat' dir='ltr'>nostri</span> <span class='ocrx_word' id='word_1_632' title='bbox 1343 2505 1444 2562; x_wconf 79' lang='lat' dir='ltr'>‘Jesu</span> <span class='ocrx_word' id='word_1_633' title='bbox 1461 2503 1610 2557; x_wconf 69' lang='lat' dir='ltr'>christi</span> <span class='ocrx_word' id='word_1_634' title='bbox 1624 2503 1812 2545; x_wconf 67' lang='lat' dir='ltr'>sanetum</span> <span class='ocrx_word' id='word_1_635' title='bbox 1828 2505 2086 2558; x_wconf 75' lang='lat' dir='ltr'>Evangelium</span> <span class='ocrx_word' id='word_1_636' title='bbox 2114 2503 2186 2546; x_wconf 86' lang='lat' dir='ltr'>ob-</span> 
     </span>
     <span class='ocr_line' id='line_1_99' title="bbox 1191 2562 2183 2626; baseline -0.005 -17"><span class='ocrx_word' id='word_1_637' title='bbox 1191 2567 1385 2626; x_wconf 72' lang='lat' dir='ltr'>servare,</span> <span class='ocrx_word' id='word_1_638' title='bbox 1403 2562 1568 2606; x_wconf 66' lang='lat' dir='ltr'>vivendo</span> <span class='ocrx_word' id='word_1_639' title='bbox 1583 2565 1626 2604; x_wconf 80' lang='lat' dir='ltr'>in</span> <span class='ocrx_word' id='word_1_640' title='bbox 1640 2562 1860 2605; x_wconf 72' lang='lat' dir='ltr'>obediencia</span> <span class='ocrx_word' id='word_1_641' title='bbox 1883 2562 2183 2618; x_wconf 51' lang='lat' dir='ltr'>,stnepropriffi</span> 
     </span>
     <span class='ocr_line' id='line_1_100' title="bbox 1207 2622 2184 2684; baseline -0.003 -16"><span class='ocrx_word' id='word_1_642' title='bbox 1207 2627 1310 2676; x_wconf 71' lang='lat' dir='ltr'>&amp;in</span> <span class='ocrx_word' id='word_1_643' title='bbox 1323 2625 1504 2684; x_wconf 79' lang='lat' dir='ltr'>castitate</span> <span class='ocrx_word' id='word_1_644' title='bbox 1528 2657 1537 2666; x_wconf 91' lang='lat'><em>.</em></span> <span class='ocrx_word' id='word_1_645' title='bbox 1573 2624 1636 2665; x_wconf 82' lang='lat' dir='ltr'>Ex</span> <span class='ocrx_word' id='word_1_646' title='bbox 1651 2622 1797 2680; x_wconf 83' lang='lat' dir='ltr'>quibus</span> <span class='ocrx_word' id='word_1_647' title='bbox 1824 2622 1961 2665; x_wconf 88' lang='lat' dir='ltr'>verbis</span> <span class='ocrx_word' id='word_1_648' title='bbox 1987 2622 2184 2665; x_wconf 89' lang='lat' dir='ltr'>concludi</span> 
     </span>
     <span class='ocr_line' id='line_1_101' title="bbox 1206 2677 2184 2742; baseline -0.008 -12"><span class='ocrx_word' id='word_1_649' title='bbox 1206 2701 1288 2730; x_wconf 90' lang='lat' dir='ltr'>non</span> <span class='ocrx_word' id='word_1_650' title='bbox 1317 2686 1443 2742; x_wconf 83' lang='lat' dir='ltr'>potest</span> <span class='ocrx_word' id='word_1_651' title='bbox 1475 2714 1489 2737; x_wconf 87' lang='lat'>‚</span> <span class='ocrx_word' id='word_1_652' title='bbox 1522 2682 1636 2740; x_wconf 88' lang='lat' dir='ltr'>quod</span> <span class='ocrx_word' id='word_1_653' title='bbox 1662 2697 1733 2739; x_wconf 89' lang='lat' dir='ltr'>per</span> <span class='ocrx_word' id='word_1_654' title='bbox 1762 2681 1890 2739; x_wconf 92' lang='lat' dir='ltr'>ipsum</span> <span class='ocrx_word' id='word_1_655' title='bbox 1916 2677 2184 2725; x_wconf 73' lang='lat' dir='ltr'>Praedecess‘o-</span> 
     </span>
     <span class='ocr_line' id='line_1_102' title="bbox 1203 2741 2181 2800; baseline -0.008 -10"><span class='ocrx_word' id='word_1_656' title='bbox 1203 2760 1291 2791; x_wconf 87' lang='lat' dir='ltr'>rem</span> <span class='ocrx_word' id='word_1_657' title='bbox 1309 2745 1496 2788; x_wconf 83' lang='lat' dir='ltr'>nostrum</span> <span class='ocrx_word' id='word_1_658' title='bbox 1523 2757 1571 2785; x_wconf 84' lang='lat' dir='ltr'>ea</span> <span class='ocrx_word' id='word_1_659' title='bbox 1588 2771 1601 2794; x_wconf 86' lang='lat'>,</span> <span class='ocrx_word' id='word_1_660' title='bbox 1628 2756 1715 2800; x_wconf 86' lang='lat' dir='ltr'>quae</span> <span class='ocrx_word' id='word_1_661' title='bbox 1740 2743 1809 2799; x_wconf 75' lang='lat' dir='ltr'>ipsi</span> <span class='ocrx_word' id='word_1_662' title='bbox 1840 2744 1880 2785; x_wconf 93' lang='lat' dir='ltr'>in</span> <span class='ocrx_word' id='word_1_663' title='bbox 1906 2741 2041 2784; x_wconf 77' lang='lat' dir='ltr'>verbis</span> <span class='ocrx_word' id='word_1_664' title='bbox 2078 2754 2181 2797; x_wconf 79' lang='lat' dir='ltr'>prae·</span> 
     </span>
     <span class='ocr_line' id='line_1_103' title="bbox 1203 2800 2178 2856; baseline -0.007 -5"><span class='ocrx_word' id='word_1_665' title='bbox 1203 2806 1318 2851; x_wconf 67' lang='lat' dir='ltr'>dietis</span> <span class='ocrx_word' id='word_1_666' title='bbox 1331 2803 1534 2856; x_wconf 83' lang='lat' dir='ltr'>afferunt,</span> <span class='ocrx_word' id='word_1_667' title='bbox 1549 2801 1699 2846; x_wconf 87' lang='lat' dir='ltr'>suerint</span> <span class='ocrx_word' id='word_1_668' title='bbox 1714 2801 1913 2855; x_wconf 77' lang='lat' dir='ltr'>diffinita,</span> <span class='ocrx_word' id='word_1_669' title='bbox 1937 2801 2020 2844; x_wconf 76' lang='lat' dir='ltr'>imo</span> <span class='ocrx_word' id='word_1_670' title='bbox 2047 2800 2178 2856; x_wconf 86' lang='lat' dir='ltr'>potest</span> 
     </span>
     <span class='ocr_line' id='line_1_104' title="bbox 1204 2861 2178 2922; baseline -0.009 -12"><span class='ocrx_word' id='word_1_671' title='bbox 1204 2864 1398 2910; x_wconf 88' lang='lat' dir='ltr'>concludi</span> <span class='ocrx_word' id='word_1_672' title='bbox 1413 2861 1681 2922; x_wconf 72' lang='lat' dir='ltr'>potius‚quod</span> <span class='ocrx_word' id='word_1_673' title='bbox 1694 2861 2178 2918; x_wconf 81' lang='lat' dir='ltr'>ritaEvangelica,quam</span> 
     </span>
     <span class='ocr_line' id='line_1_105' title="bbox 1202 2920 2166 2979; baseline -0.008 -9"><span class='ocrx_word' id='word_1_674' title='bbox 1202 2925 1386 2971; x_wconf 83' lang='lat' dir='ltr'>Christus</span> <span class='ocrx_word' id='word_1_675' title='bbox 1431 2926 1471 2968; x_wconf 72' lang='grc' dir='ltr'>δι</span> <span class='ocrx_word' id='word_1_676' title='bbox 1510 2920 1699 2979; x_wconf 78' lang='lat' dir='ltr'>Apostoli</span> <span class='ocrx_word' id='word_1_677' title='bbox 1723 2929 1948 2966; x_wconf 89' lang='lat' dir='ltr'>tenuerunt</span> <span class='ocrx_word' id='word_1_678' title='bbox 1972 2949 1986 2972; x_wconf 89' lang='lat'>‚</span> <span class='ocrx_word' id='word_1_679' title='bbox 2014 2922 2166 2964; x_wconf 82' lang='lat' dir='ltr'>habere</span> 
     </span>
     <span class='ocr_line' id='line_1_106' title="bbox 1202 2978 2174 3039; baseline -0.011 -9"><span class='ocrx_word' id='word_1_680' title='bbox 1202 2986 1243 3030; x_wconf 93' lang='lat' dir='ltr'>in</span> <span class='ocrx_word' id='word_1_681' title='bbox 1257 2985 1468 3029; x_wconf 90' lang='lat' dir='ltr'>communi</span> <span class='ocrx_word' id='word_1_682' title='bbox 1483 2981 1617 3039; x_wconf 86' lang='lat' dir='ltr'>aliqua</span> <span class='ocrx_word' id='word_1_683' title='bbox 1645 2993 1728 3023; x_wconf 91' lang='lat' dir='ltr'>non</span> <span class='ocrx_word' id='word_1_684' title='bbox 1753 2979 1977 3022; x_wconf 88' lang='lat' dir='ltr'>excludat:</span> <span class='ocrx_word' id='word_1_685' title='bbox 2002 2994 2097 3024; x_wconf 91' lang='lat' dir='ltr'>cum</span> <span class='ocrx_word' id='word_1_686' title='bbox 2123 2978 2174 3019; x_wconf 84' lang='lat' dir='ltr'>fi-</span> 
     </span>
     <span class='ocr_line' id='line_1_107' title="bbox 1203 3035 2176 3102; baseline -0.015 -12"><span class='ocrx_word' id='word_1_687' title='bbox 1203 3060 1256 3090; x_wconf 91' lang='lat' dir='ltr'>ne</span> <span class='ocrx_word' id='word_1_688' title='bbox 1271 3043 1440 3102; x_wconf 88' lang='lat' dir='ltr'>proprio</span> <span class='ocrx_word' id='word_1_689' title='bbox 1456 3041 1597 3086; x_wconf 78' lang='lat' dir='ltr'>vivere</span> <span class='ocrx_word' id='word_1_690' title='bbox 1614 3053 1702 3084; x_wconf 89' lang='lat' dir='ltr'>non</span> <span class='ocrx_word' id='word_1_691' title='bbox 1714 3039 1852 3096; x_wconf 81' lang='lat' dir='ltr'>exigat</span> <span class='ocrx_word' id='word_1_692' title='bbox 1872 3067 1888 3089; x_wconf 90' lang='lat'>,</span> <span class='ocrx_word' id='word_1_693' title='bbox 1919 3039 2030 3094; x_wconf 73' lang='lat' dir='ltr'>quod</span> <span class='ocrx_word' id='word_1_694' title='bbox 2049 3039 2100 3081; x_wconf 87' lang='lat' dir='ltr'>fic</span> <span class='ocrx_word' id='word_1_695' title='bbox 2117 3035 2176 3076; x_wconf 84' lang='lat' dir='ltr'>vi-</span> 
     </span>
     <span class='ocr_line' id='line_1_108' title="bbox 1204 3094 2173 3148; baseline -0.012 -1"><span class='ocrx_word' id='word_1_696' title='bbox 1204 3115 1347 3148; x_wconf 85' lang='lat' dir='ltr'>ventes</span> <span class='ocrx_word' id='word_1_697' title='bbox 1374 3102 1477 3145; x_wconf 85' lang='lat' dir='ltr'>nihil</span> <span class='ocrx_word' id='word_1_698' title='bbox 1493 3100 1671 3144; x_wconf 87' lang='lat' dir='ltr'>habeant</span> <span class='ocrx_word' id='word_1_699' title='bbox 1694 3100 1738 3143; x_wconf 91' lang='lat' dir='ltr'>in</span> <span class='ocrx_word' id='word_1_700' title='bbox 1758 3097 1992 3142; x_wconf 85' lang='lat' dir='ltr'>communi.</span> <span class='ocrx_word' id='word_1_701' title='bbox 2025 3100 2074 3141; x_wconf 82' lang='lat' dir='ltr'>ln</span> <span class='ocrx_word' id='word_1_702' title='bbox 2100 3094 2173 3137; x_wconf 87' lang='lat' dir='ltr'>de-</span> 
     </span>
     <span class='ocr_line' id='line_1_109' title="bbox 1204 3156 2170 3218; baseline -0.012 -11"><span class='ocrx_word' id='word_1_703' title='bbox 1204 3162 1498 3208; x_wconf 82' lang='lat' dir='ltr'>clarationibus</span> <span class='ocrx_word' id='word_1_704' title='bbox 1525 3173 1685 3218; x_wconf 85' lang='lat' dir='ltr'>quoque</span> <span class='ocrx_word' id='word_1_705' title='bbox 1712 3156 1937 3215; x_wconf 86' lang='lat' dir='ltr'>Gregorii,</span> <span class='ocrx_word' id='word_1_706' title='bbox 1963 3157 2170 3200; x_wconf 82' lang='lat' dir='ltr'>Innocen-</span> 
     </span>
     <span class='ocr_line' id='line_1_110' title="bbox 1203 3216 2169 3274; baseline -0.013 -7"><span class='ocrx_word' id='word_1_707' title='bbox 1203 3224 1283 3272; x_wconf 80' lang='lat' dir='ltr'>tii,</span> <span class='ocrx_word' id='word_1_708' title='bbox 1310 3218 1606 3264; x_wconf 76' lang='lat' dir='ltr'>&amp;Alexandri</span> <span class='ocrx_word' id='word_1_709' title='bbox 1626 3218 1909 3274; x_wconf 68' lang='lat' dir='ltr'>praedictorum</span> <span class='ocrx_word' id='word_1_710' title='bbox 1932 3242 1949 3266; x_wconf 83' lang='lat'>‚</span> <span class='ocrx_word' id='word_1_711' title='bbox 1974 3216 2044 3272; x_wconf 88' lang='lat' dir='ltr'>qui</span> <span class='ocrx_word' id='word_1_712' title='bbox 2070 3226 2169 3256; x_wconf 90' lang='lat' dir='ltr'>ean-</span> 
     </span>
     <span class='ocr_line' id='line_1_111' title="bbox 1205 3271 2169 3337; baseline -0.011 -12"><span class='ocrx_word' id='word_1_713' title='bbox 1205 3282 1299 3325; x_wconf 86' lang='lat' dir='ltr'>dem</span> <span class='ocrx_word' id='word_1_714' title='bbox 1327 3279 1533 3337; x_wconf 80' lang='lat' dir='ltr'>Regulam</span> <span class='ocrx_word' id='word_1_715' title='bbox 1567 3275 1714 3335; x_wconf 88' lang='lat' dir='ltr'>absque</span> <span class='ocrx_word' id='word_1_716' title='bbox 1755 3273 2067 3320; x_wconf 85' lang='lat' dir='ltr'>confirmatione</span> <span class='ocrx_word' id='word_1_717' title='bbox 2090 3271 2169 3314; x_wconf 87' lang='lat' dir='ltr'>alia</span> 
     </span>
     <span class='ocr_line' id='line_1_112' title="bbox 1204 3331 2169 3392; baseline -0.011 -8"><span class='ocrx_word' id='word_1_718' title='bbox 1204 3340 1448 3388; x_wconf 85' lang='lat' dir='ltr'>declarant,</span> <span class='ocrx_word' id='word_1_719' title='bbox 1470 3337 1651 3382; x_wconf 86' lang='lat' dir='ltr'>fimiliter</span> <span class='ocrx_word' id='word_1_720' title='bbox 1674 3336 1788 3381; x_wconf 87' lang='lat' dir='ltr'>nulla</span> <span class='ocrx_word' id='word_1_721' title='bbox 1805 3331 1970 3392; x_wconf 73' lang='lat' dir='ltr'>prorsus</span> <span class='ocrx_word' id='word_1_722' title='bbox 1995 3331 2041 3375; x_wconf 85' lang='lat' dir='ltr'>fit</span> <span class='ocrx_word' id='word_1_723' title='bbox 2057 3345 2169 3374; x_wconf 87' lang='lat' dir='ltr'>men-</span> 
     </span>
     <span class='ocr_line' id='line_1_113' title="bbox 1206 3387 2168 3456; baseline -0.011 -14"><span class='ocrx_word' id='word_1_724' title='bbox 1206 3401 1267 3444; x_wconf 88' lang='lat' dir='ltr'>tio</span> <span class='ocrx_word' id='word_1_725' title='bbox 1282 3399 1334 3443; x_wconf 91' lang='lat' dir='ltr'>de</span> <span class='ocrx_word' id='word_1_726' title='bbox 1355 3397 1556 3456; x_wconf 69' lang='lat' dir='ltr'>pra-‚dietis</span> <span class='ocrx_word' id='word_1_727' title='bbox 1569 3411 1584 3441; x_wconf 74' lang='grc' dir='ltr'><strong><em>ε</em></strong></span> <span class='ocrx_word' id='word_1_728' title='bbox 1597 3397 1684 3440; x_wconf 73' lang='lat' dir='ltr'>imo</span> <span class='ocrx_word' id='word_1_729' title='bbox 1705 3410 1778 3453; x_wconf 90' lang='lat' dir='ltr'>per</span> <span class='ocrx_word' id='word_1_730' title='bbox 1791 3408 1860 3436; x_wconf 81' lang='lat' dir='ltr'>eas</span> <span class='ocrx_word' id='word_1_731' title='bbox 1874 3392 2088 3436; x_wconf 87' lang='lat' dir='ltr'>evidenter</span> <span class='ocrx_word' id='word_1_732' title='bbox 2103 3387 2168 3432; x_wconf 92' lang='lat' dir='ltr'>os-</span> 
     </span>
     <span class='ocr_line' id='line_1_114' title="bbox 1203 3450 2167 3512; baseline -0.012 -9"><span class='ocrx_word' id='word_1_733' title='bbox 1203 3459 1392 3503; x_wconf 86' lang='lat' dir='ltr'>tenditur</span> <span class='ocrx_word' id='word_1_734' title='bbox 1408 3488 1423 3511; x_wconf 88' lang='lat'>,</span> <span class='ocrx_word' id='word_1_735' title='bbox 1446 3470 1596 3502; x_wconf 88' lang='lat' dir='ltr'>eorum</span> <span class='ocrx_word' id='word_1_736' title='bbox 1611 3484 1627 3508; x_wconf 84' lang='lat'>,</span> <span class='ocrx_word' id='word_1_737' title='bbox 1650 3469 1736 3512; x_wconf 79' lang='lat' dir='ltr'>quae</span> <span class='ocrx_word' id='word_1_738' title='bbox 1766 3454 1917 3500; x_wconf 88' lang='lat' dir='ltr'>habere</span> <span class='ocrx_word' id='word_1_739' title='bbox 1942 3451 2042 3494; x_wconf 88' lang='lat' dir='ltr'>licet</span> <span class='ocrx_word' id='word_1_740' title='bbox 2074 3450 2167 3507; x_wconf 81' lang='lat' dir='ltr'>ipsss</span> 
     </span>
     <span class='ocr_line' id='line_1_115' title="bbox 1205 3510 2166 3574; baseline -0.012 -11"><span class='ocrx_word' id='word_1_741' title='bbox 1205 3519 1442 3570; x_wconf 75' lang='lat' dir='ltr'>fratribus,</span> <span class='ocrx_word' id='word_1_742' title='bbox 1458 3516 1569 3559; x_wconf 91' lang='lat' dir='ltr'>usum</span> <span class='ocrx_word' id='word_1_743' title='bbox 1581 3515 1683 3574; x_wconf 75' lang='lat' dir='ltr'>iuris</span> <span class='ocrx_word' id='word_1_744' title='bbox 1696 3513 1747 3556; x_wconf 88' lang='lat' dir='ltr'>ad</span> <span class='ocrx_word' id='word_1_745' title='bbox 1771 3512 1902 3569; x_wconf 90' lang='lat' dir='ltr'>ipsum</span> <span class='ocrx_word' id='word_1_746' title='bbox 1928 3510 2166 3554; x_wconf 65' lang='lat' dir='ltr'>Ordinem-³</span> 
     </span>
     <span class='ocr_line' id='line_1_116' title="bbox 1201 3568 2167 3636; baseline -0.014 -13"><span class='ocrx_word' id='word_1_747' title='bbox 1201 3579 1412 3636; x_wconf 85' lang='lat' dir='ltr'>pertinere</span> <span class='ocrx_word' id='word_1_748' title='bbox 1427 3606 1439 3617; x_wconf 89' lang='lat'><strong>.</strong></span> <span class='ocrx_word' id='word_1_749' title='bbox 1462 3576 1694 3631; x_wconf 82' lang='lat' dir='ltr'>Gregorius</span> <span class='ocrx_word' id='word_1_750' title='bbox 1711 3573 1874 3628; x_wconf 91' lang='lat' dir='ltr'>quidem</span> <span class='ocrx_word' id='word_1_751' title='bbox 1885 3571 1927 3613; x_wconf 90' lang='lat' dir='ltr'>in</span> <span class='ocrx_word' id='word_1_752' title='bbox 1945 3568 2010 3612; x_wconf 90' lang='lat' dir='ltr'>sua</span> <span class='ocrx_word' id='word_1_753' title='bbox 2024 3569 2167 3612; x_wconf 88' lang='lat' dir='ltr'>decla-</span> 
     </span>
     <span class='ocr_line' id='line_1_117' title="bbox 1203 3630 2164 3691; baseline -0.014 -10"><span class='ocrx_word' id='word_1_754' title='bbox 1203 3633 1598 3691; x_wconf 45' lang='lat' dir='ltr'>rationem-uantum</span> <span class='ocrx_word' id='word_1_755' title='bbox 1611 3633 1662 3675; x_wconf 87' lang='lat' dir='ltr'>ad</span> <span class='ocrx_word' id='word_1_756' title='bbox 1685 3633 1790 3681; x_wconf 79' lang='lat' dir='ltr'>hoc,</span> <span class='ocrx_word' id='word_1_757' title='bbox 1815 3630 2063 3680; x_wconf 86' lang='lat' dir='ltr'>interseruit,</span> <span class='ocrx_word' id='word_1_758' title='bbox 2078 3639 2164 3684; x_wconf 77' lang='lat' dir='ltr'>quae</span> 
     </span>
     <span class='ocr_line' id='line_1_118' title="bbox 1200 3688 2163 3753; baseline -0.017 -12"><span class='ocrx_word' id='word_1_759' title='bbox 1200 3698 1446 3753; x_wconf 87' lang='lat' dir='ltr'>sequuntur:</span> <span class='ocrx_word' id='word_1_760' title='bbox 1460 3693 1634 3742; x_wconf 77' lang='lat' dir='ltr'>dicimus,</span> <span class='ocrx_word' id='word_1_761' title='bbox 1649 3691 1756 3748; x_wconf 76' lang='lat' dir='ltr'>quod</span> <span class='ocrx_word' id='word_1_762' title='bbox 1764 3703 1830 3734; x_wconf 84' lang='lat' dir='ltr'>nec</span> <span class='ocrx_word' id='word_1_763' title='bbox 1848 3688 2079 3748; x_wconf 58' lang='lat' dir='ltr'>inspectam,</span> <span class='ocrx_word' id='word_1_764' title='bbox 2098 3695 2163 3728; x_wconf 81' lang='lat' dir='ltr'>nec</span> 
     </span>
     <span class='ocr_line' id='line_1_119' title="bbox 1196 3749 2160 3806; baseline -0.011 -10"><span class='ocrx_word' id='word_1_765' title='bbox 1196 3755 1241 3798; x_wconf 83' lang='lat' dir='ltr'>in</span> <span class='ocrx_word' id='word_1_766' title='bbox 1276 3756 1466 3798; x_wconf 83' lang='lat' dir='ltr'>commum·</span> <span class='ocrx_word' id='word_1_767' title='bbox 1495 3751 1632 3795; x_wconf 76' lang='lat' dir='ltr'>debent</span> <span class='ocrx_word' id='word_1_768' title='bbox 1661 3750 1802 3794; x_wconf 80' lang='lat' dir='ltr'>babere</span> <span class='ocrx_word' id='word_1_769' title='bbox 1829 3749 2117 3806; x_wconf 82' lang='lat' dir='ltr'>proprietatem</span> <span class='ocrx_word' id='word_1_770' title='bbox 2143 3752 2160 3791; x_wconf 81' lang='lat'>3</span> 
     </span>
    </p>
   </div>
   <div class='ocr_carea' id='block_1_10' title="bbox 191 3798 2160 3929">
    <p class='ocr_par' dir='ltr' id='par_1_11' title="bbox 191 3798 2160 3929">
     <span class='ocr_line' id='line_1_120' title="bbox 191 3798 2160 3871; baseline -0.005 -20"><span class='ocrx_word' id='word_1_771' title='bbox 191 3798 272 3840; x_wconf 69' lang='lat' dir='ltr'>sam</span> <span class='ocrx_word' id='word_1_772' title='bbox 287 3798 494 3871; x_wconf 46' lang='lat' dir='ltr'>45³5*th</span> <span class='ocrx_word' id='word_1_773' title='bbox 507 3809 582 3853; x_wconf 81' lang='lat' dir='ltr'>effe</span> <span class='ocrx_word' id='word_1_774' title='bbox 594 3810 754 3854; x_wconf 85' lang='lat' dir='ltr'>clavem</span> <span class='ocrx_word' id='word_1_775' title='bbox 767 3840 781 3863; x_wconf 88' lang='lat'>,</span> <span class='ocrx_word' id='word_1_776' title='bbox 791 3816 849 3856; x_wconf 88' lang='lat' dir='ltr'>nil</span> <span class='ocrx_word' id='word_1_777' title='bbox 862 3815 973 3859; x_wconf 87' lang='lat' dir='ltr'>aliud</span> <span class='ocrx_word' id='word_1_778' title='bbox 990 3829 1064 3871; x_wconf 89' lang='lat' dir='ltr'>per</span> <span class='ocrx_word' id='word_1_779' title='bbox 1078 3813 1139 3868; x_wconf 85' lang='lat' dir='ltr'>ip—</span> <span class='ocrx_word' id='word_1_780' title='bbox 1183 3813 1267 3871; x_wconf 79' lang='lat' dir='ltr'>fid</span> <span class='ocrx_word' id='word_1_781' title='bbox 1280 3812 1503 3868; x_wconf 73' lang='lat' dir='ltr'>utensilium</span> <span class='ocrx_word' id='word_1_782' title='bbox 1516 3843 1532 3865; x_wconf 93' lang='lat'>‚</span> <span class='ocrx_word' id='word_1_783' title='bbox 1556 3810 1752 3854; x_wconf 76' lang='lat' dir='ltr'>librorum</span> <span class='ocrx_word' id='word_1_784' title='bbox 1764 3839 1779 3861; x_wconf 85' lang='lat'>‚</span> <span class='ocrx_word' id='word_1_785' title='bbox 1812 3810 1861 3858; x_wconf 64' lang='grc' dir='ltr'>θ’</span> <span class='ocrx_word' id='word_1_786' title='bbox 1875 3820 2014 3851; x_wconf 83' lang='lat' dir='ltr'>rerum</span> <span class='ocrx_word' id='word_1_787' title='bbox 2039 3799 2160 3860; x_wconf 51' lang='lat' dir='ltr'>mobifi</span> 
     </span>
     <span class='ocr_line' id='line_1_121' title="bbox 193 3855 2160 3929; baseline -0.01 -15"><span class='ocrx_word' id='word_1_788' title='bbox 193 3855 278 3900; x_wconf 66' lang='lat' dir='ltr'>sum</span> <span class='ocrx_word' id='word_1_789' title='bbox 292 3857 354 3900; x_wconf 70' lang='lat'><em>¹¹¹¹</em></span> <span class='ocrx_word' id='word_1_790' title='bbox 369 3865 580 3924; x_wconf 55' lang='lat' dir='ltr'>’undatur</span> <span class='ocrx_word' id='word_1_791' title='bbox 591 3895 607 3920; x_wconf 71' lang='lat' dir='ltr'>a</span> <span class='ocrx_word' id='word_1_792' title='bbox 632 3871 822 3918; x_wconf 87' lang='lat' dir='ltr'>tribuitur</span> <span class='ocrx_word' id='word_1_793' title='bbox 837 3899 852 3923; x_wconf 69' lang='lat' dir='ltr'>a</span> <span class='ocrx_word' id='word_1_794' title='bbox 877 3874 948 3920; x_wconf 79' lang='lat' dir='ltr'>nifl</span> <span class='ocrx_word' id='word_1_795' title='bbox 961 3873 1135 3920; x_wconf 72' lang='lat' dir='ltr'>auctori-</span> <span class='ocrx_word' id='word_1_796' title='bbox 1195 3874 1294 3918; x_wconf 70' lang='lat' dir='ltr'>lium</span> <span class='ocrx_word' id='word_1_797' title='bbox 1306 3902 1320 3927; x_wconf 83' lang='lat'>,</span> <span class='ocrx_word' id='word_1_798' title='bbox 1335 3885 1434 3929; x_wconf 82' lang='lat' dir='ltr'>quas</span> <span class='ocrx_word' id='word_1_799' title='bbox 1455 3873 1547 3918; x_wconf 82' lang='lat' dir='ltr'>licet</span> <span class='ocrx_word' id='word_1_800' title='bbox 1560 3870 1704 3916; x_wconf 87' lang='lat' dir='ltr'><em>babcrc</em></span> <span class='ocrx_word' id='word_1_801' title='bbox 1715 3900 1732 3923; x_wconf 91' lang='lat'>‚</span> <span class='ocrx_word' id='word_1_802' title='bbox 1747 3869 1852 3915; x_wconf 80' lang='lat' dir='ltr'>Ordo</span> <span class='ocrx_word' id='word_1_803' title='bbox 1864 3866 1975 3925; x_wconf 66' lang='lat' dir='ltr'>ustam</span> <span class='ocrx_word' id='word_1_804' title='bbox 1990 3860 2127 3903; x_wconf 82' lang='lat' dir='ltr'>habeat</span> <span class='ocrx_word' id='word_1_805' title='bbox 2144 3879 2160 3904; x_wconf 88' lang='lat'>,</span> 
     </span>
    </p>
   </div>
   <div class='ocr_carea' id='block_1_11' title="bbox 1583 3922 2098 3974">
    <p class='ocr_par' dir='ltr' id='par_1_12' title="bbox 1583 3922 2098 3974">
     <span class='ocr_line' id='line_1_122' title="bbox 1583 3922 2098 3974; baseline -0.002 0"><span class='ocrx_word' id='word_1_806' title='bbox 1583 3933 1624 3974; x_wconf 93' lang='grc' dir='ltr'>Ο</span> <span class='ocrx_word' id='word_1_807' title='bbox 1653 3946 1682 3974; x_wconf 81' lang='lat'><em>2</em></span> <span class='ocrx_word' id='word_1_808' title='bbox 1927 3922 2098 3973; x_wconf 65' lang='lat' dir='ltr'><em>&amp;Fra‘</em></span> 
     </span>
    </p>
   </div>
  </div>
 </body>
</html>
