2444 4192
387 245 539 297 112

326 375 650 445 Indulgentias
683 377 901 429 Fratrum
931 380 1176 431 Minorum
1213 385 1294 432 Ec-

391 449 538 499 clefiis
563 483 580 506 ,
621 446 764 498 Pestis
795 486 815 509 ,
865 449 1239 504 Benefactoribus
1274 489 1291 511 ‚

390 518 568 576 Miffis,
591 521 907 571 concionibus
924 522 1019 574 ἃς.
1047 525 1290 574 §Summis

387 586 691 640 Pontificibus
731 592 1133 644 Praedecefforibus
1178 612 1287 644 con-

388 658 527 711 ceffas
548 658 756 729 specifice
769 679 1008 714 enumerat
1027 701 1041 722 ,
1078 664 1128 715 ὅ(
1145 669 1288 716 Litte-

387 733 452 782 ris
470 731 750 800 Apostolicis
770 733 1017 786 confirmat
1034 770 1047 784 .

317 836 733 903 JOANNES
804 838 1284 892 flmscopUs

491 962 671 1011 Servus
701 966 960 1012 Seavoaum
993 969 1077 1010 Der
1095 996 1108 1009 .

309 1078 483 1144 Dilth's
509 1080 555 1123 r'n
571 1082 726 1140 cbnsso
745 1083 884 1134 Finis,
902 1086 1107 1136 Generali,
1121 1083 1175 1134 ὁ*
1186 1084 1286 1125 Pro-

367 1138 605 1183 uncialibus
622 1142 828 1201 Ministris
840 1173 855 1195 ,
881 1159 928 1187 ac
938 1143 1127 1197 universis
1144 1141 1284 1198 Custo-

368 1199 484 1243 dibur
502 1226 516 1249 ,
534 1202 802 1266 Quoedianis,
823 1203 1051 1259 &singulis
1066 1199 1284 1247 Fratribus

380 1260 429 1300 de
445 1259 593 1301 ordine
606 1262 802 1306 Fratrum
824 1266 1051 1309 Minor-um,
1075 1262 1285 1320 salutem,

371 1317 429 1369 ῤ’
456 1318 726 1377 Apefiolicam
749 1322 1080 1366 benedifflionm·

416 1436 601 1481 lliationi
617 1441 753 1485 vestrae
761 1441 1041 1499 indulgentias
1054 1438 1205 1483 Ordini
1222 1453 1291 1483 ve-

432 1496 515 1539 stro
535 1499 736 1544 conceffas
761 1517 837 1559 per
861 1498 1180 1546 Praedeceffores
1213 1514 1290 1543 no·

307 1562 414 1597 1¹¹0⁵
430 1582 446 1606 s
458 1557 500 1598 8(-
512 1570 587 1612 per
602 1562 691 1603 Nos
706 1560 879 1605 facimus
894 1561 1121 1605 manifestas
1135 1563 1176 1604 81.
1188 1574 1290 1605 con-

309 1612 498 1681 firmatas
522 1640 539 1663 s
572 1616 668 1662 ficut
691 1620 863 1665 inferius
890 1632 1110 1663 annotatur
1129 1634 1144 1664 ε
1173 1620 1288 1664 vide-

306 1672 488 1724 licet,in
516 1675 820 1723 festivitatibus
851 1684 894 1724 B·
912 1681 1050 1724 Maria:
1078 1680 1288 1737 Virginis,

312 1734 540 1777 Beatorum
558 1736 760 1782 Francisci
773 1766 788 1788 ,
825 1741 1026 1792 Antonii,
1058 1740 1287 1787 Ludovici,

309 1792 351 1834 δι
366 1793 408 1834 Β.
425 1793 556 1837 Clarae
571 1808 586 1838 t
599 1796 660 1862 ‘in
675 1796 1070 1843 Consecrationibus
1089 1797 1289 1843 Ecclefia-

312 1866 408 1894 rum
424 1881 439 1905 ,
473 1854 791 1911 Altariumque,
821 1860 862 1901 Bt
883 1859 1094 1902 vocabulis
1124 1872 1288 1907 earum,

313 1911 357 1952 δι
383 1915 632 1967 ρςτοᾶανυ
665 1914 719 1958 est
738 1915 835 1959 data
859 1916 1121 1972 indulgentia
1144 1919 1289 1960 decem

316 1983 523 2038 annorum
551 1972 767 2017 &dierum
796 1976 1094 2033 quinquaginta
1121 1975 1143 2019 ἂ
1172 1980 1291 2020 Sum·

309 2042 387 2071 mis
404 2028 701 2082 Pontificibus,
717 2035 933 2086 videlicet,
948 2034 1191 2079 Alexandro
1211 2036 1291 2076 IV-

308 2089 563 2154 lnnoscntio
577 2093 652 2132 lv.
684 2092 909 2135 Clemente
926 2094 999 2132 lv.
1026 2093 1199 2134 Urbano
1216 2092 1293 2131 lv.

307 2146 490 2189 Nicolao
518 2148 599 2189 111.
645 2149 860 2207 Gregorio
890 2150 967 2192 IX.
1009 2149 1189 2193 Nicolao
1215 2149 1293 2190 lv.

304 2205 429 2249 Idem
448 2206 692 2251 Alexander
707 2212 785 2253 IV.
798 2209 990 2257 omnibus
1008 2206 1296 2250 accedentibus

308 2266 359 2306 ad
374 2264 470 2307 loca
488 2267 616 2307 vestri
630 2266 805 2307 Ordinis
834 2267 916 2306 {ive
940 2263 989 2305 ad
1006 2263 1294 2306 audiendum-2

306 2322 504 2364 Verbum
546 2320 657 2370 Dei,
690 2323 770 2365 five
798 2321 849 2364 ad
878 2320 1130 2366 audiendum
1156 2319 1293 2364 Miffas

308 2382 499 2424 amma
523 2379 792 2434 Virginis,vel
811 2380 1184 2431 B-Francisei,dum
1194 2393 1293 2421 can-

309 2448 467 2489 tantur,
485 2436 604 2480 dedit
617 2437 918 2494 indulgentiam
932 2447 1103 2481 centum
1114 2438 1273 2480 dierum
1283 2465 1297 2476 .

307 2497 430 2541 Idem
452 2495 577 2540 etiam
602 2498 714 2553 Papa
730 2497 922 2541 omnibus
940 2497 1190 2541 visitantibus
1206 2496 1296 2540 loca

309 2559 507 2602 fratrum
522 2555 732 2599 Minorum
747 2555 865 2600 dedit
883 2555 1179 2614 indulgentiam
1195 2570 1297 2614 qua-

310 2614 505 2672 draginta
533 2613 692 2658 dierum
720 2644 733 2658 .
778 2616 895 2660 Idem
925 2617 1192 2662 Innocentius
1220 2618 1296 2660 lv.

314 2688 396 2731 pro
408 2673 555 2717 eadem
567 2669 684 2718 causa
713 2675 804 2720 dies
827 2674 1115 2734 quadraginta.
1149 2679 1293 2720 Item,

314 2733 426 2777 idem
461 2735 727 2801 Innocentius
767 2735 958 2779 omnibus
995 2737 1299 2795 porrigentibus

318 2806 460 2838 manus
474 2791 698 2849 admnices
717 2794 927 2840 Fratribus
954 2797 1199 2851 Minoribus,
1218 2795 1297 2840 five

964 216 1135 304 Sub
1200 214 1516 335 Joanne
1578 215 1666 302 X
1685 215 1790 302 II.

1354 378 1497 424 cadem
1523 377 1638 421 causa
1670 376 1757 418 dies
1781 365 2075 428 quadraginta,
2106 368 2212 412 Item
2230 364 2330 410 Cle·

1354 453 1471 481 mens
1502 440 1579 481 lv.
1603 452 1678 494 pro
1714 434 1856 475 eadem
1884 428 2002 470 causa
2025 428 2116 470 dies
2130 437 2292 471 centum
2311 450 2325 464 .

1352 501 1459 540 Item
1476 496 1625 540 eisdem
1643 493 1830 538 omnibus
1859 487 2113 530 visitantibus
2129 484 2331 530 Ecclefias

1351 559 1542 600 Fratrum
1554 558 1756 600 Minorum
1783 548 1907 593 toties
1925 548 2084 602 quoties
2110 544 2232 588 causa
2261 545 2331 585 de—

1348 616 1528 661 votionis
1556 646 1571 669 ‚
1609 612 1812 667 octoginta
1849 607 1938 650 dies
1972 635 1985 647 .
2014 608 2123 647 Item
2164 608 2328 648 Fratres

1346 677 1443 719 dieti
1466 674 1634 718 Ordinis
1678 673 1719 713 in
1747 667 1936 712 omnibus
1963 664 2327 720 praedicati-onibus

1347 736 1423 777 suis
1439 747 1554 778 extra
1575 737 1749 775 Domum
1777 728 1885 770 suam
1914 721 2072 780 possunt
2100 723 2198 765 dare
2215 725 2331 764 οᾶο-

1347 795 1461 850 ginta
1476 795 1565 835 dies
1590 788 1877 844 indulgentiae:
1910 787 1948 825 in
1966 781 2162 825 Domibus
2189 786 2325 823 autem

1345 853 1421 896 suis
1447 863 1613 896 centum
1651 850 1759 893 ultra
1787 844 1995 904 praedietas
2021 839 2326 897 indulgentias.

1345 916 1451 955 Item
1481 909 1677 954 Nicolaus
1706 909 1787 950 IV.
1814 907 1853 949 in
1884 900 2087 947 Miffarum
2117 898 2325 942 solemniis

1345 974 1391 1013 B.
1405 971 1587 1026 Virginis
1602 998 1616 1021 ‚
1641 972 1679 1011 &
1697 971 1740 1011 B.
1760 960 1961 1009 francisci
1975 961 2092 1004 dedit
2106 958 2325 1012 indulgen-

1346 1030 1443 1070 tiam
1460 1039 1622 1070 centum
1645 1028 1800 1070 dierum
1817 1054 1829 1066 .
1861 1026 1968 1065 Item
1996 1018 2233 1062 Benedictus
2250 1018 2329 1060 xi.

1348 1085 1640 1130 accedentibus
1665 1084 1717 1125 ad
1747 1083 1839 1124 loca
1858 1083 2047 1123 Fratrum
2066 1078 2273 1118 Minorum
2288 1075 2331 1118 in

1344 1144 1669 1190 solemnitatibus
1684 1154 1842 1188 eorum,
1856 1146 2021 1182 centum
2036 1133 2123 1179 dies
2136 1163 2146 1175 .
2184 1135 2332 1177 Item.-

1346 1204 1544 1250 Nicolaus
1559 1203 1637 1245 1v.
1656 1199 1771 1244 dedit
1787 1198 2085 1254 indulgentiam
2100 1194 2217 1237 unius
2231 1192 2330 1235 anni

1344 1268 1384 1309 δι
1397 1263 1560 1306 dierum
1575 1260 1844 1318 quadraginta
1858 1255 2151 1301 accedentibus
2169 1252 2219 1295 ad
2235 1252 2331 1296 loca

1346 1323 1632 1384 praedietorum
1641 1323 1828 1364 Fratrum
1842 1314 1959 1363 causi
1970 1314 2332 1359 devotionis-Item

1348 1384 1537 1429 omnibus
1551 1380 1844 1424 accedentibus
1861 1378 1912 1422 ad
1927 1376 2020 1419 loca
2037 1374 2151 1419 vestri
2162 1371 2334 1415 Ordinis

1349 1442 1471 1488 causi
1485 1442 1743 1492 devotionis,
1758 1450 2019 1497 quocumque
2030 1445 2235 1489 tempore,
2247 1430 2334 1478 die,

1352 1505 1417 1548 vel
1433 1507 1563 1554 hora,
1591 1501 1687 1545 licet
1705 1513 1788 1543 non
1814 1498 1860 1541 fit
1873 1495 2044 1554 aliquod
2061 1493 2220 1542 festum,
2233 1502 2338 1532 con-

1350 1562 1450 1608 cessa
1476 1564 1532 1606 est
1560 1558 1820 1616 indulgentia
1861 1557 1883 1600 fi
1910 1556 2098 1613 pluribus
2127 1547 2333 1595 Romanis

1350 1620 1626 1668 Pontificibus
1638 1632 1837 1662 annorum
1851 1616 2033 1660 duorum
2047 1643 2062 1667 ‚
2073 1614 2115 1655 δι
2138 1610 2333 1653 dierum...

1350 1681 1620 1741 quadraginta
1640 1710 1653 1721 .
1691 1682 1778 1721 Nos
1801 1678 1930 1732 igitur
1953 1673 2098 1720 vestris
2112 1669 2189 1727 piis
2202 1665 2340 1724 preci-

1349 1745 1422 1787 bus
1440 1738 1624 1784 iuclinati
1639 1736 1808 1779 salutem
1819 1736 1861 1777 δι
1871 1726 2100 1791 profectum
2113 1727 2339 1770 animarum

1347 1800 1562 1858 benignius
1589 1795 1848 1841 intendentes
1875 1822 1894 1845 ,
1934 1792 1989 1836 de
2014 1784 2330 1843 Omnipotentis

1350 1863 1427 1906 Dei
1444 1856 1739 1906 misericordia,
1752 1856 1794 1897 δι
1805 1854 2024 1897 beatorum
2038 1847 2151 1894 Petri
2170 1847 2209 1888 δι
2225 1849 2338 1889 Pau-¹

1351 1922 1380 1965 li
1410 1917 1702 1975 Apostolorum
1730 1915 1846 1972 ejus,
1871 1924 2050 1968 quorum
2067 1907 2218 1954 vicem,
2235 1901 2338 1943 licet

1350 1979 1565 2028 immeriti,
1579 1977 1776 2032 gerimus,
1798 1971 2042 2015 auctoritate
2053 1961 2193 2006 confisi
2206 1989 2223 2013 ,
2252 1955 2343 2005 east,

1352 2040 1451 2079 dem
1466 2047 1608 2075 omnes
1635 2029 1911 2085 indulgentias
1938 2025 2072 2070 vestro
2084 2019 2236 2064 Ordini
2259 2031 2340 2075 per,

1354 2091 1566 2152 praedictos
1595 2090 1755 2132 nostros
1775 2082 2090 2130 Praedeeeffores
2111 2078 2337 2130 concessas,

1354 2152 1547 2196 omnibus
1564 2150 1661 2193 vere
1674 2147 1974 2205 poenitentibus
1984 2145 2026 2186 δι
2036 2139 2218 2185 confeffis
2232 2153 2335 2183 con·

1355 2211 1539 2252 cedimus
1553 2205 1902 2248 &confirmamus
1916 2231 1930 2244 .
1965 2202 2084 2244 Nulli
2113 2211 2338 2255 ergo-om-

1355 2268 1454 2310 nino
1470 2266 1679 2307 hominum
1697 2262 1822 2305 liceat
1851 2262 1956 2303 hanc
1971 2257 2162 2315 paginam
2179 2255 2341 2298 nostra-

1357 2338 1446 2370 rum
1462 2322 1762 2367 couceflionum
1775 2317 2181 2364 &confirmationum
2194 2313 2340 2357 infrin-

1358 2398 1484 2441 gere,
1511 2383 1575 2423 vel
1603 2382 1640 2425 ei
1657 2378 1750 2425 ausu
1782 2378 2004 2424 temerario
2027 2373 2261 2419 contraire.
2293 2370 2339 2416 si

1357 2443 1449 2499 quis
1463 2449 1602 2482 autem
1620 2441 1696 2482 boc
1711 2449 1916 2484 attentare
1932 2430 2227 2495 presumpserit
2240 2460 2258 2484 ,
2274 2430 2341 2476 in..

1355 2499 1642 2557 dignationem
1671 2500 1968 2555 omnipotentis
1990 2494 2099 2544 Dei,
2122 2493 2162 2535 δι
2187 2493 2343 2535 Beato·

1356 2574 1449 2606 rum
1467 2560 1629 2602 Petri&
1646 2558 1759 2603 Pauli
1774 2557 2071 2615 Apostolorum
2098 2550 2188 2607 ejus
2206 2549 2247 2595 se
2260 2557 2341 2592 nod

1360 2621 1467 2664 verit
1485 2617 1757 2661 incursurum·
1797 2622 1949 2662 Datum
1964 2611 2180 2660 avenione
2195 2607 2340 2655 Ponti·

1360 2679 1508 2726 ficatus
1522 2676 1647 2721 nostri
1661 2689 1773 2719 anno
1787 2677 1885 2719 XV.

1417 2802 1673 2845 Monumenra
1692 2797 1781 2842 ord
1780 2795 1861 2857 fil.
1871 2786 2184 2847 wawamng.
2195 2796 2340 2841 toa-7.

318 2853 363 2898 in
384 2854 583 2899 Domibus
593 2868 740 2900 eorum
754 2882 770 2907 ,
800 2855 880 2899 live
893 2855 1081 2900 euntibus
1099 2872 1170 2915 per
1187 2858 1307 2912 viam,
1366 2856 1590 2922 annal-sol.
1604 2869 1706 2916 420.

327 2914 606 2974 quadraginta
627 2914 718 2961 dies
733 2939 746 2955 ·
776 2916 887 2974 Item
911 2915 1111 2962 Nicolaus
1125 2918 1205 2961 111.
1225 2931 1305 2975 pro

2105 3929 2276 3976 BENE-
