2444 4192
907 155 1067 239 Sub
1134 154 1376 239 Paulo
1443 154 1542 240 V.

1977 182 2144 264 349

255 299 409 342 tionem
426 294 678 338 Dominicam
692 322 707 345 ,
732 297 902 341 &toties
926 303 1202 348 salutationem
1265 307 1381 347 uibus
1396 302 1638 346 Monialibus
1651 297 1815 353 cujusvis
1842 299 2006 354 Regulae
2020 308 2211 359 approba-

247 353 488 408 Angelicam
516 365 610 397 ante
625 355 768 399 Altare
793 368 934 397 eorum
954 361 1136 403 Ecclefiae
1159 364 1199 404 in

246 411 437 468 quolibet
451 413 518 455 die
530 415 707 469 quinque
720 428 856 464 annos,
873 416 908 455 δι
924 416 1096 459 totidem
1112 432 1204 474 qua·

243 472 462 524 dragenas3
489 472 534 514 iis
564 477 662 516 vero
687 471 739 514 de
761 470 922 514 suorum
935 473 1199 527 Super-iorum

242 528 407 571 licentia
424 531 464 572 in
480 531 625 574 itinere
639 529 942 581 existentes‚aut
957 541 1070 572 extra
1087 531 1196 571 clau·

245 586 321 630 stra
349 587 542 643 degentes
565 618 580 641 ,
604 599 789 648 tanquam
814 585 1095 631 Praedicatores
1116 612 1130 635 ‚
1156 587 1197 628 &

245 646 452 697 Lectores,
466 648 674 704 quinquies
686 647 851 691 eandem
870 645 1094 690 orationem
1111 646 1198 687 Do-

239 701 432 747 minieam
446 734 461 758 ,
477 709 516 750 &
533 708 652 750 toties
665 704 943 750 salutationem
958 704 1195 762 Angelieam

242 771 340 804 ante
366 764 576 819 quodlibet
613 765 759 809 Altare
786 762 964 808 fimiliter
986 763 1164 807 dixerint
1181 791 1197 815 ,

236 821 360 862 etism
378 823 553 880 quinque
571 837 721 876 annos,
733 824 771 866 δι
785 822 958 866 totidem
1002 821 1195 878 uadrage·

236 882 500 931 nas3Necnon
515 882 632 925 etiam
644 881 790 925 eisdem
807 838 1106 939 Religiostsfflui
1120 893 1194 937 per

232 934 407 982 mensem
421 940 583 998 integi-ii
601 941 761 999 lingulis
772 939 914 984 diebus
923 939 1048 998 spatio
1059 939 1193 997 medie

234 996 348 1039 horae
360 999 590 1044 orationem
605 999 825 1045 mentalem
841 997 1082 1052 fecerint,ac
1091 1013 1192 1042 con-

232 1053 315 1098 fessi
334 1057 370 1097 δι
383 1056 491 1100 sacra
503 1059 801 1102 communione
817 1057 960 1104 ultima
978 1057 1192 1102 Dominica

232 1112 375 1156 meniis
390 1112 618 1171 hujusmodi
632 1115 767 1162 refesti
791 1116 941 1162 fuerint
955 1146 969 1171 ,
992 1115 1191 1172 sexaginta

229 1185 352 1214 annos
368 1200 382 1224 ,
408 1174 636 1216 &totidem
652 1175 931 1233 quadragenas
946 1204 958 1216 .
991 1176 1077 1235 Qi
1095 1175 1191 1218 vcro

227 1229 416 1273 contrito
441 1231 567 1274 corde
595 1231 637 1274 δι
661 1232 918 1299 poenitentes
946 1245 1088 1276 eorum
1104 1233 1189 1274 cul·
1219 1244 1227 1253 ¹

228 1300 300 1345 pas
320 1288 361 1332 δι
378 1296 584 1347 peccata,
597 1302 642 1332 ae
659 1288 979 1345 imperfeetiones
1000 1287 1038 1332 in
1059 1290 1188 1345 Capi-

229 1346 331 1395 tulis
350 1346 561 1405 culparum
585 1346 854 1401 accusabunt,
866 1349 907 1391 &
921 1347 1186 1406 spiritusliter

235 1405 596 1450 communicabunt
620 1432 638 1458 ,
666 1408 703 1450 δι
723 1408 964 1451 exercitium
988 1406 1187 1449 virtutum

232 1463 386 1508 facient
396 1489 411 1513 a
426 1472 509 1508 tres
521 1477 641 1507 anuos
654 1466 694 1507 δι
706 1464 879 1509 totidem
903 1464 1188 1522 quadragenas.

232 1521 564 1580 Quotiescunque
590 1532 723 1566 autem
749 1522 802 1566 de
838 1523 1001 1567 licentia
1033 1522 1188 1565 Summi

235 1579 476 1630 pontificis,
500 1589 568 1625 aut
583 1580 742 1629 suorum
769 1581 1032 1638 Superiorum
1051 1582 1090 1623 in
1117 1580 1191 1623 Di-

234 1639 394 1686 tiones,
421 1640 462 1681 δε
475 1639 623 1682 Terras
638 1638 869 1682 infidelium
895 1650 962 1682 sut
981 1640 1190 1682 baerctieo-

230 1708 323 1740 rum
339 1696 389 1739 ad
413 1695 732 1740 concionandum
742 1725 758 1751 ,
773 1707 842 1739 aut
857 1695 1099 1740 Catholicos
1113 1696 1190 1738 do-

233 1753 431 1807 cendum,
445 1754 511 1799 vel
526 1752 719 1799 Infideles
730 1756 770 1798 δι
784 1756 990 1810 baereticos
1013 1754 1116 1810 ipsos
1142 1753 1191 1798 sd

234 1811 358 1856 fidem
391 1811 652 1857 catholicam
671 1813 1025 1866 convertendum,
1050 1814 1088 1856 δι
1117 1815 1194 1855 Ec-

233 1870 360 1915 eleliae
373 1870 532 1928 gremio
551 1870 829 1918 reducendum
842 1871 941 1917 miss·
957 1871 1104 1919 fuerint
1117 1899 1134 1924 ,
1165 1870 1190 1914 fi

173 1970 176 1974 ,
232 1930 486 1987 poenitentes
501 1927 540 1970 δι
554 1929 732 1982 eonseffi,
744 1945 790 1972 ac
805 1929 1048 1974 Sanctillima
1062 1934 1191 1973 Com-

234 1989 428 2032 munione
455 1986 592 2031 resedi
618 1983 773 2032 fuerint
787 2017 804 2039 ,
831 1987 893 2031 vel
923 1988 1073 2030 Miflam
1088 1987 1194 2030 cele·

235 2047 447 2094 breverint
465 2053 541 2099 ,ut
554 2047 700 2094 melius
718 2046 767 2092 ad
782 2045 1009 2103 hujusmodi
1022 2058 1125 2101 opus
1143 2044 1196 2087 sc-

235 2103 276 2149 se
346 2119 435 2149 rare
453 2104 639 2156 valeant,
663 2119 742 2162 pro
754 2105 908 2148 duabus
939 2104 1120 2155 vicibus,
1137 2101 1196 2144 vi-

211 2165 215 2169 ’
233 2120 563 2227 ἀεῧέεῑῃιιαῃάρ
577 2162 711 2206 itineri
727 2163 766 2205 se
777 2162 1006 2216 accingent,
1015 2163 1055 2203 δι
1069 2174 1197 2216 quan-

236 2219 292 2263 do
308 2221 348 2263 in
367 2222 659 2271 Provinciam,
687 2219 755 2263 ubi
781 2221 969 2275 predicta
999 2231 1121 2274 opera
1137 2223 1196 2260 eis

233 2276 460 2324 exercenda
476 2284 623 2330 erunt,
653 2276 811 2336 ingrelli
841 2275 991 2321 fuerint
1004 2306 1020 2328 ,
1052 2277 1196 2319 Plena-

233 2337 336 2382 riam
362 2334 542 2381 omnium
566 2347 827 2392 peccatorum
855 2336 1018 2380 suorum
1055 2334 1195 2378 Indul-

234 2397 415 2453 gentiam
431 2423 448 2450 ,
475 2394 792 2440 &remiffionem
815 2393 1129 2439 misericorditer
1154 2394 1196 2436 in

233 2454 417 2500 Domino
442 2453 596 2510 pariter
621 2454 883 2498 concedimus
899 2483 916 2508 ‚
949 2454 991 2496 δι
1016 2453 1196 2507 imparti-

234 2527 328 2558 mur
339 2538 356 2555 .
373 2514 428 2556 Et
441 2510 601 2569 insuper
624 2526 716 2557 cum
734 2513 930 2568 Superior
946 2511 986 2554 in
1002 2511 1194 2554 visitatio·

236 2572 356 2618 nibus
379 2569 636 2628 generalibus
673 2571 885 2616 orationes
925 2569 1195 2628 qusdraginta

233 2631 423 2676 horarum
436 2643 512 2690 pro
524 2629 635 2675 bono
648 2629 884 2677 vifitationis
901 2626 1103 2687 progrefl'u
1111 2628 1197 2673 col—

235 2689 376 2734 locare
401 2684 683 2742 volueriniis
705 2688 919 2745 Religiofis
939 2716 955 2741 ,
982 2690 1052 2746 qui
1077 2688 1194 2734 dielis

233 2745 489 2790 orationibus
515 2741 657 2791 saltem
675 2747 809 2802 spatio
820 2746 992 2790 duarum
1008 2748 1194 2792 horarum

236 2805 277 2848 in
291 2803 455 2847 diverso
469 2812 658 2860 tempos-e
671 2802 937 2848 interfuerint
953 2832 968 2855 ‚
995 2805 1036 2846 &
1051 2805 1106 2848 ibi
1119 2820 1196 2861 pro

236 2860 556 2907 Christianorum
588 2860 820 2920 Principum
845 2861 1095 2917 eoncordia,
1121 2865 1197 2905 ha:-

236 2919 368 2966 resum
382 2918 683 2976 extimatione,
709 2920 887 2964 Romani
913 2919 1117 2966 Pontificis
1141 2919 1196 2964 sa·

236 2979 346 3033 late,
373 2993 419 3024 ae
434 2981 586 3024 Sanetus
614 2978 758 3027 Matris
774 2977 958 3022 Ecclefioe
975 2980 1195 3024 exaltatio-

239 3053 290 3082 ne
307 3067 323 3089 ,
350 3051 512 3082 necnon
535 3035 752 3093 disciplinae
767 3038 806 3080 δι
832 3035 1094 3083 observantie
1115 3041 1196 3084 Re-

237 3096 389 3155 gularis
405 3104 625 3153 augmento
637 3096 720 3152 pias
735 3094 784 3137 ad
796 3097 928 3139 Deum
955 3110 1120 3154 preces,
1150 3108 1195 3140 ut

237 3156 357 3213 supra
381 3155 533 3198 diatim
546 3153 630 3208 est,
655 3153 870 3199 effuderint
885 3183 899 3206 ‚
927 3156 953 3197 fi
968 3155 1131 3199 confessi
1155 3157 1194 3199 δι

240 3210 349 3260 sacra
363 3213 663 3260 Communione
678 3213 818 3257 refedti
840 3210 1007 3264 fuerint,
1020 3223 1090 3258 aut
1106 3213 1198 3258 Mis-

243 3269 320 3317 sam
340 3272 663 3324 celebraverint,
679 3272 900 3317 plenariam
915 3271 1095 3317 {imiliter
1105 3287 1196 3315 om-

245 3328 352 3374 nium
365 3340 620 3389 peecatorum
635 3331 938 3389 Indulgentiam
949 3333 990 3375 δι
1002 3331 1199 3376 remiffio-

252 3399 341 3430 nem
357 3398 427 3446 ,ut
436 3387 655 3449 prefertur
669 3418 684 3441 ,
699 3389 983 3435 concedimus·
1000 3392 1198 3447 Volumus

248 3454 382 3491 autem
398 3475 415 3500 2
434 3452 483 3495 ut
505 3463 643 3495 omnes
669 3449 898 3506 supradietae
926 3449 1194 3507 Indulgentiae

247 3503 287 3544 &
317 3504 450 3570 gratia
464 3506 682 3567 'Religiofis
719 3508 992 3566 Regularibus
1022 3509 1192 3565 cujusvis

246 3560 413 3613 Ordffljss
428 3572 510 3606 tam
523 3566 756 3616 Monastici,
780 3570 900 3625 quam
927 3567 1196 3613 Mendicantis

247 3618 462 3670 dunttxsss
469 3623 748 3680 upsalen-tur,
759 3625 964 3680 eonceffae,
973 3628 1094 3671 etiam
1105 3641 1196 3672 om-

1264 372 1327 407 tae‚
1339 363 1376 401 &
1402 361 1505 399 intra
1517 357 1686 398 claustra
1703 368 1795 397 cum
1811 357 1935 398 tribus
1950 363 2051 399 votis
2072 364 2211 403 solem-

1261 417 1378 458 nibus
1407 414 1632 455 viventibus
1646 437 1661 458 s
1688 414 1727 453 δι
1745 422 1972 466 perpetuam
1989 417 2208 460 clausuram

1259 471 1506 514 servantibus
1523 480 1605 510 tam
1619 470 1845 511 Ordinariis
1863 469 2043 514 locorum
2059 499 2073 521 ‚
2088 476 2206 527 quam

1258 530 1378 572 etiam
1409 527 1680 583 Regularibus
1722 526 1992 582 cujuscunque
2026 532 2213 575 Ordinis,

1257 586 1420 642 Regulae
1433 613 1448 636 ,
1459 585 1677 627 &instituti
1711 584 1892 641 subjeeiis
1926 586 2184 641 suffragentur
2199 615 2211 628 .

1255 644 1515 688 Praesentibus
1552 645 1759 699 perpetuis
1790 644 1933 686 suturis
1962 646 2212 700 temporibus

1253 703 1471 748 duraturis.
1486 703 1706 756 Caetertim,
1719 717 1858 746 omnes
1881 704 1922 745 &
1949 704 2116 758 lingulas
2145 706 2212 746 ln·

1252 763 1481 820 dulgentias
1494 761 1792 818 quibuscunque
1806 762 2026 806 Ordinibus
2038 764 2078 804 δι
2095 763 2211 806 insti·

1253 823 1351 865 tutis
1372 821 1643 878 Regularibus
1673 819 1930 875 hujusmodi,
1956 821 2077 864 etiam
2095 824 2212 864 Men-

1252 879 1506 932 dicautibus,
1523 880 1561 921 δι
1578 878 1821 936 quibuslibet
1848 880 2026 936 personis
2042 880 2213 936 Regula.

1252 941 1361 984 ribus
1378 966 1393 989 ‚
1421 949 1503 982 tam
1520 938 1658 994 vigore
1684 938 1990 995 privilegiorum
2028 940 2067 982 δι
2096 941 2212 982 litte·

1249 1013 1387 1043 sarum
1414 995 1739 1054 Apostolicarum
1765 1026 1781 1048 ,
1811 998 1933 1054 quim
1960 999 2058 1041 vivae
2100 1000 2212 1040 vocis

1250 1057 1446 1109 oraculo,
1469 1066 1536 1099 aut
1567 1056 1664 1100 alias
1690 1056 1833 1112 quovis
1856 1056 1980 1099 modo
2009 1071 2080 1111 per
2092 1055 2212 1112 quos·

1251 1130 1410 1172 cunque
1433 1117 1641 1159 Romanos
1666 1113 1883 1158 Pontifices
1908 1113 2211 1158 Praedeceffores

1249 1175 1405 1220 nostros
1421 1202 1437 1226 ,
1462 1188 1504 1217 ac
1522 1178 1608 1218 Nos
1620 1175 1661 1216 δι
1677 1173 1948 1228 Apostolicam
1975 1174 2124 1217 Sedem
2142 1175 2212 1215 ha-

1247 1236 1381 1278 &cnus
1396 1230 1597 1276 concessas
1613 1261 1627 1285 ,
1644 1230 1901 1276 confirmatas
1917 1262 1931 1285 ,
1950 1235 2212 1289 approbatas,

1246 1294 1288 1334 δι
1318 1292 1527 1334 innovatas
1556 1319 1569 1342 ,
1597 1292 1861 1344 auctoritate,
1890 1294 1926 1334 8ι
1954 1304 2093 1334 tenore
2112 1304 2211 1346 prae·

1247 1349 1362 1391 dietis
1377 1349 1573 1405 perpetuo
1590 1361 1843 1400 revocamus,
1853 1346 2060 1398 eaflamus,
2074 1347 2213 1390 annul·

1249 1408 1381 1451 lamus
1395 1437 1410 1458 ,
1424 1408 1464 1449 81.
1480 1408 1736 1460 abrogamus,
1748 1406 1789 1448 δι
1808 1406 1858 1449 ad
1877 1406 2131 1463 presentium
2147 1419 2216 1448 no-

1251 1467 1422 1511 strarum
1438 1466 1665 1509 litteratum
1683 1466 1951 1522 praef'criptum
1979 1465 2213 1509 reducimus

1249 1524 1580 1568 &moderamur·
1613 1526 1709 1567 Non
1735 1523 1987 1568 obstantibus
2011 1522 2213 1580 quibusvis

1249 1581 1622 1627 constitutionibus
1634 1582 1675 1622 δι
1687 1581 2026 1625 Ordinationibus
2041 1582 2213 1638 Aposto-

1252 1642 1342 1684 licis
1361 1669 1375 1692 ,
1396 1655 1442 1682 ae
1455 1640 1677 1683 eorundem
1691 1640 1893 1683 Ordinum
1908 1668 1923 1691 ‚
1951 1644 1991 1684 δι
2005 1641 2212 1684 Instituto-

1253 1714 1343 1742 rum
1373 1698 1638 1754 chularium
1653 1727 1668 1750 ,
1693 1700 1814 1742 etiam
1829 1699 2089 1755 juramento,
2112 1712 2211 1741 con·

1253 1757 1480 1801 firmatione
1511 1761 1541 1798 Α
1549 1756 1739 1813 pollolica
1755 1782 1770 1804 ,
1785 1759 1846 1799 vel
1867 1758 2004 1815 quavis
2022 1758 2215 1802 firmitate

1252 1818 1331 1858 alia
1349 1815 1552 1857 roboratis
1565 1815 1718 1856 statutis
1734 1844 1750 1864 ,
1769 1817 1806 1856 δι
1820 1815 2178 1859 consuetudinibus
2192 1845 2208 1867 ,

1252 1871 1471 1931 privilegiis
1501 1885 1661 1929 quoque
1686 1870 1853 1914 indultis
1876 1873 2079 1915 &litteris
2102 1876 2214 1927 Apo-

1252 1932 1402 1975 stolicis
1415 1959 1432 1982 ,
1446 1932 1568 1973 ctiam
1582 1931 1694 1972 Mare
1711 1933 1904 1983 Magnum
1922 1957 1937 1979 ‚
1963 1932 2003 1972 δι
2018 1929 2130 1973 Bulla
2145 1944 2219 1972 au·

1255 2003 1323 2032 rea
1341 1997 1568 2043 nuncupata
1583 1986 1736 2028 eisdem
1763 1989 1988 2031 Ordinibus
2003 2016 2018 2038 ,
2047 1990 2087 2030 δι
2101 1989 2218 2031 Insti-

1255 2045 1357 2089 tutis
1371 2070 1385 2090 ,
1398 2056 1622 2095 eorumque
1635 2045 1904 2094 Monasteriis,
1917 2047 2218 2095 conventibus,

1256 2103 1460 2158 Collegiis
1475 2130 1491 2153 ,
1506 2101 1703 2144 Domibus
1716 2129 1732 2154 ,
1747 2103 2030 2158 Superioribus
2042 2128 2057 2151 ,
2069 2103 2109 2144 8(
2123 2116 2219 2159 per·

1257 2162 1363 2203 sonis
1398 2161 1437 2201 in
1462 2161 1714 2202 contrarium
1744 2159 2024 2215 praemifforum
2039 2174 2215 2216 quomo-

1258 2219 1357 2261 libet
1376 2216 1873 2272 eoneeffis,confirmatis,
1896 2221 1936 2261 δι
1962 2219 2210 2275 approbatis.

1255 2276 1416 2334 Quibus
1431 2276 1617 2317 omnibus
1633 2277 1672 2317 δι
1689 2275 1848 2333 lingulis
1864 2304 1878 2327 ,
1910 2278 2061 2320 etiamfi
2078 2292 2152 2334 pro
2169 2278 2216 2322 il-

1257 2335 1391 2379 lorum
1407 2332 1616 2379 sufficienti
1639 2334 1905 2390 derogatione
1937 2337 1988 2380 de
2008 2337 2087 2379 illis
2104 2363 2118 2386 ,
2146 2351 2216 2381 eo-

1256 2406 1426 2451 rumque
1444 2394 1540 2437 totis
1556 2394 1765 2436 tenoribus
1783 2393 1965 2451 specialis
1984 2423 1998 2447 ,
2016 2390 2217 2450 specifica,

1256 2450 1433 2509 expressa
1446 2481 1459 2504 ,
1472 2467 1518 2495 ac
1535 2452 1588 2497 dc
1606 2452 1731 2494 verbo
1747 2453 1797 2496 ad
1814 2454 1981 2496 verbum
1995 2482 2011 2504 ,
2041 2466 2122 2495 non
2141 2468 2215 2496 au-

1256 2523 1340 2555 tem
1366 2524 1437 2569 per
1459 2510 1655 2554 clausulas
1690 2511 1899 2568 generales
1928 2512 2036 2554 idem
2066 2513 2216 2566 impor-

1255 2581 1389 2615 tantes
1405 2570 1560 2612 mentio
1574 2596 1589 2618 ,
1606 2570 1669 2613 stu
1685 2572 1832 2627 quavis
1845 2570 1924 2614 alia
1937 2568 2132 2625 expreffio
2150 2570 2216 2611 ha-

1256 2629 1386 2674 benda
1404 2625 1531 2680 soret,
1545 2638 1706 2674 tenores
1720 2628 1941 2680 huiusmodi
1956 2627 2212 2684 praesentibus

1253 2704 1329 2748 pro
1347 2686 1536 2744 expreffis
1553 2716 1568 2738 ,
1583 2689 1621 2728 &
1639 2691 1689 2730 ad
1709 2690 1873 2731 verbum
1888 2686 2044 2731 insertis
2061 2686 2217 2729 haben-

1254 2760 1344 2799 tes,
1374 2747 1455 2790 illis
1478 2745 1573 2788 aliis
1589 2747 1627 2788 in
1649 2745 1716 2790 suo
1744 2745 1890 2790 robore
1923 2743 2184 2804 permansuris
2200 2772 2215 2795 ,

1255 2809 1326 2851 hac
1359 2805 1450 2849 viee
1471 2804 1683 2848 dumtaxat
1706 2804 1937 2860 specialiter
1959 2807 1997 2846 &
2028 2803 2215 2860 expresse

1256 2863 1525 2918 derogamus,
1549 2862 1779 2916 caeterisque
1811 2863 2028 2906 contrariis
2054 2862 2214 2917 quibus·

1256 2933 1414 2977 cunque
1428 2950 1441 2962 .
1458 2918 1660 2962 Volumus
1673 2926 1808 2961 autem
1822 2947 1837 2970 ,
1864 2929 1907 2960 ut
1929 2919 2215 2975 presentium..

1256 2978 1535 3034 transumptis,
1549 2978 1672 3019 etiam
1689 2975 1895 3031 imprcllis,
1910 2989 2024 3018 manu
2040 2978 2213 3034 alicujus

1256 3038 1424 3082 Notarii
1437 3036 1585 3091 publici
1600 3032 1828 3090 subscriptis
1845 3062 1860 3085 ‚
1890 3036 1930 3077 δι
1944 3035 2072 3089 ligillo
2087 3036 2212 3078 alieu-

1255 3096 1314 3153 jus
1336 3097 1508 3151 perffinae
1531 3093 1572 3135 in
1591 3093 1792 3150 dignitate
1821 3093 2095 3137 Ecclefiastica
2117 3109 2215 3137 con·

1255 3155 1401 3198 stitutae
1422 3152 1613 3203 munitis,
1640 3151 1777 3195 eadem
1801 3150 1901 3194 fides
1923 3152 2114 3194 habeatur
2131 3150 2213 3196 ubi-

1256 3227 1334 3270 que
1348 3242 1363 3265 ,
1375 3227 1461 3268 quae
1476 3209 1732 3268 praesentibus
1753 3211 1764 3252 i
1768 3211 1843 3268 pfis
1868 3210 2127 3267 originalibus
2143 3211 2213 3254 lit-

1258 3273 1359 3316 teris
1373 3272 1586 3316 haberetur
1600 3297 1613 3311 .

1374 3334 1523 3375 Datum
1550 3331 1692 3371 Romae
1719 3327 1824 3383 apud
1838 3330 2023 3372 sanetum
2048 3329 2212 3372 Petrum

1258 3392 1325 3435 finb
1338 3389 1502 3434 Annulo
1517 3388 1664 3431 Piscat.
1682 3386 1749 3431 die
1761 3401 1835 3430 xxi
1850 3402 1864 3430 1
1879 3401 1912 3428 1.
1929 3385 2022 3443 Maji
2037 3401 2210 3432 nncvt.

1254 3446 1518 3495 Pontificatiis
1533 3446 1656 3490 nostri
1671 3449 1792 3489 Anno
1806 3446 1948 3490 Primo
1970 3472 1984 3487 .

1312 3566 1419 3611 Ball.
1436 3567 1547 3606 Rom.
1564 3564 1643 3612 (σε.
1662 3563 1712 3612 (5
1724 3565 1765 3604 t'n
1782 3563 1901 3606 Arcb.
1915 3566 2094 3622 generali
2110 3564 2205 3608 Ord-

1372 3627 1561 3669 Armart'o
1577 3620 1830 3667 Authentica
1843 3650 1858 3666 .

1996 3790 2153 3839 NOTA
