2444 4192
409 128 519 212 16

343 283 622 358 Episcopum
655 291 722 339 N.
759 306 872 341 eum
901 292 1209 360 stigmatibus
1238 295 1320 344 Di·

413 377 525 409 vum
546 362 596 411 1³.
620 360 913 412 Franciscum
943 365 1070 433 pingi
1100 382 1190 414 non
1222 363 1319 433 pos·

408 430 457 482 se
490 449 569 500 per
600 434 774 483 litteras
809 432 1099 503 spargentem
1117 470 1136 494 ,
1166 435 1225 484 ad
1255 434 1321 484 sa-

407 505 541 554 niora
571 503 721 554 redire
744 504 907 568 Jubet.

339 634 828 690 GREGORIUS
868 636 1317 691 EPISCOPUS

527 765 702 808 seavus
734 767 995 810 Si—:iwoittm
1029 766 1111 808 Dei

468 881 537 927 Ad
569 892 809 939 perpetuam
839 884 900 926 rei
933 882 1201 927 memoriam·

466 999 687 1046 Venerabili
709 1002 885 1047 Fratri,
910 999 1094 1056 Episcopo
1115 1002 1170 1043 N.
1185 1028 1199 1051 ,

527 1058 708 1117 filati-ni
722 1086 737 1109 ‚
767 1059 822 1108 ὰ
849 1060 1110 1115 Apostolicam

657 1116 966 1161 benedic-voum
979 1143 991 1155 .

466 1242 571 1295 Sque
596 1238 647 1280 ad
674 1239 875 1281 terminos
901 1237 1026 1280 Orbis
1050 1239 1188 1282 Terrae
1214 1255 1317 1298 prae·

479 1299 719 1353 sumptionis
734 1309 814 1342 tuae
831 1297 937 1354 figna
953 1299 1207 1353 protendens
1219 1327 1234 1351 ,
1246 1316 1313 1356 pa-

327 1368 462 1401 tentes
493 1357 662 1406 literas,
688 1357 939 1400 exhibendas
968 1358 1163 1400 univerfis
1188 1360 1314 1404 Chri-

327 1415 564 1461 flifidelibus
582 1445 597 1468 ‚
625 1417 789 1460 cuidam
831 1418 881 1460 ad
915 1413 1177 1460 sobrietatem
1205 1419 1312 1475 sper·

323 1479 440 1521 nenti
463 1474 629 1531 sapere,
656 1491 702 1518 ac
734 1476 1028 1520 damnabiliter
1053 1476 1204 1520 dedito
1226 1478 1311 1521 bla-

325 1535 521 1594 sphemiis
540 1564 555 1587 ,
586 1549 708 1577 manu
735 1533 895 1579 lubrici
924 1535 1146 1580 concessisti
1167 1549 1183 1589 3
1215 1550 1312 1595 quas

323 1594 436 1639 inter
461 1594 596 1651 aliqua
612 1595 760 1651 pietati
785 1593 1018 1637 conformia
1034 1625 1050 1646 ,
1074 1598 1115 1639 δι
1129 1598 1311 1653 quaedam

324 1654 505 1698 obnoxia
538 1655 736 1710 pravitati
771 1654 987 1696 continere
1018 1657 1265 1712 percipimus
1295 1671 1309 1700 :

327 1714 442 1770 quod
468 1714 596 1769 (cum
616 1714 722 1756 totus
743 1713 876 1756 Patris
893 1713 1049 1757 AEterni
1067 1714 1196 1758 Pilius
1220 1713 1309 1758 fise·

323 1774 381 1815 sit
398 1786 474 1828 pro
495 1771 670 1815 humani
687 1772 816 1816 salute
845 1772 1063 1816 crucifixus
1078 1803 1093 1826 ‚
1118 1777 1157 1818 δι
1185 1775 1306 1831 ipfius

322 1830 521 1874 duntaxat
541 1832 959 1884 vulnera,devotione
975 1832 1141 1891 supplici
1156 1833 1306 1877 adora·

322 1904 372 1934 se
398 1890 547 1934 debeat
576 1890 726 1948 religio
750 1890 1017 1950 Christiana)
1048 1906 1123 1936 nec
1156 1895 1305 1937 Beatus

320 1947 592 2001 franciscus,
623 1965 754 2007 neque
771 1954 1015 1995 sanctorum
1038 1952 1184 2010 aliquis
1208 1967 1305 1998 cum

321 2009 592 2065 stigmatibus
609 2010 655 2052 iit
672 2010 712 2052 in
726 2009 900 2053 Ecclesia
915 2012 992 2054 Dei
1007 2010 1304 2068 depingendus.

320 2070 381 2111 Et
409 2067 520 2122 quod
550 2079 723 2122 peceat,
757 2070 826 2122 qui
850 2071 1112 2109 contrarium
1140 2067 1306 2114 suerit,

316 2126 440 2181 eique
462 2134 656 2180 tanquam
678 2123 847 2166 inimico
870 2120 966 2167 fidei
982 2123 1096 2166 nulla
1114 2122 1307 2165 ereduli-

314 2193 384 2229 ιιι
397 2182 551 2225 debeat
564 2182 781 2222 adhibes-is
795 2183 936 2229 snper
946 2188 1032 2230 quo
1059 2187 1141 2216 non
1165 2173 1303 2216 modi·

316 2252 414 2285 eum
428 2237 674 2278 admirantes
689 2261 704 2285 ‚
727 2246 815 2291 que
828 2230 875 2276 fit
889 2229 1004 2276 causa
1022 2231 1209 2276 suafionis
1227 2234 1300 2275 bu-

315 2291 1303 2410 tatami‘faffzffl‘issz‘z‘ffiffififfzssssiitss3

317 2409 656 2462 commendabilis
676 2412 909 2462 habeatur,
932 2409 1046 2467 quod
1069 2409 1095 2453 ii
1124 2424 1236 2463 tion,
1262 2413 1304 2455 in

320 2474 579 2521 oblivionem
595 2484 613 2515 e
636 2472 674 2514 ἃ
689 2470 751 2513 Tu
768 2469 932 2513 indutus
949 2468 1091 2525 spiritu
1116 2471 1303 2527 penitu-

315 2536 426 2579 dinis
445 2532 496 2575 ad
521 2530 816 2588 suggerendum
845 2528 1024 2574 salutare
1049 2530 1302 2574 contrarium

316 2604 534 2654 promptus
551 2621 566 2643 ,
594 2588 783 2635 &facilis
810 2589 997 2633 habearis
1013 2601 1028 2632 ε
1056 2590 1212 2633 etenim
1237 2589 1300 2635 su·

315 2668 392 2711 per
420 2653 479 2696 liis
506 2665 555 2694 es
581 2665 636 2694 eo
658 2649 852 2706 sumpsisti
879 2647 1046 2692 forsitan
1079 2662 1299 2708 argumen-

316 2725 409 2758 tum
422 2738 437 2762 ‚
460 2708 569 2768 quod
587 2714 632 2752 ut
654 2710 845 2753 indecem
861 2708 901 2751 in
918 2709 1112 2760 subditis,
1135 2717 1180 2752 ut
1198 2708 1297 2753 talia

314 2772 387 2819 fibi
416 2770 664 2827 pretendant
694 2767 860 2825 insignia
886 2768 1075 2824 Capitis.
1120 2764 1185 2811 Ad
1215 2769 1299 2812 linc

314 2830 481 2891 quidem
497 2828 764 2885 providentes
783 2825 1038 2885 propoiitum
1053 2855 1069 2880 ‚
1100 2828 1167 2871 seu
1179 2841 1297 2871 coin-

312 2889 514 2950 pendioie
531 2887 740 2945 prolatum
756 2885 833 2931 eil'e
847 2914 863 2939 ‚
890 2883 1121 2931 dummodo
1137 2884 1296 2943 supple-

317 2961 414 3001 ret,
444 2950 512 2991 niti
546 2951 599 2991 de
626 2947 788 3006 speciali
831 2946 963 3002 grati(
999 2946 1147 3003 cuique
1170 2946 1295 2990 bene·

315 3010 467 3055 merito
481 3006 642 3063 insignia
661 3004 889 3063 hujusmodi
911 3002 997 3049 sunt
1015 3002 1199 3049 concess'a
1216 3034 1231 3058 ,
1259 3007 1299 3049 dt

317 3075 345 3116 fi
360 3082 443 3114 non
458 3065 586 3111 multa
603 3077 715 3124 ,quc
730 3060 948 3123 poffumus,
961 3073 1098 3108 tamen
1114 3065 1297 3109 breviter

314 3129 495 3188 quaedam
527 3124 753 3183 prandium
784 3122 999 3182 perspicue
1025 3123 1199 3168 rationis
1226 3125 1292 3168 lia·

318 3188 455 3233 ivr-ntia
486 3183 804 3243 respondemus,
833 3182 1028 3228 videlicet
1045 3212 1060 3235 ,
1088 3182 1198 3242 quod
1218 3183 1293 3228 Dei

317 3245 508 3300 sapientia
526 3272 541 3296 ,
571 3257 658 3302 quc
682 3244 736 3287 de
761 3244 863 3287 limo
888 3252 1007 3287 terra
1032 3242 1202 3287 similem
1223 3241 1292 3287 fibi

317 3305 499 3348 formans
520 3305 755 3355 bominem,
782 3302 920 3346 similis
936 3302 1005 3346 fibi
1023 3301 1111 3347 sieri
1126 3315 1201 3359 per
1223 3304 1289 3346 ln·

313 3363 563 3407 carnationis
588 3361 854 3421 mysterium,
881 3370 926 3404 ut
957 3359 1081 3418 ipsum
1106 3361 1127 3404 l
1154 3372 1291 3406 morte

316 3422 571 3470 redimeret,
598 3436 678 3466 non
704 3419 980 3475 contempsit,
1005 3419 1201 3464 dileetum
1219 3420 1288 3464 fibi

317 3483 487 3525 Beatum
507 3480 754 3524 franciscum
772 3476 935 3521 suorum
960 3479 1092 3534 specie
1110 3481 1169 3523 Sti
1204 3494 1240 3523 ni

314 3550 403 3584 tum
418 3536 654 3580 decor-ivit.
689 3540 794 3597 Qioe
808 3537 1018 3581 temeritas
1033 3565 1047 3589 ,
1074 3493 1200 3595 quoi?

312 3607 480 3645 catum,
509 3594 533 3634 fi
559 3605 641 3637 tam
669 3594 864 3650 singulare
879 3595 1136 3653 privilegium
1161 3610 1180 3637 a

313 3653 517 3709 dulgentia
536 3654 718 3716 '‘leiti-im
737 3655 895 3707 pictura
911 3652 1190 3699 testificatione
1217 3668 1288 3710 pa·

316 3724 401 3759 test
432 3709 563 3754 oculis
593 3713 881 3754 nemincum?
908 3727 1071 3765 nonne,
1098 3724 1145 3757 ut
1174 3710 1285 3757 filea-

314 3785 407 3818 mus
418 3770 471 3817 de
488 3767 578 3815 aliis
590 3795 605 3822 ‚
617 3770 804 3828 princeps
815 3769 1102 3826 Apostolorum
1116 3772 1285 3817 eximius

1243 3494 1289 3523 g·

1249 3552 1291 3581 c.

1242 3610 1267 3639 ss

951 127 1115 220 Sub
1177 131 1533 251 Gregorio
1600 126 1759 221 IX.

1382 293 1481 337 licet
1498 292 1695 351 positione
1708 292 1911 346 dissimili,
1937 294 2186 352 quandoque
2213 291 2364 351 depiu-
2406 328 2408 330 .

1382 353 1494 410 gitur
1506 352 1724 397 crucifixus
1738 355 1755 395 ?
1782 353 1864 395 Sed
1881 354 1986 396 dicis
2003 355 2227 409 intrepidus
2241 383 2256 406 ,
2283 353 2363 396 alia

1382 413 1480 454 dum
1494 414 1650 468 padum
1666 412 1863 456 reformat
1879 414 1986 454 ratio
2003 441 2017 464 ,
2039 416 2131 469 quia
2146 428 2237 456 cum
2257 426 2363 467 prae-

1384 471 1505 513 teriri
1525 473 1751 528 nequiverit
1768 501 1784 524 ‚
1812 473 1922 529 quod
1943 472 1995 512 de
2017 471 2152 515 Cruce
2175 471 2363 514 futurum

1382 533 1535 573 veritas
1554 531 1751 586 judicavit
1766 562 1782 583 ,
1805 543 1941 588 neque
1959 530 2180 586 improprii·
2197 531 2364 587 suspen-

1380 588 1444 632 sus
1473 592 1513 632 in
1542 594 1681 634 Cruce
1708 591 1892 642 dicitur,
1924 602 1998 631 nec
2027 589 2256 646 incongrue
2281 588 2359 630 tali

1379 648 1592 692 damnatus
1607 648 1807 706 supplicio
1826 648 2026 703 figuratur
2041 679 2053 687 .
2069 649 2149 691 sed
2164 650 2216 691 de
2235 651 2363 696 fram

1376 706 1471 751 cisci
1496 711 1659 756 (truce,
1686 707 1751 751 vel
1778 707 2077 763 stigmatibus,
2100 708 2214 763 quod
2245 705 2358 749 veri-⁴

1376 766 1473 808 tatis
1500 764 1731 820 judicium?
1760 766 1871 822 quod
1897 764 2110 822 probabile
2136 779 2357 822 argumen-

1376 825 1498 868 tum?
1525 825 1577 869 de
1599 827 1739 868 Cruce
1758 825 1952 883 siquidem
1973 836 2074 870 nota
2095 823 2244 868 saeculis
2270 825 2356 867 vita

1378 883 1501 939 ipfius
1530 882 1799 939 respondeat,
1824 886 1963 941 quod,
1997 885 2205 941 postquam
2238 883 2358 926 Reli-

1377 943 1511 998 gionis
1538 941 1739 1000 affumpfit
1764 946 1990 996 Habitum,
2015 944 2199 988 vacando
2227 943 2359 985 virtu-

1377 1002 1488 1044 tibus
1501 1029 1517 1052 ,
1543 1004 1678 1045 carnis
1704 1003 1942 1044 continuum
1957 1002 2080 1057 subiit
2094 1003 2324 1046 cruciatum
2340 1013 2356 1044 ε

1375 1061 1439 1104 De
1454 1060 1721 1115 stigmatibus
1740 1059 1840 1102 vero
1853 1059 1994 1115 plures
2010 1059 2091 1102 fide
2108 1060 2329 1117 dignissimi
2340 1087 2359 1112 ,

1377 1133 1478 1177 quos
1495 1118 1679 1161 miraculi
1695 1118 1798 1161 tanti
1814 1118 1998 1162 conscios
2024 1119 2169 1162 divinae
2197 1118 2357 1172 placuit

1376 1179 1554 1223 reddere
1582 1179 1760 1235 pietati,
1787 1178 2061 1221 testimonium
2082 1178 2121 1221 in
2140 1178 2360 1227 veritati-„->

1376 1238 1646 1296 perhibeant:
1674 1238 1715 1280 δι
1741 1237 1793 1280 ad
1823 1237 1947 1294 ipsum
1972 1240 2053 1281 hoc
2069 1236 2201 1282 fidelis
2217 1241 2357 1281 Mater

1377 1296 1563 1343 Ecclesia
1578 1295 1815 1354 suffragetur
1827 1323 1842 1347 s
1859 1311 1943 1355 quae
1956 1311 2007 1341 ex
2021 1297 2252 1350 hujusmodi
2272 1297 2352 1339 mi·

1375 1357 1522 1402 raculo
1539 1371 1634 1400 cum
1663 1356 1801 1401 multis
1826 1357 1916 1401 aliis
1931 1356 2073 1401 debita
2094 1355 2367 1403 solemnitate,

1377 1420 1556 1476 probato
1584 1417 1743 1461 causam
1776 1416 1990 1474 specialem
2020 1416 2164 1460 habuit
2191 1445 2222 1469 ‚.
2242 1413 2359 1472 quod

1375 1477 1555 1523 eundem
1572 1478 1763 1521 Sanctum
1780 1479 1999 1520 Beatorum
2022 1475 2222 1533 catalogo
2236 1488 2356 1518 reve·

1375 1547 1517 1582 renter
1541 1535 1718 1592 ascripfit
1735 1569 1749 1578 .
1779 1537 1895 1597 Qid
1911 1537 1961 1580 ad
1981 1537 2048 1578 iiia
2067 1537 2174 1593 quast
2193 1534 2351 1578 mundo

1374 1599 1538 1656 publica
1551 1622 1567 1646 2
1595 1599 1633 1639 &
1655 1596 1744 1640 ribi
1760 1610 1833 1653 per
1849 1595 2101 1653 consequens
2118 1610 2200 1639 non
2230 1596 2357 1650 igno-

1373 1669 1441 1708 ta,
1468 1657 1541 1701 nisi
1555 1654 1671 1713 quod
1687 1655 1913 1698 voluntatis
1938 1655 2152 1699 arbitrium
2177 1662 2352 1710 praten-

1369 1719 1470 1763 dens
1484 1747 1501 1770 ,
1516 1717 1584 1760 vel
1604 1714 1817 1773 preferens
1836 1714 2010 1757 consilio
2031 1713 2203 1756 rationis
2215 1742 2231 1765 ,
2246 1715 2359 1762 Nos,

1368 1777 1436 1823 vel
1456 1780 1589 1821 Deum
1605 1775 1757 1833 potitis,
1772 1774 1900 1831 gratis
1920 1772 2093 1816 offendis
2109 1800 2124 1822 ,
2138 1787 2186 1815 ac
2211 1777 2356 1828 utique

1367 1837 1613 1881 dilefiiorum
1628 1836 1821 1878 Fratrum
1837 1834 2049 1877 Minorum
2070 1833 2268 1879 Ordinem
2283 1858 2299 1883 ,
2311 1831 2357 1874 de

1366 1897 1547 1941 devotos
1561 1894 1697 1941 eidem
1712 1894 1832 1937 nimis
1855 1891 2089 1949 improvide
2107 1891 2352 1947 perturbas?

1367 1957 1432 2001 Ad
1459 1971 1536 2000 cor
1563 1955 1717 2012 igitur,
1745 1954 1814 2008 qui
1839 1965 1886 1995 os
1913 1953 1955 1994 in
1980 1951 2134 1994 coelum
2160 1947 2356 2004 posuisti,

1365 2016 1452 2069 (ut
1470 2016 1523 2056 de
1539 2013 1705 2064 reliquo
1719 2010 1940 2065 taceatur)
1967 2008 2046 2049 fine
2072 2019 2188 2049 mora
2214 2018 2360 2051 rever-1,

1365 2078 1456 2112 tere
1471 2095 1486 2119 ,
1514 2068 1564 2110 ad
1583 2068 1688 2109 iram
1703 2065 1864 2120 superni
1888 2062 2036 2122 judicis
2050 2065 2352 2122 mitigandamj

1366 2124 1662 2174 nudi-inscitie
1682 2150 1684 2153 -
1789 2122 1936 2172 itentis
1953 2132 2146 2175 prompta
2161 2123 2352 2179 diligen·

1365 2173 1424 2220 tit
1449 2202 1465 2226 ,
1495 2175 1522 2219 ii
1548 2173 1658 2219 sorte
1686 2134 1944 2230 moffibsse
1977 2177 2211 2232 provisurus
2230 2208 2247 2232 ‚
2281 2179 2350 2224 rel

1364 2234 1597 2280 scandalum
1610 2232 1769 2291 ,quod‚
1781 2234 2032 2291 quantumin
2050 2237 2110 2279 Te
2126 2234 2201 2280 fiiit
2215 2267 2225 2281 t
2245 2238 2349 2283 uai-

1366 2293 1545 2338 verfitati
1564 2293 1747 2337 fidelium
1765 2307 1839 2351 per
1865 2294 2073 2350 predictas
2098 2296 2264 2341 intulisti
2285 2298 2343 2341 li-

1366 2363 1474 2398 teras
1489 2382 1506 2407 ,
1530 2352 1719 2398 deleatur
1734 2381 1750 2404 ‚
1761 2352 1803 2396 dt
1815 2353 2018 2397 dictorum
2035 2356 2225 2399 Fratrum
2239 2356 2348 2402 Col·

1365 2413 1472 2471 legia
1498 2414 1539 2457 in
1561 2413 1772 2458 Teutoni:
1793 2412 1976 2469 partibus
2006 2413 2046 2456 in
2074 2418 2343 2462 reverentia.»

1364 2475 1441 2517 sint
1468 2472 1692 2518 consuetas
1714 2471 1856 2531 quod,
1883 2482 1929 2515 ut
1947 2472 2063 2516 tanto
2086 2472 2242 2521 facilius
2261 2490 2340 2521 au-

1361 2536 1475 2577 &ore
1487 2532 1582 2576 Deo
1606 2532 1825 2591 provenire
1851 2532 2014 2580 valcat,
2043 2536 2198 2589 quanto
2223 2538 2337 2594 pium

1361 2591 1451 2636 sore
1481 2590 1736 2649 dignoscitur
1756 2618 1774 2645 ,
1811 2601 1856 2635 ut
1890 2591 1930 2634 in
1963 2589 2110 2635 futuro
2139 2594 2339 2649 vulnere,

1358 2666 1447 2710 quie
1466 2649 1605 2696 iiilutis
1619 2649 1724 2705 sunt,
1737 2650 1863 2695 etiam
1879 2661 2079 2719 operetur
2093 2680 2108 2705 ‚
2128 2654 2339 2698 fraterni·

1361 2713 1436 2759 tati
1454 2721 1530 2756 tiioe
1551 2710 1593 2755 in
1622 2711 1775 2756 virtute
1801 2709 2046 2755 obedientie
2071 2725 2143 2769 per
2161 2713 2338 2771 Aposto-

1359 2773 1438 2820 lica
1464 2769 1611 2828 scripta
1640 2770 1912 2828 precipiendo
1943 2769 2211 2827 mandamus,
2233 2787 2339 2831 qua-

1358 2826 1486 2879 tenus·
1504 2828 1623 2875 cordl
1654 2839 1733 2875 tuo
1762 2843 1839 2887 pro
1870 2827 2039 2874 solemni
2058 2842 2164 2876 voto
2181 2832 2334 2876 consti-

1359 2903 1475 2938 tuens
1489 2918 1505 2942 ,
1528 2889 1637 2946 quod
1659 2889 1803 2947 aliquis
1826 2887 1879 2933 de
1900 2899 2052 2935 coeteto
2075 2891 2227 2947 aliquid
2246 2920 2261 2944 ,
2283 2904 2335 2935 ex

1361 2964 1447 3010 quo
1489 2951 1680 2992 rovocari
1701 2950 1866 3005 superna
1883 2948 2067 3006 Maiestas
2081 2979 2097 3003 ,
2125 2949 2187 2994 vel
2210 2950 2335 2995 Sedes

1360 3016 1455 3069 Apo
1487 3007 1595 3051 olica
1624 3006 1725 3064 juste
1752 3007 1904 3053 turbari
1936 3008 2069 3055 valeat
2097 3037 2114 3063 ,
2155 3023 2239 3054 uon
2271 3019 2335 3052 at-

1360 3078 1520 3115 tentans
1534 3095 1549 3119 ,
1574 3067 1804 3124 pradictum
1819 3064 2108 3139 privilegium,
2130 3082 2217 3126 quo
2238 3068 2326 3112 cel-

1358 3126 1541 3174 situdinis
1558 3126 1714 3171 Divina
1734 3125 1921 3183 dignatio
1935 3127 1990 3171 sui
2011 3124 2332 3174 eonfeirorem..

1357 3187 1537 3234 nominis
1555 3184 1735 3231 reddidit
1762 3184 2012 3243 gloriosum,
2038 3185 2333 3232 damnabiliter

1354 3246 1440 3291 inni
1470 3260 1539 3291 ere
1559 3272 1575 3299 ‚
1613 3254 1683 3289 aut
1711 3245 1939 3302 impingere
1965 3243 2182 3290 calumniis
2210 3260 2327 3290 non.»

1352 3301 1941 3409 {s‘izss‘stsms‘gsiiff’sa.⁵”
1960 3302 2329 3408 iss‘mnfiil'iissff.

1917 3391 1932 3416 1
2071 3390 2086 3413 2

1352 3425 1442 3467 aliis
1470 3421 1902 3479 habeatur‚quantiiin
1927 3422 1967 3466 in
1992 3423 2053 3467 Te
2075 3420 2224 3475 suerit,
2253 3425 2327 3467 liu-

1355 3483 1440 3526 mili
1458 3481 1685 3525 devotione
1701 3493 1923 3537 procures,
1949 3478 2121 3526 firmiter
2144 3482 2326 3527 creditu·

1353 3555 1446 3591 rui,
1469 3539 1580 3598 quod
1605 3538 1711 3582 idem
1727 3542 1922 3592 sandius,
1946 3541 2037 3586 ci'im
2059 3541 2192 3586 adbuc
2217 3556 2327 3585 mor-

1228 3596 1238 3638 i
1271 3617 1289 3629 ·
1351 3599 1521 3644 talitatis
1536 3596 1731 3642 Habitum
1746 3596 1976 3653 bajularet,
2004 3599 2200 3656 predictis
2215 3602 2327 3658 Stig-

1350 3657 1523 3701 matibus
1541 3656 1678 3699 estitit
1705 3656 1939 3714 insignitus,
1967 3660 2007 3702 δι
2025 3659 2123 3702 licet
2150 3660 2218 3703 illa
2246 3658 2326 3703 visa

1346 3716 1532 3821 gluribus
1547 3745 1562 3768 ‚
1590 3713 1670 3771 ipse
1684 3725 1874 3772 tanquam
1890 3729 2155 3763 contemnens
2180 3718 2323 3764 laudes

1375 3775 1558 3819 ominum
1572 3802 1586 3829 ,
1609 3774 1831 3833 vacansque
1851 3778 2169 3836 contemplanda
2184 3777 2325 3879 gulfe-

2214 3849 2270 3881 ini
