2444 4192
930 160 1089 242 sub
1156 157 1398 242 Paulo
1466 155 1565 241 V·

261 306 382 353 sentis
400 302 567 347 Deci-eti
584 304 732 347 virtute
753 304 930 359 praecipit
947 335 962 356 ‚
992 312 1032 350 &
1059 310 1219 353 mandat

263 364 446 410 omnibus
469 365 507 404 &
541 364 699 419 lingulis
724 364 992 404 Generalibus
1005 392 1018 412 ,
1052 368 1218 408 Provin-

261 422 428 467 cialibus
442 449 458 473 ,
491 421 774 464 Commiffariis
799 449 815 472 ,
847 421 1034 463 Ministris
1046 453 1061 475 ,
1091 425 1214 464 Praefi-

263 481 453 526 dentibus
468 509 483 532 ,
498 481 748 532 Abbatibus,
765 478 972 520 Prioribus
986 509 1002 531 ,
1032 481 1216 533 Praepon-

261 540 314 580 tis
327 566 342 590 ,
358 539 623 593 Guardianis,
637 538 804 581 Vicariis
819 566 835 590 ‚
865 537 902 577 δι
917 538 1213 592 quibuscunque

259 597 346 639 aliis
376 598 658 652 Superioribus
691 595 1025 639 Monasteriorum
1049 624 1064 648 ,
1097 596 1212 636 Con-

260 664 454 698 ventuum
467 684 482 709 ‚
497 658 534 698 &
551 659 772 699 Domorum
787 683 802 708 ,
825 654 967 710 quovis
992 654 1208 697 nomine-a

257 725 540 769 nuncupentur
554 743 571 768 ,
584 715 782 758 Ordinum
792 742 809 767 ,
821 714 1212 768 Congregationum,

257 774 298 815 δι
314 772 596 817 institutorum
607 803 623 827 ‚
650 784 729 816 tam
743 773 1032 816 Monachorum
1045 799 1061 824 ,
1091 771 1209 827 quam

256 830 581 874 Mendicantium
597 861 612 885 ,
628 834 668 875 δι
680 844 762 875 non
777 830 1096 875 Mendicantium
1125 830 1209 871 Re-

256 888 457 944 gularium
471 902 800 946 quorumeunque
827 890 1079 933 existentium
1104 886 1210 928 intra

253 946 352 990 fines
370 946 521 1002 Italiae,
547 951 586 992 δε
601 949 821 993 Insularum
844 948 1107 1004 adjacentium
1119 974 1136 998 ,
1166 954 1212 987 ut

252 1004 392 1062 finguli
416 1006 489 1059 ,ad
505 1022 604 1064 quos
619 1009 824 1063 pertinet,
854 1009 895 1051 in
907 1006 1088 1064 qualibet
1112 1009 1212 1047 Pro-

252 1064 412 1117 vincia,
447 1066 635 1109 adhibitis
661 1067 819 1112 duobus
836 1074 904 1110 aut
918 1066 1045 1110 tribus
1064 1067 1210 1108 Mona·

253 1124 341 1165 eliis
354 1151 369 1174 ,
385 1124 602 1166 Fratribus
595 1138 641 1166 ve
657 1122 712 1167 sui
731 1126 896 1169 Ordinis
909 1155 925 1179 ,
940 1125 1006 1169 vel
1024 1126 1211 1178 Congre-

251 1181 424 1236 gationia
449 1182 771 1236 probatioribus,
797 1186 835 1226 δι
856 1187 1003 1236 τοτυηιζ
1018 1182 1086 1224 usu
1100 1180 1211 1237 peri-

250 1238 444 1281 tioribus,
455 1237 556 1280 bona
570 1238 792 1282 immobilia
808 1269 824 1292 ,
838 1243 994 1292 censius,
1008 1240 1209 1289 redditus,

249 1296 292 1338 δε
308 1306 536 1351 proventus
565 1309 708 1340 omnes
721 1325 738 1351 ,
759 1297 968 1341 consuetas
982 1299 1077 1338 item
1101 1296 1211 1338 elee-

254 1354 467 1411 mosynas,
495 1356 841 1402 &obvenfioneu
873 1366 956 1399 tam
979 1366 1212 1398 communes

258 1412 587 1457 Monasteriorum
600 1445 616 1467 ,
643 1417 934 1459 Conventuum
947 1445 962 1468 ,
988 1416 1028 1456 δι
1057 1416 1210 1457 Domo-

258 1485 347 1514 rum
370 1469 545 1527 ejusdem
572 1472 821 1526 Provincia,
849 1475 968 1529 quam
990 1472 1113 1515 etiam
1139 1470 1212 1516 fin·

250 1530 454 1585 gularibus
467 1528 644 1587 personis
660 1531 875 1588 Religiofis
889 1531 1095 1587 affignatas
1111 1552 1130 1580 2,
1149 1527 1214 1571 seu

250 1587 455 1645 permiffas
481 1617 497 1642 ,
523 1589 562 1631 in
589 1603 846 1634 communem
887 1589 997 1632 usum
1023 1588 1212 1642 deinceps

252 1645 548 1698 conferendas,
577 1647 719 1690 decem
742 1662 936 1691 annorum
964 1646 1213 1689 diversorum

250 1703 387 1746 habita
400 1705 557 1746 ratione
571 1731 588 1756 ,
613 1703 831 1760 diligenter
856 1720 902 1748 ac
919 1703 1074 1747 mature
1098 1716 1214 1745 reco-

251 1761 470 1818 gnoscant,
487 1761 537 1806 iis
552 1762 738 1805 omnibus
753 1764 969 1816 detractis,
998 1776 1083 1818 quar
1099 1776 1217 1815 repa-

253 1819 437 1864 rationes
451 1846 470 1867 ι
480 1821 749 1880 prestationes
759 1852 774 1877 ,
800 1822 1017 1880 grandines
1029 1849 1046 1873 ,
1072 1820 1213 1864 sterili·

254 1886 360 1921 tates
374 1907 390 1932 ,
414 1878 768 1935 aliavecujuslibet
785 1882 943 1936 generis
968 1894 1090 1923 onera
1112 1892 1213 1927 con-

174 1981 178 1986 ,
251 1934 470 1979 sueverunt
492 1937 730 1984 absorberet
755 1953 885 1996 eaque·
906 1938 1040 1981 omnia
1067 1937 1218 1991 scripto

253 1993 437 2039 fideliter
449 2002 609 2039 exarata
622 1996 726 2039 idem
747 1998 940 2054 Superior
953 2025 968 2048 ,
983 1994 1217 2051 cujusinte-

253 2054 334 2097 rest
346 2082 363 2107 ,
374 2055 418 2097 in
433 2055 563 2109 primo
576 2055 777 2111 Capitulo
794 2086 811 2110 ,
843 2055 910 2099 seu
924 2053 1216 2108 congregatio.

254 2127 304 2156 ne
333 2112 581 2156 Provinciali
606 2127 748 2158 eoram
766 2114 910 2157 vtribus
932 2112 1139 2168 Judicibus
1165 2112 1217 2153 ab

251 2168 421 2227 ipsomet
437 2169 631 2226 Capitulo
642 2199 658 2222 ,
679 2171 744 2213 vel
761 2174 980 2226 Congrega
987 2170 1097 2212 tione
1109 2169 1214 2210 deli·

250 2226 394 2284 gendis
411 2235 610 2283 proponat
625 2250 642 2279 ,
656 2228 725 2284 qui
740 2228 984 2284 computatis
1011 2223 1217 2280 hujusmo-

249 2287 294 2329 di
315 2284 541 2329 redditibus
553 2313 569 2338 ‚
589 2284 854 2342 eleemosynis
869 2315 885 2341 ,
911 2284 1216 2330 &obventioni-

249 2342 530 2396 buauniverfia
543 2373 558 2398 ,
571 2357 616 2386 ae
633 2345 823 2388 oneribus
836 2375 852 2399 ,
868 2353 910 2387 ut
925 2343 1104 2399 superius
1118 2371 1131 2394 ,
1142 2343 1212 2386 de-

249 2403 415 2457 traais,
445 2401 584 2446 {edalo
614 2404 840 2447 examinent
859 2433 876 2456 ,
899 2413 998 2460 quot
1016 2401 1212 2457 Religiofi

249 2461 498 2505 hominesin
525 2475 766 2520 unoquoque
785 2461 1035 2507 Monasterio
1050 2489 1067 2514 ,
1098 2464 1213 2503 Con·

250 2531 382 2565 ventu
392 2521 478 2574 9⁸&
501 2522 637 2564 Domo
658 2522 831 2579 regulari
854 2551 871 2575 ‚
893 2521 1005 2575 iuxta
1034 2519 1210 2574 regionis

248 2581 290 2622 &
304 2580 461 2635 proprii
476 2579 655 2622 lnffituti
671 2586 843 2625 ¹rnorem
857 2608 873 2634 ‚
904 2580 1049 2622 vietum
1074 2578 1115 2622 δι
1142 2592 1211 2621 ve-

281 2637 291 2647 “
407 2637 451 2681 in
480 2640 682 2686 communi
709 2639 917 2688 habentes,
929 2646 1211 2694 competenter

252 2695 419 2741 nale-nt
442 2695 677 2750 {mutarn
709 2699 815 2742 Tum
846 2697 1068 2740 eorundem
1079 2698 1210 2740 bono-

253 2768 376 2807 rum,
397 2752 631 2798 reddituum
644 2781 661 2807 ,
673 2754 1016 2810 eleemosynarum
1029 2782 1044 2806 ,
1054 2756 1094 2797 δι
1109 2769 1208 2800 one-.-

253 2818 344 2855 rnm
354 2811 716 2867 precisamgnotam
728 2812 883 2866 ipfitnet
907 2813 1207 2867 Congregatio-

248 2871 380 2923 nifluc
433 2869 588 2913 itulove
612 2869 861 2913 Provinciali
882 2871 1128 2923 exhibeant,
1158 2877 1205 2912 ut

248 2926 391 2972 inillo-
425 2926 809 2985 iligenteromnibus
820 2927 1019 2981 discussis,
1038 2928 1203 2972 cuicun-

250 2985 505 3044 que-famil&
517 2985 758 3033 Conventus
772 3017 788 3040 ,
803 2987 1048 3039 Monallerii,
1062 2988 1102 3031 δι
1118 2990 1200 3030 Do-

248 3045 337 3089 mt'is
357 3045 553 3102 regularis
565 3047 709 3104 quovis
733 3046 891 3088 nomine
917 3054 1150 3101 nuncupata
1163 3046 1205 3088 in

247 3103 401 3160 iugula
425 3117 589 3162 quaque
611 3103 823 3149 Provincia
850 3132 866 3156 ,
904 3111 1040 3147 certus
1065 3116 1203 3155 earum

249 3161 413 3207 tantum
423 3165 682 3220 personarum
696 3175 891 3206 numerus
907 3161 1118 3205 communi
1130 3163 1204 3203 Pa·

251 3222 676 3279 trun-capitularium
698 3232 799 3265 voto
823 3219 1048 3277 praefigatur
1072 3248 1088 3272 ,
1118 3233 1204 3276 quae

253 3278 478 3326 redditibus
487 3310 504 3335 ,
515 3281 777 3336 eleemosynis
786 3309 802 3333 ‚
827 3281 867 3322 &
877 3278 1210 3330 obventionibus,

257 3342 305 3380 ¹1!
316 3335 525 3394 fionius,
539 3339 780 3385 sufficienter
793 3338 846 3381 ali
862 3337 1005 3394 poffint
1020 3368 1032 3380 .
1048 3340 1114 3379 Ne
1140 3350 1212 3379 ve·

255 3393 547 3451 &Supera-res
559 3428 575 3453 ,
592 3399 662 3456 qui
679 3399 724 3442 id·
738 3397 918 3456 praestare
941 3397 1095 3440 debent
1110 3423 1126 3448 ‚
1151 3393 1210 3438 se·

257 3450 343 3494 rina
357 3452 626 3504 munimus
637 3487 653 3511 ‚
665 3458 783 3514 quim
798 3470 871 3513 par
885 3454 960 3508 est,
969 3454 1125 3498 muneri
1144 3452 1211 3496 suo

255 3505 499 3556 satisfaciant
513 3536 536 3566 ,ι
551 3516 805 3561 mandavit&
827 3513 991 3558 mandat
1021 3512 1213 3558 Sanctitas

259 3571 339 3611 Sua
351 3595 369 3634 3
381 3568 543 3614 utinfra
553 3588 698 3619 annum
714 3577 736 3618 a
747 3575 813 3619 die
825 3573 911 3616 dati
927 3572 1124 3628 pratri-ntis
1138 3572 1219 3613 De-

259 3635 362 3670 cretl
378 3633 691 3683 compntandum
706 3661 722 3683 ,
740 3632 874 3675 omnia
902 3633 979 3675 hoc
1008 3631 1060 3673 de
1073 3644 1223 3685 genere

259 3683 543 3738 capitulariter·
571 3690 675 3743 gesta
691 3690 1020 3738 inauthenticam
1048 3690 1215 3732 formam

258 3744 435 3844 reda-4113,
449 3741 882 3843 adVCIJQngregationem
896 3747 1215 3792 Reformationis

414 3814 484 3842 om.
543 3827 554 3841 .

1988 186 2159 266 347

1278 307 1517 360 Apostolicae
1539 300 1676 355 finguli
1694 300 1878 352 mittant,
1892 314 2229 363 numer-umqum

1277 364 1436 404 familiae
1461 360 1703 413 fingulorum
1734 361 1826 399 Con
1835 371 2023 401 ventuum
2045 391 2060 411 ,
2093 370 2229 407 Mona-

1275 420 1486 462 stetim-um
1499 443 1514 464 ,
1529 416 1568 457 &
1582 414 1804 455 Domorum
1819 416 2037 471 hujusmodi
2056 420 2226 474 Regula.

1275 478 1379 519 rium
1393 501 1408 523 ,
1425 472 1607 527 Capituli
1624 472 1686 512 vel
1703 474 2042 526 Congregationis
2060 478 2228 519 Provin-

1273 534 1388 574 cialis
1402 530 1591 572 sententia
1606 529 1646 572 δε
1661 530 1899 572 auetoritate
1916 532 2167 585 praefinitum,
2183 536 2229 576 ii.

1272 592 1361 633 dem
1378 589 1611 641 Superiores
1625 588 2230 645 Ordinum,Congreg2tionum‚

1272 651 1309 691 &
1326 649 1605 691 Institutorum
1633 661 1963 704 quorumcunque
1990 660 2068 690 tam
2099 653 2232 691 Gene-

1273 708 1375 751 rales
1391 737 1406 759 ,
1420 707 1460 749 δι
1476 705 1749 750 Provinciales
1766 732 1779 754 a
1793 710 1911 763 quam
1926 708 2075 750 locales
2089 722 2229 750 omnes

1271 765 1474 823 perpetuo
1504 765 1663 808 servare
1694 768 1862 809 omnino
1893 776 2132 810 teneantur:
2154 781 2224 808 eos

1269 837 1401 869 autem
1418 823 1671 878 Superiores,
1684 823 1950 882 cujuscunque
1965 825 2083 868 nattis
2096 855 2110 877 ,
2137 839 2230 880 gra-

1270 884 1345 927 dt‘is
1357 911 1372 933 ,
1386 886 1426 925 &
1441 881 1689 925 conditionis
1707 883 1871 926 existant
1886 913 1903 934 ,
1930 885 1996 940 qui
2013 886 2232 940 praedieta,

1272 943 1407 988 omnia
1421 939 1580 998 praefixo
1594 942 1767 984 termino
1780 957 1859 985 non
1880 943 2146 998 praestiterint,
2162 941 2226 985 vel

1272 1014 1483 1046 numerum
1515 998 1743 1055 hujusmodi
1783 1002 2052 1057 praescriptum
2083 1002 2227 1058 quovis

1274 1060 1396 1104 modo
1428 1072 1573 1114 augere
1605 1058 1927 1115 praesumpserint
1950 1088 1964 1111 ,
1994 1060 2230 1115 privationis

1270 1119 1448 1163 omnium
1466 1116 1691 1161 officiorum
1707 1148 1722 1172 ,
1736 1133 1821 1174 quae
1833 1129 1926 1162 tunc
1942 1120 2139 1175 temporis
2151 1118 2229 1160 ob-

1269 1179 1452 1222 tinebunt
1466 1206 1482 1229 ,
1498 1176 1682 1232 vocisque
1696 1180 1856 1231 aetivae,
1868 1179 1906 1220 &
1923 1177 2073 1233 paffivae
2086 1205 2100 1228 ,
2117 1191 2162 1219 ac
2179 1174 2231 1218 ad

1269 1238 1403 1281 omnia
1432 1235 1504 1278 suae
1524 1233 1750 1291 Religionis
1763 1237 1892 1280 officia
1924 1239 1963 1280 ec
1985 1236 2136 1294 gradus
2164 1236 2227 1279 in-

1273 1294 1487 1338 habilitatis
1503 1304 1737 1348 perpetuam
1752 1309 1911 1350 poenam
1926 1295 2062 1350 eoipso
2090 1297 2229 1337 incur-

1273 1365 1363 1395 rere
1376 1380 1393 1404 ,
1407 1363 1529 1405 atque
1546 1351 1633 1392 aliis
1653 1354 1776 1394 etiam
1804 1353 2061 1406 gravioribus
2073 1353 2121 1393 ad
2138 1355 2233 1394 San-

1271 1412 1419 1454 ‹Stitatis
1450 1413 1563 1459 Suae,
1596 1410 1922 1453 &successorum
1949 1411 2106 1452 suorum
2122 1410 2231 1452 arbi-

1273 1470 1396 1513 trium
1426 1468 1655 1524 infligendis
1683 1469 1813 1526 poenis
1840 1468 2039 1525 subjacere
2069 1469 2199 1513 voluit
2211 1499 2227 1521 ,

1271 1529 1309 1570 δι
1324 1526 1551 1570 declaravit
1571 1538 1585 1569 ³
1600 1525 1697 1570 Vult
1711 1539 1901 1582 praeterea
1916 1531 2105 1571 Sanctitas
2121 1534 2230 1571 Sua,

1274 1599 1346 1642 per
1360 1586 1437 1627 hoc
1459 1587 1680 1627 Decretum
1695 1585 1873 1640 ejusdem
1889 1588 2232 1643 congregationis

1275 1642 1596 1687 Reformationis
1618 1644 1859 1700 Apostolicae
1874 1647 2085 1688 secretarii
2110 1660 2231 1688 manu

1275 1701 1849 1760 subscriptum,consuetisque
1880 1704 2005 1747 Alma:
2037 1704 2151 1748 Urbis
2169 1705 2230 1746 lo·

1272 1762 1330 1804 cis
1355 1760 1514 1804 affixum
1537 1762 1573 1801 δι
1591 1762 1841 1817 publicatum
1865 1777 2003 1805 omnes
2016 1792 2031 1814 ,
2045 1764 2084 1804 δι
2100 1762 2227 1818 fingu-

1272 1820 1333 1872 los
1356 1819 1562 1861 Ordinum
1592 1821 1854 1872 Regularium
1884 1822 2117 1874 Superiores
2131 1849 2147 1872 ‚
2179 1820 2230 1862 ad

1275 1890 1375 1935 quos
1390 1877 1536 1932 speelat
1548 1904 1564 1928 ,
1578 1878 1743 1932 perinde
1756 1877 1884 1927 affici,
1899 1891 1944 1918 ac
1959 1879 1985 1918 st
2001 1875 2130 1920 fuisset
2145 1883 2231 1919 cui-

1276 1938 1374 1980 libet
1391 1934 1655 1990 perlbnaliter
1685 1937 1938 1979 intimatum.
1958 1939 2053 1978 Non
2072 1936 2231 1979 obstan-

1279 1995 1388 2035 tibus
1410 1991 1775 2034 Constitutionibus
1800 1992 2047 2046 apostolicis
2061 2024 2077 2045 ,
2104 1996 2231 2049 privi-

1278 2050 1391 2106 legiis
1402 2078 1416 2100 ,
1447 2048 1603 2094 statutis
1618 2076 1635 2099 ,
1647 2049 1814 2093 indultis
1828 2075 1843 2097 ,
1874 2063 1947 2091 nec
1962 2050 2048 2093 aliis
2063 2062 2228 2094 contra-

1277 2110 1349 2153 riis
1361 2106 1663 2163 quibuscunque
1673 2136 1684 2150 .

1390 2169 1542 2208 Datum
1559 2167 1698 2208 Romae
1721 2166 1825 2221 apud
1852 2169 2035 2209 Sannum
2061 2168 2229 2211 Petrum

1277 2224 1345 2268 die
1366 2237 1426 2265 tv.
1445 2224 1679 2265 Decembris
1695 2239 1833 2267 nncv.
1849 2223 2110 2268 Pontificattis
2125 2226 2225 2283 ejus·

1276 2282 1369 2329 dem
1392 2284 1432 2324 S.
1446 2281 1496 2324 D.
1510 2285 1563 2325 N.
1578 2283 1699 2325 Anno
1715 2283 1869 2326 Primo.

1330 2401 1536 2457 Exemplar
1549 2400 1772 2460 ineprfftm
1787 2405 1830 2444 in
1859 2403 2033 2446 Arcblvo‘.
2047 2405 2228 2460 generali

1388 2459 1546 2504 Ordinis
1559 2465 1750 2506 Ammo
1769 2462 2036 2504 Anthentiea.
2055 2463 2061 2469 ’

1306 2697 1627 2768 Indulgentias
1674 2695 1879 2748 Personis
1918 2696 2223 2768 Regularibus

1276 2793 1279 2796 ·
1338 2785 1720 2835 quorumcunque
1751 2768 1987 2821 Ordinum
2025 2768 2051 2815 a
2094 2771 2229 2818 Sum-

1337 2839 1425 2886 mis
1474 2836 1769 2891 Pontificibus
1829 2835 2227 2891 Praedecess'oribus

1332 2903 1556 2956 concessas
1585 2903 1835 2956 universim
1853 2919 2038 2955 revocat
2049 2940 2066 2963 ,
2082 2904 2226 2972 iisque

1329 2978 1439 3027 alias
1455 2975 1503 3028 ἀ
1529 2993 1670 3026 novas
1688 2972 1937 3024 substituit.

1267 3104 1716 3158 PAULUS.
1801 3104 2079 3155 PAPA
2159 3106 2223 3156 V.

1411 3221 1722 3277 Mperpetuam
1741 3219 1805 3264 re?
1816 3220 2038 3263 memoriam
2052 3250 2064 3262 .

1393 3340 1572 3382 Omanus
1588 3337 1827 3383 Pontifexin
1845 3338 1957 3380 Beati
1978 3335 2089 3379 Petri
2119 3335 2226 3380 Sede

1422 3398 1678 3450 constitutus,
1691 3398 1757 3440 cui
1769 3396 1873 3438 inter
1882 3395 1958 3437 alia
1971 3395 2226 3438 coelestis1n-

1275 3457 1574 3511 dulgentiarum
1589 3455 1758 3500 thesauri
1772 3451 2016 3508 dispensandi
2045 3468 2138 3497 cura
2164 3455 2222 3494 in-

1274 3514 1443 3567 cu-mbit,
1457 3514 1625 3558 sollicite
1641 3512 1870 3569 prospicere
1882 3512 2023 3564 debet,
2036 3527 2082 3555 ac
2097 3511 2223 3555 soler-

1279 3580 1343 3612 ter
1355 3598 1370 3620 ,
1383 3583 1429 3615 ut
1443 3572 1664 3628 hujusmodi
1692 3570 2041 3626 indulgentiarum
2064 3572 2223 3626 dispen-

1283 3630 1385 3672 satio
1407 3631 1448 3672 &
1472 3633 1559 3674 usus
1571 3631 1620 3673 ad
1638 3629 1714 3673 Dei
1728 3629 1901 3683 gloriam
1912 3659 1930 3683 „
1948 3631 1989 3670 &
2002 3631 2219 3672 animarum

1274 3686 1445 3732 salutem
1475 3688 1671 3745 praecipue
1691 3687 1916 3742 dirigatur,
1938 3690 1976 3730 &
1991 3703 2043 3731 ne
2066 3700 2115 3728 ex
2129 3684 2220 3747 illa-2

1275 3746 1363 3790 rum
1379 3747 1683 3804 multiplicitate
1694 3743 1875 3790 confusto
1886 3777 1902 3801 ‚
1930 3757 1998 3789 aut
2026 3744 2147 3787 inanis
2161 3754 2222 3782 in·

1711 3806 1750 3848 X
1765 3818 1791 3846 x
1821 3822 1846 3851 2
2088 3808 2169 3837 ter·
