2444 4192
694 250 696 252 ,
743 164 905 249 Sub
969 168 1366 256 Benediblo
1425 171 1520 255 X
1535 172 1579 256 I
1587 172 1698 259 V.
1776 206 1778 209 ⁴

239 316 482 370 Superiores
514 315 701 359 nimirum
747 318 965 371 Regulares
1011 333 1075 362 eas
1113 332 1202 360 om-

240 386 310 414 nes
323 402 340 423 ,
365 387 464 428 quas
478 403 491 426 ‚
508 386 551 416 ut
566 375 776 431 praefertur
793 403 807 425 ,
835 374 1076 427 supradictus
1102 375 1201 418 Cle-

237 443 350 472 mens
366 433 485 474 vui.
500 433 762 478 Praedeceffor
775 432 984 475 constituit
1005 436 1045 475 δε
1059 433 1200 483 {anxia

233 487 461 543 Regulares
474 503 609 536 autem
625 521 639 544 ,
660 493 727 546 qui
742 501 888 533 contra
905 490 1013 532 illius
1035 491 1199 532 Decreti

236 548 510 606 praescriptum
523 551 704 608 promoti
724 541 868 603 fuerint
886 574 901 597 ‚
928 550 968 589 δε
992 548 1200 590 Antistites

237 619 305 648 eos
319 622 606 663 promoventes
622 635 638 658 ‚
656 606 884 651 Canonicas
908 620 1052 660 poenas
1078 615 1201 660 atque

241 666 454 720 censuras,
473 682 557 726 quae
578 665 770 711 adversus
797 663 945 708 sacram
957 663 1201 705 Ordinatio-

238 728 290 766 ne
314 723 563 782 suscipientes
579 726 630 769 ab
649 722 929 781 Episcopo‚qui
945 721 1135 778 proprius
1149 719 1200 761 ad

235 784 346 828 huuc
359 783 540 829 effectum
551 785 635 834 dici
649 782 838 831 &haberi
862 782 1001 835 nequit
1015 808 1030 830 ‚
1045 792 1200 821 necnon

236 844 426 886 adversus
445 841 856 900 Episcopos‚alienos
893 837 1075 882 subditos
1088 836 1199 879 inde·

233 902 320 944 bite
338 903 630 952 ordinantes,in
643 901 730 958 jure
747 898 1019 946 Canonico‚&
1031 898 1069 939 in
1086 899 1197 938 Con-

231 961 502 1006 stitutionibus
531 958 771 1017 Apostolicis
797 957 944 1000 statutae
966 957 1165 999 habentur
1183 981 1197 995 .

352 1022 549 1064 Praeterea
566 1019 748 1062 volumus
763 1027 885 1074 atquc
911 1015 1168 1057 decernimus
1184 1041 1198 1065 ,

233 1087 278 1119 ut
297 1079 560 1134 Super-iorum
578 1076 842 1134 Regularium
860 1071 1199 1129 Dimifforiae,quae

232 1134 327 1180 ideo
353 1138 405 1179 ad
431 1138 551 1180 alium
567 1135 803 1179 Antistitem
831 1134 991 1176 directae
1016 1132 1167 1176 fuerint
1188 1157 1203 1181 ,

226 1205 447 1251 propterea
471 1195 582 1251 quod
607 1192 827 1251 Episcopus
854 1193 1109 1235 Dioecesanus
1133 1203 1201 1233 ex·

230 1265 295 1294 tra
315 1252 532 1297 Dioecefim
547 1263 823 1304 commoretur
837 1279 851 1301 ,
876 1250 942 1293 vel
960 1248 1198 1292 Ordinatio·

229 1323 324 1352 nem
338 1323 417 1351 non
433 1309 478 1351 fit
496 1311 706 1351 habiturus
718 1337 733 1360 ‚
766 1308 915 1350 nullius
939 1306 1016 1350 lint
1033 1307 1194 1350 roboris

230 1371 270 1412 &
285 1366 506 1417 momenti,
519 1364 586 1408 nili
601 1366 680 1408 illis
698 1365 828 1421 juncta
845 1363 966 1408 fuerit
994 1365 1196 1407 autentica

235 1425 440 1469 attestatio
462 1423 614 1467 Vicarii
633 1422 847 1467 Generalis
867 1452 881 1474 ,
898 1420 959 1466 vel
976 1422 1193 1465 Cancella-

231 1484 310 1536 rii,
334 1491 403 1526 aut
427 1481 639 1525 secretarii
659 1480 834 1537 ejusdem
857 1478 1044 1535 Episcopi
1075 1481 1192 1523 Dioe-

233 1542 360 1587 cesani
377 1567 391 1590 ‚
406 1554 457 1585 ex
469 1554 546 1597 qua
561 1539 715 1584 constet
728 1568 741 1590 ‚
758 1537 822 1582 vel
837 1538 963 1595 ipsum
976 1538 1000 1582 ὲ
1018 1537 1193 1582 Dioecefi

232 1600 359 1644 abesse
374 1626 390 1649 ‚
421 1599 485 1641 vel
504 1597 761 1642 Clericorum
789 1597 1107 1640 Ordinationem
1127 1598 1195 1639 ha-

231 1661 413 1703 biturum
434 1672 511 1700 non
526 1655 602 1700 effe
617 1657 803 1714 proximo
818 1657 1000 1713 legitimo
1015 1665 1196 1710 tempore

235 1733 306 1775 per
331 1716 622 1760 Ecclefiasticas
653 1717 760 1771 leges
794 1715 844 1758 ad
877 1718 979 1757 hunc
1014 1713 1197 1757 effeetum

233 1778 384 1821 statuto
401 1787 415 1816 τ
444 1777 532 1817 Hoc
548 1775 652 1816 enim
667 1774 855 1831 expresse
871 1773 1072 1816 declarari
1093 1788 1196 1828 opus

232 1835 306 1888 cst,
324 1831 374 1876 ad
393 1831 684 1877 excludendam
701 1830 988 1875 nonnullorum
1002 1846 1193 1887 arrogan-

233 1896 333 1938 tiam
351 1919 365 1943 ‚
387 1892 475 1948 qui,
493 1905 614 1948 quum
631 1891 853 1946 Privilegio
868 1890 1066 1947 gaudeant
1084 1889 1197 1933 susci·

231 1951 368 2011 piendi
382 1951 555 1994 Ordines
571 1962 685 1994 extra
702 1959 906 2006 tempora,
922 1947 1146 1992 existimziru
1154 1961 1195 1992 nt

155 2044 158 2048 -
234 2008 459 2066 Episcopos
486 2009 663 2064 ipsorum
688 2008 891 2052 voluntati
917 2009 1020 2052 adeo
1032 2008 1195 2052 additos

232 2069 310 2115 else
326 2069 475 2112 debere
490 2095 504 2118 ‚
518 2078 564 2112 ut
580 2068 627 2118 fi,
645 2067 982 2125 quandocumque
1007 2065 1196 2123 iplispla-

231 2128 366 2177 cuiflet
393 2126 443 2170 ad
459 2127 634 2171 Ordines
650 2128 906 2183 promoveri,
930 2140 1010 2168 non
1040 2125 1196 2177 statim,

234 2186 401 2245 ipsoque
418 2185 485 2229 die
500 2187 547 2229 ab
561 2187 649 2243 ipfis
663 2185 871 2241 defignato
888 2213 902 2236 ‚
928 2186 1016 2228 voti
1030 2199 1196 2242 compo-

230 2258 292 2291 tes
309 2245 451 2288 fierent
465 2273 480 2296 ‚
503 2245 583 2302 jam
609 2245 691 2288 dici
718 2241 845 2300 poffet
859 2269 874 2293 ,
887 2244 1195 2286 ordinationem

233 2307 286 2349 ab
300 2302 498 2359 Episcopo
525 2317 605 2346 non
633 2302 798 2351 haberi,
826 2302 1075 2359 proindeque
1094 2302 1193 2344 alius

236 2363 455 2421 Episcopus
481 2375 555 2418 pro
577 2361 829 2418 suscipiendis
856 2362 1079 2405 Ordinibus
1094 2362 1191 2405 adc-

235 2421 364 2466 undus
389 2420 483 2464 esset
496 2450 506 2461 .
522 2420 644 2477 Quod
660 2420 683 2462 si
699 2422 840 2477 aliquis
857 2421 1030 2464 Antiiies
1055 2423 1196 2475 Regu-

232 2482 361 2525 larem
381 2481 524 2523 Virum
540 2505 555 2528 ,
572 2480 609 2521 in
627 2477 690 2522 sua
710 2481 882 2523 Dioecefi
901 2482 1108 2537 proprium
1124 2479 1198 2523 do-

231 2539 428 2582 micilium
445 2552 526 2582 non
555 2539 772 2580 habentem
791 2566 806 2589 ,
830 2538 922 2582 solis
945 2540 1057 2594 ipsius
1073 2542 1199 2595 Supe-

231 2597 352 2641 rioris
370 2594 693 2638 dimiss'orialibus
711 2596 860 2638 litteris
885 2607 1099 2642 contentus
1115 2626 1130 2649 ,
1148 2597 1196 2639 fi-

229 2670 282 2700 ne
297 2653 482 2711 adjunfla
511 2650 673 2708 prefata
699 2654 957 2698 attestatione
972 2657 1012 2697 in
1032 2655 1194 2700 forma„

230 2713 448 2772 probanti,
476 2711 527 2753 ad
550 2711 726 2755 Ordines
740 2727 981 2767 promovere
1009 2711 1195 2769 prasum-

229 2769 354 2828 pserit
367 2796 383 2820 ‚
395 2769 654 2812 decernimus
666 2772 704 2813 δι
721 2770 969 2815 declaramus
981 2799 996 2821 ,
1007 2774 1113 2815 hunc
1133 2771 1194 2826 ip-

235 2829 279 2874 so
291 2825 397 2870 facto
414 2826 622 2871 incurrere
633 2827 674 2870 in
698 2841 818 2884 penas
830 2830 1035 2873 canonicas
1045 2829 1194 2871 adver-

230 2886 293 2936 sus
311 2899 383 2931 eos
397 2884 718 2939 constitutas2qui
735 2885 909 2929 alienum
919 2885 1124 2929 subditum
1135 2887 1196 2929 le-

233 2944 387 3005 gitimis
404 2939 646 2987 Dimifforiis
658 2943 889 2988 destitutum
900 2944 1196 2989 ordinaverint.

350 3000 705 3062 Quemadmodum
723 3004 819 3047 verb
834 3018 978 3048 eorum
994 3001 1196 3047 Ordinum

238 3060 509 3118 Regularium
529 3061 741 3118 privilegia
756 3060 871 3104 firma
888 3065 927 3106 δι
939 3072 1024 3107 rata
1037 3059 1112 3105 effe
1127 3076 1196 3105 vo·

235 3124 367 3167 lunius
384 3147 401 3172 2
416 3120 560 3176 quibus
574 3119 626 3164 ab
639 3119 876 3176 Apostolica
906 3121 1012 3171 Sede
1039 3122 1195 3176 reperi·

231 3192 301 3225 tur
312 3178 518 3224 indultum
533 3205 548 3229 ‚
564 3190 762 3224 uteorum
787 3180 953 3223 Alumni
971 3183 994 3224 a
1008 3179 1193 3236 quolibet

230 3237 458 3286 catholico
482 3238 667 3282 Antistite
696 3239 813 3295 ipsius
838 3239 951 3283 Sedis
975 3236 1144 3294 gratiam
1159 3240 1198 3280 &

233 3297 565 3344 communionem
595 3297 769 3341 habente
800 3297 976 3342 ordinari
1009 3296 1201 3350 valeant3

234 3355 458 3403 dummodo
482 3354 708 3413 hujusmodi
749 3356 962 3415 privilegia
991 3355 1076 3411 post
1106 3355 1200 3398 Tri·

237 3415 449 3461 dentinum
474 3416 711 3460 Concilium
735 3443 750 3465 ,
781 3417 822 3459 δι
850 3417 939 3472 iplis
977 3414 1199 3458 Ordinibus

237 3473 473 3528 nominatim
496 3485 617 3531 atque
641 3474 792 3517 directe
818 3502 833 3526 ,
862 3490 942 3518 non
969 3483 1101 3519 autem
1129 3487 1199 3528 per

237 3532 642 3585 communicationem
674 3532 851 3578 concessa
874 3533 1022 3577 fuerint
1052 3545 1068 3584 3
1100 3533 1198 3576 Ita...

237 3603 364 3647 porro
385 3592 519 3636 omnia
541 3591 680 3635 fimilia
710 3592 923 3649 privilegia
951 3621 966 3644 ‚
994 3604 1079 3648 quae
1109 3590 1197 3638 aliis

232 3646 456 3693 Ordinibus
481 3658 573 3695 ante
595 3650 803 3708 praefatum
829 3650 1064 3697 Concilium
1101 3649 1196 3695 Tri-

2006 212 2162 293 317

1259 322 1375 361 dulta
1390 320 1463 361 lint
1480 345 1496 370 ,
1525 321 1587 363 vel
1601 320 1721 362 etiam
1748 318 1832 372 post
1856 322 1979 376 ipsum
1994 334 2220 376 Concilium

1261 390 1338 417 non
1355 380 1443 431 ipsis
1458 379 1610 419 directe
1626 375 1835 424 concessa,
1857 383 1921 421 led
1952 398 2022 436 per
2045 400 2242 432 commu-'

1260 438 1501 475 nicationem
1517 438 1567 475 ad
1583 447 1654 474 eos
1669 432 1832 490 eztcnsa
1851 434 1926 478 effe
1938 441 2123 487 dicantur
2139 473 2154 497 2
2168 450 2228 489 iis-

1259 490 1355 531 dem
1385 492 1625 532 aueloritate
1640 492 1678 531 &
1694 501 1866 544 tenore,
1894 495 2005 536 nulla
2029 502 2066 538 δε
2082 504 2193 546 irrita
2206 531 2220 553 ‚

1234 580 1239 583 a
1259 548 1452 602 omnique
1469 549 1611 601 vigore
1628 561 1674 588 ac
1691 549 1838 590 robore
1855 578 1868 600 ,
1883 553 1933 592 ad
1948 552 2127 597 effecium
2141 585 2155 606 a
2169 563 2220 604 de

1257 618 1342 655 quo
1356 608 1489 660 agitur
1502 632 1517 653 ‚
1537 609 1691 658 penitus
1720 606 1907 650 destituta
1921 610 1962 650 &
1977 624 2098 654 vacua
2109 615 2223 660 effe,

1263 662 1449 705 volumus
1463 665 1504 705 δι
1517 664 1752 706 statuimus:
1780 665 2051 711 Decernentes
2068 698 2084 720 ,
2097 673 2228 728 hujus-

1260 720 1371 762 modi
1392 724 1600 777 privilcgia
1618 736 1866 779 nequaquam
1892 727 1974 779 post
1991 731 2226 774 Concilium

1263 780 1553 823 Tridentinum
1570 780 1729 822 indulta
1756 783 1936 834 censeri,
1960 785 2028 826 nili
2058 788 2120 829 vel
2137 790 2222 843 post

1259 840 1378 893 ipfius
1405 838 1581 881 Concilii
1605 837 1956 884 confirmationem
1985 845 2108 899 reipsa
2134 846 2224 890 fue·

1264 899 1344 939 rint
1360 894 1566 947 conceffa,
1581 898 1670 948 vel,
1683 908 1880 953 quatenus
1892 911 2004 944 antea
2024 904 2220 955 conceffa,

1257 957 1298 998 &
1320 956 1512 1011 posterius
1526 954 1760 998 confirmata
1780 955 1855 1000 effe
1881 956 2094 1004 afferantur
2109 990 2123 1013 ,
2147 965 2221 1006 hu-

1259 1014 1428 1074 jusmodi
1446 1011 1774 1060 confirmationes
1802 1014 1996 1072 informa
2010 1020 2222 1076 specifica,

1257 1089 1353 1119 cum
1385 1073 1572 1116 litteralis
1603 1076 1753 1118 veteris
1790 1075 1949 1118 Indulti
1977 1077 2222 1130 insertione,

1259 1131 2226 1251 52:2333{3253232'35211’2‘3533152‘3‘33:

1259 1252 1506 1295 firmationes
1519 1278 1534 1302 ,
1549 1265 1634 1306 quae
1658 1249 1850 1310 informa
1870 1255 2062 1296 communi
2076 1269 2227 1298 nuncu-

1257 1322 1402 1367 pantur
1418 1338 1432 1359 ,
1448 1310 1595 1351 nemini
1608 1310 1658 1353 ad
1682 1308 1912 1365 praemiffum
1928 1310 2107 1355 effectum
2137 1313 2225 1355 ullo

1257 1372 1375 1424 pacto
1392 1366 1590 1420 suffragari
1607 1396 1619 1408 .
1636 1369 1764 1425 Quod
1790 1371 1887 1412 vero
1904 1368 2052 1423 spectat
2076 1370 2127 1412 ad
2150 1384 2222 1412 eo-

1257 1426 1423 1470 rundem
1441 1424 1747 1480 privilegiorum
1776 1428 1887 1467 usum
1899 1428 1937 1467 &
1951 1428 2191 1470 exercitium
2209 1457 2224 1481 ‚

1256 1482 1446 1528 monendi
1463 1483 1553 1527 sunt
1572 1484 1624 1535 ii,
1640 1484 1785 1539 quibus
1799 1482 1943 1527 cadem
1959 1510 1974 1534 ‚
1998 1484 2107 1541 juxta
2129 1501 2228 1542 prae-

1256 1540 1366 1587 miffa
1383 1569 1396 1592 ‚
1414 1540 1536 1595 pleno
1549 1539 1637 1595 jure
1657 1551 1895 1597 competere
1916 1543 2227 1599 dignoscuntur,

1257 1611 1302 1644 ut
1321 1613 1399 1642 non
1415 1597 1494 1642 fine
1509 1597 1605 1654 justa
1622 1598 1826 1652 causamec
1840 1610 1955 1643 extra
1971 1603 2129 1647 debitas
2149 1604 2229 1647 cir·

1258 1657 1514 1716 cumliantiss
1528 1685 1544 1710 ‚
1557 1672 1630 1712 pro
1645 1658 1763 1701 libito
1778 1659 1870 1713 ipfis
1884 1669 2046 1703 utantur
2062 1675 2078 1715 3
2106 1662 2227 1705 mini·

1257 1720 1323 1761 me
1342 1719 1439 1759 vero
1456 1713 1504 1758 ad
1521 1717 1792 1761 ostentandam
1816 1717 2024 1763 dumtaxat
2041 1719 2221 1777 ipsorum

1257 1775 1568 1834 privilegiorum
1594 1773 1935 1831 fingularitatem3
1958 1780 2226 1835 quemadmo-

1257 1836 1356 1880 dum
1375 1834 1575 1891 aliquibus
1595 1833 1635 1876 in
1663 1848 1775 1878 more
1801 1835 1976 1889 pofitum
2002 1840 2083 1880 esse
2102 1839 2223 1881 novi-

1257 1908 1342 1938 mus
1355 1922 1368 1945 ‚
1385 1895 1454 1949 qui
1468 1893 1602 1948 pridie
1616 1892 1727 1935 illius
1740 1892 1820 1934 diei
1833 1918 1848 1941 ‚
1862 1908 1943 1948 quo
1956 1896 2006 1937 ab
2026 1897 2225 1951 Episcopo

1258 1952 1500 1998 Dioecesano
1513 1950 1773 1998 clericorum
1786 1952 2078 1997 Ordinationes
2092 1956 2228 2008 publi-

1256 2013 1305 2057 ce
1325 2010 1514 2055 habendae
1530 2011 1620 2052 sunt
1635 2038 1648 2061 ,
1664 2010 1715 2052 ad
1730 2010 1900 2053 alterius
1917 2012 2104 2070 Episcopi
2125 2014 2226 2070 Dig-

1257 2070 1375 2115 cesim
1404 2068 1595 2112 consulto
1607 2068 1785 2123 migrant
1800 2096 1816 2120 ‚
1849 2082 2023 2127 moxque
2037 2072 2220 2127 suscepto

1259 2130 1408 2174 ibidem
1423 2126 1703 2171 Ordinationis
1720 2139 1884 2170 munere
1898 2155 1914 2179 ,
1940 2130 1991 2174 ad
2010 2130 2221 2181 pristinum

1257 2187 1510 2233 domicilium
1524 2185 1695 2230 redeunt
1709 2199 1724 2238 ;
1750 2185 1871 2242 idque
1884 2186 1921 2230 se
1939 2187 2074 2232 facere
2084 2188 2196 2243 ajunt
2206 2216 2222 2239 ‚

1256 2258 1300 2292 ut
1328 2247 1474 2301 jurium
1499 2244 1659 2287 suorum
1696 2244 1951 2288 indemnitati
1978 2249 2221 2302 consulant·,

1256 2308 1363 2365 quafi
1389 2305 1487 2348 verb
1512 2304 1741 2358 Apostolica
1768 2304 1985 2361 Privilegia
2017 2334 2031 2356 ‚
2062 2308 2221 2351 nonnisi

1257 2373 1513 2468 {samm
1525 2362 1867 2465 ῗοῗῗῖξὶιῖἷῗῗξ
1870 2362 2222 2467 2313„oeme

1376 2481 1560 2538 Denique
1576 2490 1658 2523 tam
1675 2481 1938 2526 Venerabiles
1961 2486 2126 2528 Fratres
2143 2486 2220 2528 Pa·

1257 2544 1455 2587 triarchas
1475 2567 1490 2590 ,
1513 2530 1880 2596 Archiepilcopos,
1907 2543 1947 2584 8ι
1974 2544 2191 2600 Episcopus
2206 2567 2221 2589 ,

1257 2604 1376 2658 quim
1402 2600 1576 2644 dilec'tos
1603 2600 1725 2642 Filios
1741 2600 1923 2643 omnium
1955 2603 2220 2658 Regularium

1256 2660 1458 2704 Ordinum
1476 2656 1726 2702 Professores
1743 2660 1884 2714 ‚quam
1901 2662 2075 2704 maximo
2088 2660 2223 2718 possu-

1255 2732 1344 2761 mus
1358 2716 1602 2773 Apollolicae
1616 2717 1839 2767 voluntatis
1869 2718 1999 2762 studio
2013 2747 2027 2770 ,
2054 2734 2125 2774 per
2147 2719 2223 2760 mi·

1255 2775 1515 2821 scricordiam
1542 2775 1617 2816 Dei
1642 2774 1762 2818 nostri
1778 2802 1793 2826 2
1818 2777 1858 2818 δι
1874 2791 1944 2832 per
1975 2779 2222 2824 charitatem

1254 2835 1388 2880 saneti
1414 2832 1588 2890 Spiritus
1621 2834 1831 2878 hortamur
1865 2837 1905 2879 in
1932 2838 2111 2880 Domino
2135 2867 2150 2887 ‚
2179 2838 2221 2878 &

1254 2891 1528 2940 obtestamur,
1559 2899 1606 2932 ut
1621 2899 1703 2931 tam
1718 2892 1757 2932 in
1781 2893 1859 2933 hoc
1874 2894 2040 2946 negotio
2056 2922 2071 2946 ,
2099 2895 2221 2951 quim

1255 2951 1295 2993 in
1309 2949 1465 2992 caetcris
1480 2947 1666 2990 omnibus
1681 2974 1697 2998 ‚
1728 2946 1890 2991 solliciti
1922 2950 1996 2992 fint
2021 2951 2220 2996 unitatem

1257 3005 1414 3064 spiritus
1429 3033 1443 3054 2
1464 3007 1505 3049 δε
1531 3005 1690 3050 fincerat
1703 3004 1931 3052 dilectionis
1956 3011 2222 3053 concordiam

1257 3069 1438 3112 servare.
1463 3065 1722 3109 Meminerint
1738 3066 1991 3121 Regulares‚
2015 3083 2099 3124 quo
2124 3070 2221 3113 loco

1256 3126 1427 3183 Spiritus
1449 3126 1618 3170 Saucius
1642 3125 1813 3180 posuerit
1840 3124 2056 3183 Episcopos
2076 3142 2217 3184 regere

1258 3185 1479 3228 Ecclesiam
1506 3183 1610 3237 Dci3
1631 3184 1738 3240 quod
1766 3184 1856 3238 ipsis
1883 3184 1904 3227 i
1931 3185 2220 3232 sacrosansta..

1259 3242 1528 3287 Oecumenica
1551 3244 1810 3287 Lateranenfi
1838 3244 2006 3298 synodo
2029 3247 2099 3290 sub
2112 3247 2221 3290 Leo-

1260 3317 1310 3346 ne
1338 3304 1393 3347 X.
1423 3302 1588 3352 habita,
1620 3300 1869 3346 inculcatum
1899 3301 2002 3354 suit,
2033 3318 2106 3359 per
2135 3306 2220 3348 haee

1259 3363 1380 3405 verba
1399 3375 1457 3404 =
1484 3359 1639 3426 Este-m
1650 3358 1808 3418 infieper
1824 3363 1986 3405 Fratres
2014 3361 2056 3404 in
2067 3362 2221 3406 virtute

1244 3420 1402 3479 finblae
1416 3419 1641 3463 obedienta
1654 3432 1846 3462 monemus
1859 3448 1874 3469 ,
1891 3429 1938 3463 ut
1960 3419 2106 3477 estem
2125 3422 2219 3477 Epi-

1247 3478 1382 3539 stopor
1399 3481 1475 3522 Ioco
1487 3476 1722 3523 Sanflorum
1750 3478 2219 3536 Apostolorumfiebroga·

1259 3547 1316 3582 tos
1330 3566 1345 3590 ,
1350 3547 1425 3593 pro
1439 3538 1573 3580 debita
1590 3538 1639 3585 θ’
1652 3536 1783 3595 nostra
1806 3550 1853 3579 ac
1871 3538 2096 3594 Apostolicae
2113 3541 2217 3582 sedis

1256 3601 1476 3639 reverentia
1489 3625 1505 3658 ,
1521 3609 1688 3650 congruo
1697 3594 1839 3640 bonore
1852 3596 1901 3647 13*
1909 3599 2138 3655 congruenti
2151 3598 2217 3639 ob·

1242 3654 1459 3710 strvantt'a
1471 3665 1705 3698 venerentur
1713 3668 1772 3696 =
1784 3689 1796 3697 .
1819 3660 1963 3712 Neque
1977 3656 2062 3700 obli
2070 3659 2216 3699 viscan-

229 3707 441 3750 deminum
458 3735 473 3758 ,
499 3708 636 3765 abiplit
650 3712 775 3754 etiam
805 3709 1037 3767 Apostolica
1056 3709 1190 3762 Sede,
1250 3723 1318 3756 tur
1345 3713 1560 3769 Episcopi,
1585 3713 1809 3766 Regulares
1838 3717 1961 3760 Viros
1979 3715 2067 3770 ipsis
2096 3715 2212 3756 datos

230 3768 268 3809 &
284 3763 354 3809 sub
367 3764 670 3825 quibuscumque
682 3772 893 3817 tenoribus
908 3773 948 3814 δι
962 3766 1117 3821 formis,
1130 3769 1190 3810 in·
1249 3771 1330 3818 esse
1353 3772 1565 3834 adjutores
1591 3772 1630 3816 in
1650 3773 1869 3819 Dominicae
1896 3776 2018 3820 vineae
2029 3771 2214 3820 cultura3

2023 3828 2153 3870 subdit
