2444 4192
730 185 889 274 Sub
950 187 1305 302 Gregorio
1362 183 1414 268 ‘1
1428 187 1531 272 X.

136 342 313 402 'disperfit
329 370 344 394 ,
374 339 487 383 dedit
502 336 738 398 pauperibus
753 363 770 386 ,
800 348 846 380 ut
863 342 913 381 sic
928 339 1014 395 ejus
1042 337 1107 394 ju-

130 404 242 450 'liitia
273 403 311 445 in
338 399 526 444 saeculum
551 396 676 441 saeeuli
692 406 982 451 permaneret,
1010 395 1104 439 &in

137 472 286 506 terram
303 458 464 502 vifionis
479 455 721 503 ascendens,
749 453 865 511 super
891 469 1014 498 unum
1039 454 1107 497 libi

132 518 335 564 montium
364 516 677 560 demonstratum
703 540 719 565 ‚
750 513 945 557 videlicet
975 513 1107 558 excel.

133 578 304 623 lentiam
318 574 430 627 fidei,
452 587 614 620 caruem
630 572 734 614 suam
750 572 859 628 quali
875 572 999 615 filiam
1014 572 1097 614 uni-

128 638 318 697 genitam
333 661 347 685 2
377 649 463 692 quae
478 633 601 691 ipsum
618 631 826 675 interdum
855 630 1075 685 deceperat
1091 656 1106 679 ‚

137 704 228 740 cum
242 695 411 753 Jephte,
426 693 601 738 Domino
625 690 664 733 in
693 689 967 733 holocaustum
993 690 1110 732 obtu-

136 755 187 798 lit
206 781 221 804 ,
235 755 328 810 igne
343 753 539 812 suppofito
562 749 772 795 charitatis
787 750 928 799 ,illam
945 747 1104 800 fame),

135 813 232 864 fiti,
258 811 438 870 frigore,
463 826 509 855 ac
525 809 738 860 nuditate,
770 808 920 865 vigiliis
938 809 1104 856 multis,

133 875 176 916 &
193 871 354 930 jejuniis
372 899 387 923 ‚
400 869 635 915 macerando
650 897 665 921 ,
682 882 760 925 qua
777 881 870 911 cum
899 869 1006 912 vitiis
1021 894 1036 917 ,
1066 868 1107 908 δι

86 970 89 974 ,
133 930 466 986 concupiscentiis
503 927 691 973 crucifixa
718 955 734 978 ‚
774 927 914 972 dicere
945 937 1104 984 poterat

133 1003 226 1034 cum
244 989 459 1044 apostolo:
485 988 580 1032 vivo
594 1002 670 1045 ego
683 1014 698 1038 ,
727 986 806 1045 jam
822 1000 902 1030 non
919 1002 1023 1044 ego,
1050 986 1107 1029 vi-

131 1050 193 1094 vit
218 1057 354 1091 autem
384 1049 423 1091 in
454 1062 517 1090 me
540 1048 754 1090 Christus:
789 1047 976 1104 quoniam
990 1047 1105 1106 janu

129 1121 213 1152 non
235 1106 303 1150 fibi
322 1108 474 1152 vixerat
491 1137 506 1160 ,
522 1107 587 1150 sed
601 1105 765 1150 Christo
778 1108 910 1164 potius
925 1133 940 1156 ,
950 1107 1018 1164 qui
1032 1120 1106 1160 pro

131 1167 313 1226 peccatis
334 1167 474 1210 nostris
509 1176 690 1210 mortuus
713 1165 796 1216 est,
822 1168 863 1208 δι
888 1165 1106 1208 resurrexit

129 1235 303 1286 propter
336 1224 658 1283 justificationem
688 1226 887 1274 nostram,
913 1237 955 1267 ut
974 1224 1102 1267 nulla·

131 1295 253 1329 tenus
279 1296 448 1341 peccato
472 1283 647 1326 ulterius
675 1284 890 1327 serviamus
913 1313 925 1325 .
957 1284 1104 1327 Vitia-2

131 1355 295 1403 quoque
320 1342 575 1401 supplantans
592 1345 660 1395 ,δε
687 1353 831 1388 contra
845 1344 1105 1392 muudum-a,

130 1416 296 1449 earnem
309 1403 350 1444 &
363 1403 579 1459 potestates
595 1407 732 1446 aereas
746 1430 761 1453 ,
791 1405 992 1447 luetamen
1010 1400 1108 1445 affu-

129 1476 243 1508 mens
262 1461 432 1506 viriliter
448 1492 460 1516 ‚
475 1474 599 1506 uxore
615 1491 629 1515 ,
646 1462 744 1506 villa
756 1489 770 1510 ‚
785 1463 928 1510 bobus,
944 1463 964 1504 ἑ
981 1474 1105 1504 coena

126 1535 275 1582 magna
290 1522 592 1565 retrahentibus
609 1523 801 1565 invitatos
816 1523 978 1578 penitus
993 1520 1106 1563 abdi·

131 1582 234 1625 catis
247 1607 263 1632 ,
277 1595 370 1625 cum
380 1580 523 1639 Jacob,
542 1581 714 1625 Domino
736 1581 901 1638 jubente
920 1580 1108 1632 surrexit,

129 1638 314 1696 &gratia
336 1639 511 1698 Spiritus
539 1639 778 1697 septiformis
802 1639 975 1696 accepti
998 1667 1013 1689 ,
1037 1654 1107 1682 oc·

128 1711 253 1757 toque
266 1699 335 1741 fibi
350 1697 614 1743 affluentibus
631 1700 960 1744 Beatitudinibus
975 1702 1107 1743 Evan-

128 1758 269 1818 gelicis
282 1787 299 1810 ,
311 1757 473 1812 Bethel,
490 1757 653 1802 domum
672 1761 777 1810 Dei,
793 1773 913 1816 quam
928 1756 967 1803 se
982 1758 1109 1816 ipsum

129 1818 372 1877 preparavit
396 1817 532 1861 eidem
557 1846 571 1869 ‚
598 1833 668 1875 per
694 1819 929 1878 quindecim
957 1819 1107 1876 gradus

128 1878 346 1928 virtutum,
359 1878 430 1935 qui
446 1876 611 1936 mystice
628 1878 668 1921 in
687 1879 877 1936 psalterio
891 1878 1104 1922 continen-

132 1945 204 1983 tur
218 1962 241 1990 ,⁴
255 1933 468 1992 ascendit,
491 1937 699 1983 &ibidem
724 1938 854 1982 altare
869 1937 1003 1981 cordis
1021 1938 1105 1980 Do·

131 1994 248 2038 mino
261 1995 494 2039 construens
507 2022 524 2044 2
537 2006 719 2041 aromata
744 1998 987 2043 devotarum
1013 2011 1107 2039 ora-

136 2051 295 2095 tionum
307 2051 455 2092 obtulit
481 2052 596 2104 super
621 2065 672 2093 eo
685 2067 759 2106 per
783 2068 924 2101 manus
940 2055 1105 2105 Angeli-

131 2110 256 2152 casin
275 2107 488 2162 conspeetu
507 2109 670 2149 Domini
687 2106 913 2152 deferenda
930 2135 944 2158 ,
958 2107 1111 2149 Conci-

138 2169 204 2221 ¹vis
218 2164 437 2219 Angelicus
449 2175 542 2202 mox
559 2161 718 2203 futurus
733 2190 745 2202 .

188 2223 271 2275 §.4
334 2223 398 2263 Ne
417 2221 519 2262 vero
534 2216 602 2260 fibi
618 2216 687 2261 soli
706 2216 922 2274 proficeret
935 2216 975 2259 in
990 2228 1108 2256 mon-

131 2287 178 2329 te
201 2278 481 2326 tantummodo
513 2277 667 2320 Rachel
695 2275 949 2333 amplexibus
983 2274 1107 2316 inhae-

128 2341 263 2391 'tendo
275 2368 290 2392 ,
306 2336 643 2395 contemplationi
674 2336 852 2393 pulchrae
875 2332 1077 2392 quidem...
1093 2360 1110 2384 ,

130 2400 201 2448 sed
216 2398 338 2443 sterili
351 2428 364 2451 ,
380 2399 428 2442 ad
447 2397 525 2441 Liae
540 2396 799 2439 interdissum
814 2394 1025 2438 descendit
1039 2406 1110 2434 cu·

131 2458 313 2508 biculum
326 2487 340 2512 ,
354 2458 578 2500 minaturus
595 2470 760 2513 gregem
790 2454 979 2511 gemellis
994 2448 1109 2494 soeti-

132 2522 207 2568 bus
222 2517 504 2563 foecundatum
529 2515 579 2558 ad
609 2514 803 2559 interiora
829 2512 1006 2560 deserti,
1038 2524 1113 2566 pro

132 2581 226 2625 vitae
238 2576 392 2635 pascuis
404 2575 684 2634 perquirendis
701 2603 716 2626 ,
731 2584 775 2617 ut
794 2574 896 2623 illic,
908 2572 977 2615 ubi
995 2583 1110 2613 man·

135 2653 192 2685 na
219 2634 392 2681 coelestis
431 2633 657 2680 dulcedinis
686 2631 817 2678 reficit
842 2660 858 2683 ,
900 2635 924 2677 i
950 2627 1108 2672 sacula-

133 2699 241 2745 rium
254 2694 422 2752 strepitu
437 2693 666 2753 segregatos
688 2720 703 2744 ,
724 2707 818 2737 cum
834 2693 1108 2747 laerymarum

130 2755 322 2804 efflatione
347 2755 490 2799 semina
518 2753 584 2797 sua
612 2753 809 2804 mittens,
836 2765 930 2797 cum
944 2749 1107 2793 exulta-

132 2817 249 2863 tione
261 2812 488 2871 manipulos
501 2841 517 2867 ,
544 2812 596 2856 ad
621 2813 857 2875 aternitatis
875 2812 1019 2854 horrea
1045 2822 1110 2852 re-

141 2881 353 2935 portaret,
369 2885 462 2917 cum
531 2871 614 2927 puli
629 2870 687 2914 sui
702 2870 948 2928 principibus
977 2869 1109 2912 collo·

139 2933 290 2980 candus
306 2961 324 2985 ,
338 2887 672 2989 coronfojussitiae
685 2941 901 2974 coronatus
919 2959 930 2970 .
946 2930 1034 2989 Qi
1050 2929 1111 2970 ni-

135 2994 292 3046 initum
307 3005 387 3035 non
413 3004 497 3048 quae
521 2990 586 3031 sua
598 2986 690 3032 sunt
704 3004 937 3047 ,quan-ens,
953 2990 1017 3033 sed
1037 3002 1109 3044 po·

79 3080 83 3085 ,
136 3050 222 3100 {ihs
245 3063 331 3109 quae
346 3049 432 3094 sunt
457 3047 609 3093 christi
625 3078 639 3102 ,
665 3050 850 3092 &eidem
868 3077 883 3100 ,
898 3049 1012 3092 velut
1025 3047 1109 3101 apis

140 3107 418 3168 argumentosa
433 3106 662 3152 deserviens
675 3134 690 3157 ,
716 3123 788 3152 nec
803 3123 881 3151 non
895 3108 1000 3164 quasi
1016 3107 1110 3150 stel-

161 3185 184 3215 a
197 3169 443 3214 matutinain
461 3167 598 3211 medio
612 3167 789 3218 nebulae,
814 3181 860 3209 ac
885 3167 993 3225 quafi
1019 3166 1110 3208 luna

49 3239 59 3288 '„
110 3275 141 3286 Α,
186 3240 262 3273 ena
280 3227 319 3271 in
333 3226 478 3271 diebus
492 3225 567 3270 suis
583 3255 598 3278 ,
613 3227 652 3268 &
666 3226 764 3270 sicut
787 3224 899 3270 folin
929 3223 1112 3270 Ecclesia

104 3286 150 3323 *ῡῖ
212 3286 395 3343 isulgens
409 3314 424 3338 ,
442 3285 670 3342 lampadem
685 3314 700 3337 ,
713 3288 751 3328 8(
767 3285 904 3328 tubam
917 3285 956 3328 in
971 3297 1110 3326 manus

116 3334 121 3349 ²
135 3349 185 3391 3·
222 3344 339 3404 mpfit
353 3371 368 3395 2
385 3355 431 3390 ut
444 3345 674 3389 lucentium
697 3358 866 3401 operum
891 3345 1112 3387 documen·

205 3404 398 3449 <humiles
413 3405 642 3449 attraheret
667 3404 715 3446 ad
733 3404 902 3460 gratiam
915 3432 931 3455 ‚
957 3403 998 3444 δε
1023 3415 1115 3456 pro-

174 3493 184 3512 ς
227 3470 285 3508 ὀς
298 3464 321 3507 ἑ
335 3465 462 3508 noxiis
490 3464 721 3508 retraheret
747 3462 966 3508 excessibus
978 3487 994 3510 ,
1008 3462 1113 3503 dura

148 3522 150 3527 ’
188 3525 211 3578 ζ’,
239 3541 241 3544 ’
265 3523 425 3580 petione
451 3524 656 3568 terrend0.
671 3524 732 3565 Ac
746 3521 797 3566 sic
814 3524 968 3565 virtute
984 3521 1112 3563 chari-

173 3604 180 3645 '1
195 3581 245 3637 J
260 3579 422 3625 ‘afflatus
449 3582 490 3625 in
517 3582 639 3627 castra
662 3580 972 3625 Madianitarum
987 3609 1002 3632 ,
1030 3582 1112 3622 Ec·

207 3639 475 3698 ffiiudicium
490 3641 782 3687 declinantium
795 3672 812 3693 ‚
839 3656 911 3698 per
924 3648 1112 3683 contem·

158 3694 355 3757 ptfflssflo
367 3699 545 3756 juvante,
563 3699 648 3759 qui,
662 3698 760 3742 dum
777 3699 963 3756 virginali
989 3710 1110 3742 utero

157 3748 432 3820 tianae-Qu
458 3763 658 3805 mundum
674 3757 742 3801 suo
767 3760 964 3803 circuibat
981 3757 1110 3813 impe-

159 3825 224 3854 rio
238 3805 471 3870 univerfflm,
483 3816 709 3878 intrepidus
731 3818 852 3863 irruit
866 3845 882 3872 ,
892 3821 932 3866 δι
946 3816 1109 3860 abstulit

236 3888 240 3892 -
266 3870 438 3931 -va'fi,

2029 217 2091 300 9

1167 350 1280 380 arma
1291 365 1307 388 ,
1323 338 1362 379 in
1391 340 1536 392 quibus
1552 336 1782 383 confidebat
1809 340 1926 385 fortis
1940 358 2117 390 armatus
2134 355 2151 403 ς

1166 397 1317 437 atrium
1341 394 1453 436 suum
1481 396 1709 438 custodiens
1725 426 1740 449 ,
1765 399 1805 438 &
1834 402 2038 446 distribuit
2061 409 2148 460 spo—

1169 455 1242 506 lia,
1253 467 1339 510 quae
1353 455 1535 506 tenebat,
1549 453 1708 510 ejusque
1726 457 2009 511 captivitatem
2025 467 2151 517 capti·-

1170 527 1259 556 vam
1276 514 1442 556 reduxit
1460 514 1499 556 in
1513 512 1749 571 obsequium
1772 514 1861 569 jesu
1880 517 2028 558 Christi
2047 549 2058 559 .

1225 574 1307 623 §.5.
1368 573 1492 616 Hoste
1521 573 1658 629 itaque
1687 574 1839 628 triplici
1871 575 2037 618 interra
2052 579 2154 632 pofig

1170 643 1237 675 tus
1254 635 1466 687 superato,
1487 634 1632 689 Regno
1647 634 1868 675 Coelorum
1888 633 1967 674 vim
1987 634 2145 688 intulit,

1167 691 1328 734 &illud
1346 692 1479 746 rapuit
1502 692 1725 741 violenter,
1754 694 1792 734 δι
1818 692 1903 748 post
1932 692 2046 745 hujus
2062 696 2151 736 vitae

1168 750 1406 808 quamplura
1429 752 1601 806 gloriosa
1624 752 1848 795 certamina
1868 779 1884 801 ,
1911 752 2151 794 mundum-e

1167 811 1418 865 triumphans
1434 807 1613 853 feliciter
1629 813 1816 867 migravit
1830 808 1881 853 ad
1901 811 2143 865 Dominum,

1169 870 1318 914 multos
1335 872 1579 925 praeveniens
1595 870 1758 913 scientia
1772 870 1958 924 praeditos
1971 897 1986 920 ,
2013 870 2146 913 scien-

1168 942 1234 974 ter
1249 928 1403 972 nescius
1417 954 1431 976 ,
1445 930 1481 971 &
1499 930 1700 988 sapienter
1715 930 1896 972 indoctus
1911 956 1922 967 .

1224 989 1313 1039 §.6-
1375 987 1478 1030 sane
1507 990 1606 1033 licet
1633 989 1718 1045 ejus
1749 990 1829 1031 vita
1862 1001 1942 1032 tam
1962 987 2154 1038 (aneia-2,

1168 1058 1255 1092 tam
1286 1048 1475 1100 strenua,
1502 1051 1542 1092 &
1568 1050 1759 1106 praeclara
1787 1050 1856 1091 sibi
1883 1047 2082 1092 sufficeret
2097 1048 2150 1090 ad

1166 1109 1439 1151 obtinendum
1472 1110 1720 1152 consortium
1771 1107 1961 1152 Ecclefiae
2003 1109 2150 1149 trium·

1170 1169 1331 1225 phantis
1347 1182 1362 1222 3
1377 1169 1468 1224 quis
1493 1180 1627 1212 tamen
1648 1168 1829 1211 militans
1845 1197 1859 1219 ,
1887 1180 1975 1224 quae
2002 1166 2151 1209 solum·

1168 1228 1290 1271 modo
1306 1227 1418 1271 videt
1438 1230 1475 1270 in
1491 1228 1619 1281 facie,
1650 1243 1727 1271 non
1758 1228 1957 1285 praesumit
1974 1226 2026 1269 de
2055 1227 2117 1268 his
2132 1254 2147 1277 ,

1166 1289 1237 1345 qui
1265 1286 1317 1329 de
1336 1287 1403 1328 suo
1434 1285 1519 1330 foro
1545 1301 1627 1331 non
1648 1287 1760 1341 sunt,
1788 1288 2033 1337 austeritate
2062 1298 2154 1341 pro-

1167 1349 1254 1403 pria
1269 1345 1475 1399 judicare,
1508 1359 1551 1391 ut
1578 1348 1669 1392 illos
1701 1363 1773 1403 pro
1789 1348 1871 1390 vita
1886 1344 2046 1390 tantum
2079 1357 2154 1386 ve-

1166 1405 1371 1451 nerandos
1395 1404 1560 1449 affumat
1586 1432 1600 1455 ,
1630 1404 1846 1460 prasertim
1870 1432 1884 1454 ,
1918 1404 2012 1460 quia
2040 1415 2147 1445 non-

1167 1477 1391 1520 numquam
1409 1466 1591 1520 Angelus
1619 1466 1801 1507 Sathanae
1828 1467 1869 1506 in
1888 1464 1991 1507 lucis
2012 1463 2148 1516 Ange-

1170 1527 1254 1570 lum
1272 1526 1309 1568 se
1327 1522 1616 1576 transformat;
1643 1524 1947 1579 Omnipotens,
1974 1522 2015 1563 &
2040 1518 2155 1562 mile-

1171 1587 1298 1629 ricors
1317 1586 1432 1626 Deus
1449 1614 1462 1636 ,
1477 1586 1530 1628 de
1548 1583 1662 1640 cujus
1693 1598 1856 1627 munere
1875 1583 1980 1625 venit
1996 1609 2010 1632 ,
2041 1578 2151 1637 quod

1170 1644 1378 1702 pradictus
1394 1642 1566 1687 famulus
1583 1643 1737 1686 (Lhrifli
1752 1643 1875 1698 digne
1894 1642 1996 1691 fibi,
2014 1641 2055 1682 δι
2070 1639 2149 1681 lau.

1169 1704 1363 1748 dabiliter
1378 1702 1598 1747 deservivit
1613 1730 1627 1751 ,
1642 1714 1794 1745 tantam
1814 1702 2026 1745 lucernam
2043 1729 2058 1751 ,
2083 1698 2154 1751 abg

1171 1764 1400 1808 sconditam
1415 1762 1485 1805 sub
1503 1762 1641 1805 modio
1656 1776 1870 1804 remanere
1884 1776 1963 1802 non
1981 1759 2151 1816 patiens,

1172 1823 1241 1867 sed
1256 1835 1343 1865 eam
1363 1822 1508 1865 volens
1524 1822 1639 1876 super
1655 1821 1942 1864 candelabrum
1970 1817 2154 1860 colloca·

1169 1883 1205 1927 ri
1220 1882 1322 1934 ,his,
1337 1879 1509 1937 quisunt
1536 1882 1575 1922 in
1590 1881 1713 1922 domo
1747 1882 1905 1922 luminis
1922 1908 1937 1930 ,
1964 1874 2153 1918 solatium

1170 1942 1445 2001 praebituram,
1462 1942 1586 1983 vitam
1603 1939 1692 1993 ejus
1709 1941 1776 1981 sibi
1795 1936 1904 1981 fuiss‘e
1921 1944 2150 1991 acceptam,

1167 2005 1206 2046 &
1232 2002 1352 2057 ipsius
1369 2001 1605 2044 memoriam
1633 1998 1709 2041 esse
1735 2003 1757 2043 i
1776 1996 1970 2040 militanti
2000 1993 2152 2037 Eccle-

1170 2061 1222 2104 (is
1238 2060 1509 2104 venerandam
1524 2059 1683 2111 multis,
1696 2059 1736 2100 δι
1758 2056 1962 2114 praeclaris
1977 2055 2156 2097 miracu-

1172 2114 1223 2153 lis
1238 2114 1466 2154 declaravit
1480 2142 1494 2154 .

1231 2170 1314 2213 §·7·
1378 2173 1486 2210 Cum
1506 2171 1630 2220 igitur
1647 2172 1827 2224 gloriosa·
1841 2173 1932 2215 vitae
1959 2171 2074 2226 iplius
2091 2171 2158 2212 iri-1

1170 2219 1292 2275 fignia
1306 2233 1356 2262 ex
1372 2221 1500 2261 multa
1517 2221 1932 2279 familiaritate,quam
1948 2230 2156 2270 nobiscum

1170 2279 1309 2323 habuit
1339 2278 1378 2320 in
1410 2280 1552 2320 minori
1579 2279 1715 2322 officio
1744 2284 1970 2325 constitutis
1988 2312 1999 2331 ,
2028 2284 2155 2338 plen'e

1173 2340 1338 2393 cognita
1358 2338 1483 2379 Nobis
1499 2336 1622 2380 cisent
1641 2368 1655 2391 ,
1680 2342 1718 2382 &
1746 2342 1798 2384 dc
1826 2342 2156 2385 miraculorum

1174 2398 1459 2440 coruscatione
1485 2398 1705 2453 multiplici
1724 2425 1737 2446 ,
1766 2414 1838 2455 per
1855 2406 1973 2443 testes
1992 2403 2159 2444 idoncos

1176 2458 1307 2499 Nobis
1323 2453 1423 2496 facia
1438 2455 1561 2498 suerit
1590 2456 1708 2510 plena
1729 2457 1829 2500 fides
1844 2488 1858 2509 ‚
1894 2457 2153 2504 confidentes

1173 2528 1246 2571 per
1271 2515 1347 2558 Dei
1377 2515 1690 2558 misericordiam
1708 2545 1721 2566 ,
1738 2520 1825 2559 Nos
1841 2520 1882 2559 δι
1896 2532 2062 2573 gregem
2080 2533 2156 2562 no-

1170 2574 1233 2618 bis
1259 2571 1506 2618 commistum
1529 2573 1616 2628 ejus
1640 2573 1832 2631 suffragiis
1864 2577 2052 2630 adjuvari
2069 2605 2083 2624 ,
2115 2578 2156 2620 δι

1170 2648 1293 2692 quem
1322 2633 1559 2677 familiarem
1590 2635 1799 2678 habuimus
1829 2638 1867 2679 in
1896 2639 2049 2687 terris,
2081 2637 2154 2679 ha-

1172 2697 1272 2739 bere
1289 2704 1504 2750 patronum
1524 2695 1563 2735 in
1590 2694 1752 2736 Coelis:
1773 2697 1911 2738 habito
1928 2700 2152 2740 Fratrum,

1171 2755 1399 2799 nostrorum
1427 2753 1595 2795 consilio
1608 2779 1622 2801 ,
1636 2755 1674 2795 δι
1691 2752 1840 2796 assensu
1857 2754 1985 2808 ipsum
1999 2753 2151 2797 adscri-

1173 2815 1213 2857 bi
1230 2813 1487 2859 decrevimus
1513 2815 1752 2857 Sant‘torum
1774 2814 2010 2871 Cathalogo
2028 2826 2154 2856 vene-

1171 2874 1342 2917 randum
1360 2899 1371 2911 .

1232 2934 1314 2983 §.8.
1378 2934 1631 2982 statuentes,
1649 2941 1694 2975 ut
1715 2943 1865 2988 quarto
1890 2947 2015 2976 nonas
2029 2934 2155 2974 ocios

1171 2994 1256 3035 bris
1274 3019 1288 3040 ,
1311 2988 1382 3033 die
1411 2990 1602 3034 videlicet
1618 3020 1632 3042 ‚
1661 2994 1776 3048 quoi
1792 2992 1922 3035 carnis
1950 2990 2153 3048 ergastulo

1171 3051 1328 3094 solutus
1349 3053 1399 3092 ab
1422 3052 1591 3093 aetherea
1608 3052 1748 3108 Regna
1765 3052 1970 3106 pervenit,
1985 3053 2035 3092 ab
2061 3049 2152 3091 uni-

1175 3109 1320 3153 versali
1349 3108 1559 3161 Ecclesia,
1591 3111 1775 3153 natalitia
1806 3109 1891 3167 ejus
1917 3109 2073 3153 devote
2103 3120 2149 3150 ac

1174 3168 1411 3213 solemniter
1425 3168 1692 3214 celebrentur
1706 3199 1719 3211 .

1235 3229 1272 3278 ξ.
1289 3242 1330 3284 9.
1406 3228 1614 3281 Quocirca
1633 3228 1948 3272 Univerfitatem
1975 3228 2151 3271 vestram

1176 3301 1361 3342 rogamus
1381 3315 1395 3338 ,
1421 3300 1629 3331 monemus
1653 3317 1668 3340 ‚
1695 3290 1735 3330 &
1761 3289 1973 3330 hortamur
2004 3288 2042 3330 in
2067 3286 2150 3327 Do·

1175 3347 1283 3389 mino
1309 3374 1323 3397 ,
1359 3360 1433 3403 per
1462 3346 1689 3402 Apostolica
1717 3347 1829 3389 vobis
1865 3343 2011 3402 scripta
2041 3358 2148 3386 man·

1175 3406 1346 3456 dantes,
1373 3417 1574 3461 quatenus
1603 3406 1670 3449 die
1701 3405 1886 3461 praeditsto
1913 3405 1952 3447 in
1968 3417 2151 3448 comme·

1175 3465 1405 3508 moratione
1438 3463 1556 3520 ipfius
1577 3494 1590 3517 ,
1613 3465 1765 3508 divinis
1794 3462 1980 3506 laudibus
2005 3462 2149 3507 alacri-

1172 3525 1301 3567 criter
1323 3524 1540 3566 insistentes
1567 3550 1582 3572 ,
1613 3524 1784 3579 ejusdem
1814 3523 2036 3578 patrocinia
2072 3524 2149 3563 hu-

1173 3583 1328 3626 militer
1355 3583 1581 3638 imploretis
1602 3611 1616 3634 ,
1656 3594 1700 3626 ut
1738 3584 1853 3638 ipfius
1883 3580 2152 3625 interceden-

1172 3644 1282 3686 tibus
1315 3644 1470 3685 meritis
1499 3642 1547 3684 ad
1587 3641 1675 3695 ejus
1724 3642 1963 3685 mereamini
1992 3645 2150 3683 consor—

1170 3702 1277 3745 tium
1308 3701 1519 3756 pervenire
1547 3728 1562 3750 ,
1604 3700 1677 3745 illo
1701 3702 1910 3757 praestante
1943 3728 1958 3752 ,
2001 3700 2069 3754 qui
2097 3696 2150 3737 est

1172 3760 1406 3805 benedictus
1437 3760 1478 3804 in
1510 3759 1649 3805 saecula
1673 3759 1934 3806 saeculorum.

1228 3823 1360 3865 Amen
1379 3849 1392 3864 .

1710 3881 1744 3920 Β
1934 3877 2088 3916 Datum
