2444 4192
738 141 899 229 Sub
964 144 1359 230 Benedibi'o
1420 148 1509 230 X
1527 147 1570 229 I
1590 147 1692 271 V.

231 307 292 342 ter
315 297 392 340 alia
417 292 674 342 declaravit,
695 291 938 336 Sacerdotes
961 305 1042 337 tam
1068 299 1195 338 Saecu-

226 359 331 398 lares
347 383 361 404 ‚
386 353 506 408 quam
534 350 754 406 Regulares
768 378 785 400 ‚
815 351 884 403 qui
907 351 958 392 ab
985 352 1192 407 Epilcopis

223 411 479 456 obtinuerint
514 409 720 453 licentiam
749 407 938 449 audiendi
983 410 1194 451 confeffio-

225 485 294 513 nes
308 498 322 521 ,
337 465 550 512 limitatam
566 469 628 511 vel
646 467 777 523 quoad
804 465 942 508 locum
956 492 971 513 ‚
983 468 1048 509 vel
1063 464 1204 522 quoad·

227 541 385 582 tempus
401 558 416 581 ‚
432 529 496 571 vel
512 526 645 584 quoad
667 538 793 581 genus
807 521 1065 579 personarum
1079 551 1094 574 ,
1111 536 1191 564 non

226 587 334 643 poffe
349 593 656 632 Sacramentum
669 581 922 628 Poenitentiae
942 580 1191 623 administra-

225 661 269 688 re
285 658 396 691 extra
411 658 568 703 tempus
582 670 598 693 ‚
612 643 676 687 vel
691 643 827 686 locum
840 667 855 690 ‚
882 638 948 682 vel
963 652 1087 694 genus
1101 651 1195 692 per-

229 705 421 750 sonarum
440 707 492 748 ab
515 703 603 759 ipfis
627 699 835 758 Episcopis
860 694 1194 754 praescriptum3

226 779 481 822 quocumque
506 761 722 819 privilegio
734 787 749 811 ,
762 758 884 802 etiam
899 758 939 799 in
953 756 1034 798 vim
1052 753 1190 800 Bullae,

217 838 315 883 ¹qua:
341 823 569 881 appellatur
600 818 801 863 Cruciatae
814 816 963 858 Sannae
979 843 994 866 ,
1022 826 1190 867 compe-

223 892 368 932 tente,
391 882 622 926 nullatenus
640 876 899 934 suffragante:
924 876 1094 918 Necnon
1122 875 1190 939 §a-

226 941 461 985 cerdotibus
474 938 665 997 praedictis
679 946 759 981 tam
774 933 1056 983 Saecularibus,
1069 941 1190 988 quam

226 999 493 1056 Regularibus
511 1028 525 1052 ,
540 998 590 1041 ad
604 993 878 1041 Confeffiones
911 988 1169 1048 excipiendas
1181 1012 1197 1036 2

226 1059 357 1102 velex
374 1060 412 1102 vi
434 1054 762 1116 praedic'taeBnllae
790 1052 1023 1100 Cruciatur,
1054 1047 1125 1115 vel·
1146 1060 1197 1116 e}

254 1131 476 1173 uocumque
499 1116 583 1160 alio
599 1113 812 1171 privilegio
841 1112 1004 1160 electis,
1030 1108 1195 1150 minime

223 1131 579 1232 puffragarifflubd
595 1172 811 1229 approbati
839 1171 936 1216 alias
967 1166 1116 1211 fuerint
1146 1164 1195 1207 ab

225 1234 430 1287 Episcopo
438 1234 534 1284 ,qui
559 1231 782 1286 aliquando
807 1230 890 1272 loci
907 1255 922 1278 ‚
944 1228 984 1271 in
996 1239 1080 1283 quo
1094 1236 1196 1288 con·

225 1289 415 1333 semones
430 1290 636 1332 audienda:
647 1290 736 1331 sunt
748 1313 764 1335 ‚
779 1287 1018 1330 ordinarius
1043 1281 1166 1326 fuerit
1179 1309 1195 1334 ,

225 1348 291 1392 sed
313 1348 405 1389 talis
419 1359 502 1388 non
520 1344 692 1401 amplius
724 1344 892 1390 existat,
920 1341 988 1385 vel
1020 1341 1112 1395 quia
1141 1340 1192 1381 ab

225 1407 412 1450 humanis
427 1403 630 1447 excefferit
646 1429 660 1454 ,
673 1410 741 1444 aut
759 1398 1022 1458 Episcopatui
1039 1409 1192 1440 renun-

181 1477 184 1480 '
226 1465 389 1508 tiaverit
405 1492 420 1515 ,
445 1462 510 1506 vel
537 1465 629 1517 quia
652 1460 703 1503 ad
732 1461 854 1503 aliam
878 1455 1100 1502 Ecclefiam
1123 1467 1193 1496 au·

229 1524 422 1566 ctoritate
443 1519 677 1577 Apostolica
690 1518 905 1562 translatus
936 1515 1164 1570 reperiatur
1178 1537 1195 1560 ι,

227 1582 296 1626 sed
311 1579 569 1626 necessariam
588 1576 751 1621 omnino
765 1575 840 1619 else
866 1574 972 1618 illius
986 1601 1001 1625 ,
1031 1573 1098 1629 qui
1129 1584 1199 1613 ac-

227 1642 424 1692 tualiter,
440 1641 481 1681 &2
498 1652 572 1693 pro
598 1648 781 1690 tempore
810 1633 1054 1677 ordinariam
1078 1627 1198 1687 Juris·

231 1701 448 1743 dictionem
479 1698 520 1740 in
553 1710 600 1739 ea
616 1692 792 1739 Dioecefi
809 1702 995 1736 exerceat
1012 1719 1027 1742 ,
1050 1702 1199 1755 appro-

230 1758 453 1809 bationem
468 1757 568 1798 hanc
584 1763 719 1797 tamen
733 1751 936 1803 sufficere,
955 1751 1078 1793 etiam
1094 1759 1198 1791 tacr-

231 1829 314 1861 tam
329 1846 344 1868 ,
356 1827 523 1871 eamque
543 1809 698 1856 tamdiu
711 1811 878 1863 durare,
893 1807 1082 1866 quamdiu
1097 1819 1195 1862 prae·

229 1876 376 1920 cedens
394 1873 554 1918 licentia
579 1870 657 1913 five
671 1870 913 1927 approbatio
926 1865 1114 1924 expresse
1131 1879 1196 1908 re·

229 1944 376 1978 vocata
405 1947 485 1976 non
513 1931 663 1987 fucrit3
693 1933 731 1972 in
756 1943 841 1986 quo
869 1927 960 1972 casu
985 1940 1088 1971 nova
1102 1924 1194 1970 de,

227 1996 393 2049 integro
409 1991 652 2048 approbatio
681 1988 937 2045 impetranda
963 1987 1069 2038 crit,
1096 1983 1194 2026 ficut

154 2048 156 2051 ’
233 2053 360 2096 etiam
373 2077 387 2101 ‚
402 2050 567 2108 quando
583 2049 693 2106 prior
710 2048 948 2104 approbatio
962 2074 977 2099 ,
1008 2055 1195 2099 tempore

230 2109 428 2170 praefinito
452 2109 586 2165 elapso
601 2138 616 2160 ,
630 2108 902 2164 expiraverit.
1100 2121 1105 2126 ·

335 2197 338 2200 ·
362 2170 549 2226 Cumque
573 2165 652 2209 san.
680 2180 798 2209 mem.
826 2164 1060 2209 Benedictus
1091 2164 1199 2220 Papa

230 2231 356 2274 XIII.
391 2226 574 2284 praefatas
601 2226 829 2270 Innocentii
859 2226 978 2267 XIII.
1008 2224 1197 2274 litteras,

231 2287 310 2331 suis
321 2284 409 2333 aliis
425 2284 664 2343 Apostolicis
693 2284 843 2327 litteris
866 2282 1059 2339 incipien.
1076 2285 1120 2324 In
1121 2281 1200 2340 fia-

231 2355 367 2404 prcmo
383 2342 784 2390 Militantisficcleliae
797 2344 926 2392 solio,
957 2340 1024 2384 die
1056 2339 1200 2397 vigeli-

233 2420 298 2448 ma
317 2406 436 2448 tertia
450 2402 696 2461 Septembris
714 2402 809 2444 anni
834 2400 1031 2444 millelimi
1053 2400 1200 2455 septin-

233 2463 440 2520 gentelimi
454 2462 628 2519 vigesimi
653 2460 815 2519 quarti,
845 2458 1110 2504 Pontificstfis
1143 2457 1199 2500 sui

231 2529 355 2567 Anno
379 2523 510 2579 primo
524 2521 652 2569 datis,
680 2533 823 2563 earum
849 2529 990 2562 tenore
1003 2517 1057 2561 de
1073 2518 1203 2561 verbo

234 2583 283 2624 ad
301 2582 475 2626 verbum
501 2580 682 2630 inserto,
714 2579 798 2633 pari
830 2579 1073 2620 auctoritate
1091 2581 1201 2631 Apo·

233 2639 372 2685 stolica
394 2640 434 2682 in
449 2638 639 2681 omnibus
653 2662 668 2686 ,
691 2637 732 2678 &
748 2650 820 2690 per
846 2636 981 2678 omnia
1004 2638 1202 2701 perpetuo

232 2691 1205 2811 ῗὲἒῖξὲἶίζὶέἕέἒἱᾟὲιῖῖῖἕαῗὲἓῑιῒὲἓὲῗῖ,

235 2816 509 2868 innovataque
522 2811 741 2855 noscuntur
753 2839 769 2864 ,
796 2824 885 2866 quae
894 2811 946 2852 de
959 2809 1205 2855 facultatu

238 2871 419 2929 eligendi
449 2869 748 2914 Confeflarium
774 2879 857 2912 tam
887 2868 939 2909 ab
962 2868 1207 2911 Innocentio

239 2933 343 2976 xu-
357 2930 504 2987 ,quam
518 2929 540 2971 i
555 2928 675 2972 XIII.
689 2953 705 2977 ,
717 2928 880 2971 decreta
894 2953 910 2978 ,
923 2924 1207 2983 declarataque

200 3017 205 3020 -
235 2986 348 3035 suiffe
360 2985 768 3031 commemoravimus
783 3013 798 3029 .
1107 2998 1110 3004 ·

358 3047 467 3108 Qia
482 3048 579 3090 vero
593 3045 713 3090 iidem
738 3043 1051 3089 Praedeceffores
1067 3043 1204 3087 Nostri

236 3106 502 3155 Innocentius
520 3105 696 3154 x11.,&
717 3105 837 3147 XIII.
864 3104 902 3145 in
918 3103 996 3146 suis
1018 3102 1205 3159 respecti-

240 3165 458 3211 venereris
474 3193 489 3217 ‚
501 3161 711 3208 Indulturn
728 3177 802 3218 per
822 3162 980 3205 Bullam
1005 3162 1207 3205 Cruciatae

239 3222 467 3272 concessum
482 3220 768 3267 tantummodo
799 3221 1037 3265 nominatim
1049 3219 1206 3275 expres-

239 3284 461 3336 seman&
477 3284 528 3328 ab
551 3282 793 3330 Innocentio
806 3282 930 3324 XIII.
955 3280 1123 3323 alterius
1137 3293 1208 3322 cu·

242 3343 473 3403 juscumque
515 3342 673 3397 generis
706 3340 917 3395 privilegia
949 3339 1209 3394 generatim-o

247 3403 455 3446 dumtaxat
473 3398 559 3442 sunt
575 3400 776 3442 indicata:
792 3398 961 3442 Idcirco
975 3401 1060 3440 Nos
1073 3399 1210 3440 animo

245 3459 679 3516 prospicientes,quod
706 3458 777 3499 nili
803 3457 973 3508 clarius,
1003 3466 1123 3513 atquc
1145 3455 1210 3496 di-

246 3519 422 3562 stinctius
436 3518 686 3562 declaratum
700 3514 854 3568 fuerit,
882 3530 1062 3573 quaenam
1078 3515 1209 3559 Privi-

246 3578 354 3634 lcgia
383 3577 445 3619 seu
472 3577 636 3621 Indulta
653 3575 720 3617 sub
748 3575 934 3633 praefatas
956 3576 1113 3631 regulas
1144 3587 1209 3616 ca-

243 3637 343 3679 dant
357 3636 397 3676 &
411 3632 557 3678 cadere
567 3636 758 3685 debeant,
776 3635 884 3678 idem
899 3633 1056 3679 sortasse
1070 3647 1210 3689 repro-

242 3695 456 3739 batarum,
487 3702 534 3735 ut
559 3693 703 3748 supra,
729 3696 967 3749 opinionum
980 3693 1205 3737 offendicu-

242 3755 328 3797 lum
345 3761 417 3854 ,315
430 3749 531 3793 olim
559 3752 599 3795 in
614 3754 805 3809 praediclae
829 3755 953 3798 Builae
975 3756 1176 3798 Cruciatae
1188 3777 1203 3800 s

402 3823 477 3859 oms
487 3813 548 3855 Vl·
874 3810 884 3814 ⁸

2004 182 2155 267 305

1254 297 1305 336 fic
1321 294 1443 338 etiam
1466 294 1506 333 in
1521 290 1696 334 alioruin
1709 290 1885 347 ejusdcm
1902 304 2060 348 generis
2076 305 2220 346 Indul'-

1254 350 1738 403 roruminterpretatione
1766 351 1802 389 &
1819 352 1884 391 usu
1905 379 1919 401 ,
1939 355 2080 401 snbeffe
2100 362 2219 403 facilia,

1258 407 1412 462 poffet3
1434 409 1490 447 Et
1517 407 1628 459 vigili
1647 420 1744 447 cura
1769 407 1947 448 animum
1976 413 2070 456 inid
2088 417 2221 460 inten-

1257 465 1394 506 dentes
1410 476 1490 510 ‚ne
1503 463 1686 503 inimicus
1714 464 1841 505 horno
1866 464 2086 519 hujusmodi
2112 476 2220 516 ziza.

1255 522 1319 564 nia
1346 522 1384 562 in
1412 532 1513 572 agro
1545 520 1763 562 Dominico
1779 520 1979 565 ullatenus
2002 526 2134 568 valeat
2154 531 2217 573 su-

1255 576 1548 635 perseminare,
1576 586 1696 632 atque
1709 588 1752 620 ut
1778 579 1978 622 Fidelium
2010 584 2220 627 conscien-

1256 637 1321 678 tiae
1347 635 1520 678 securius
1547 633 1775 691 dirigantur
1793 664 1807 688 ,
1831 652 1911 680 non
1938 640 2063 682 modo
2097 644 2222 686 relata

1256 693 1431 748 superius
1448 690 1783 737 Praedecefforum
1798 697 2024 740 nostrorum
2049 700 2224 744 Decreta

1250 753 1492 795 auctoritate
1531 766 1693 808 quoque
1736 756 1883 798 Nostra
1925 759 2196 812 approbamus
2210 785 2224 806 ,

1251 808 1563 861 confirmamus,
1585 812 1625 852 δι’.
1650 813 1918 863 innovamus,
1946 815 2085 860 verum
2102 819 2224 860 etiam

1251 869 1394 911 eadem
1407 870 1649 911 auctoritate
1663 897 1678 921 ,
1688 872 1729 913 ἃ.
1742 873 1859 916 (ῐωίΙί
1875 882 1986 916 motu
2000 900 2015 922 ,
2038 873 2221 927 scientia,

1251 930 1292 970 δι
1308 927 1514 984 potestatis
1529 927 1788 983 plenitudine
1812 932 2019 975 statuimus
2031 934 2070 974 &
2085 934 2224 978 decla-

1257 999 1390 1029 ramus
1402 1014 1420 1038 ,
1439 989 1550 1042 quod
1564 987 1671 1029 idem
1687 990 1856 1032 omnino
1871 988 1930 1044 jus
1947 1018 1962 1040 ,
1978 992 2086 1046 quod
2106 994 2223 1047 vigo-

1257 1059 1300 1088 re
1323 1045 1599 1088 Decretorum
1631 1045 1855 1101 hujusmodi
1880 1076 1895 1099 ‚
1927 1051 2034 1092 circa
2064 1051 2223 1094 intelli-

1256 1104 1435 1162 gentiam
1449 1106 1486 1146 &
1500 1103 1610 1148 usum
1627 1104 1775 1148 lndulti
1787 1105 1910 1150 Bulla:
1926 1108 2125 1152 Cruciatae
2145 1111 2224 1151 ob·

1257 1166 1361 1207 tinet
1373 1189 1389 1211 a
1402 1163 1526 1207 etiam
1549 1163 1682 1219 quoad
1700 1165 1856 1221 reliqua
1875 1166 2051 1222 ejusdem
2066 1168 2223 1223 generis

1255 1222 1423 1266 Indulta
1442 1218 1718 1278 pariformitcr
1736 1225 1871 1270 valere
1887 1226 2035 1269 debeat
2048 1256 2064 1278 ,
2092 1228 2132 1269 δι
2147 1227 2223 1269 ob-

1254 1282 1382 1323 tinere
1400 1295 1417 1334 ;
1433 1282 1634 1325 Volumus
1646 1283 1770 1324 ctiam
1797 1286 2132 1341 reprobationem
2159 1285 2226 1328 di·

1251 1340 1405 1381 aarum
1429 1342 1671 1394 opinionum
1687 1353 1908 1397 ‚quatenus
1931 1342 2147 1398 respiciunt
2161 1345 2224 1384 in-

1252 1397 1522 1452 telligentiam
1534 1427 1551 1448 ,
1570 1400 1611 1441 8ι
1625 1401 1734 1440 utum
1765 1402 1919 1443 ludulri
1937 1400 2114 1455 predicti
2131 1402 2228 1443 Bul-

1256 1454 1301 1499 lae
1330 1456 1534 1498 Cruciatae
1562 1481 1576 1504 ,
1621 1455 1644 1496 a
1671 1457 1846 1512 praefatis
1872 1458 2225 1502 I’raedeccssoribus

1258 1511 1575 1568 proscriptarum
1592 1542 1608 1564 ,
1623 1514 1762 1558 Iocum
1788 1514 1969 1559 [imiliter
1992 1517 2196 1564 haber&
2214 1547 2230 1569 ,

1258 1581 1454 1627 quatenus
1479 1570 1637 1614 casdem
1650 1575 1861 1628 opiniones
1885 1576 2156 1619 &sententias
2186 1576 2229 1619 in

1260 1629 1438 1674 medium
1466 1627 1641 1686 proferri
1666 1633 1924 1687 contingeret
1955 1634 2063 1677 circa
2092 1634 2232 1678 fimilia

1257 1689 1381 1731 etiam
1395 1688 1556 1732 Indulta
1570 1717 1585 1740 ,
1600 1688 1677 1732 five
1691 1691 1885 1736 univerlis
1916 1707 1987 1748 per
2009 1692 2230 1737 Ecclesiam

1258 1746 1627 1798 Christifidelibus,
1654 1750 1732 1791 five
1757 1749 1876 1795 alicui
1909 1752 2085 1809 Regioni
2114 1782 2128 1805 ,
2159 1761 2231 1795 aut

1259 1809 1375 1851 Loco
1389 1834 1404 1857 ‚
1424 1806 1685 1850 Universitati
1699 1835 1714 1859 ,
1739 1818 1808 1851 aut
1824 1812 1969 1855 Coetui
1996 1810 2231 1867 particulari

1258 1866 1467 1910 Sodalium
1485 1894 1499 1916 ‚
1526 1863 1589 1906 scu
1619 1863 1919 1918 Confrarrum,
1945 1870 2231 1925 quandocum-

1254 1940 1333 1982 que
1347 1953 1363 1978 ,
1374 1925 1414 1966 δι
1429 1923 1667 1979 ubicumque
1680 1924 1858 1970 concess'a
1870 1957 1887 1979 ,
1904 1928 1967 1974 vel
1992 1928 2225 1972 conceden-

1255 1985 1308 2028 da
1322 2013 1336 2027 .

1371 2045 1541 2100 Insuper
1554 2044 1810 2089 decernimus
1822 2047 1863 2089 &
1875 2047 2146 2100 declaramus,
2169 2048 2227 2099 id,

1258 2103 1370 2161 quod
1386 2102 1634 2158 generaliter
1657 2105 1708 2148 de
1723 2106 1897 2150 Induitis
1924 2107 2125 2163 praemissis
2142 2106 2232 2150 scn-

1259 2162 1447 2209 tiendum
1460 2159 1535 2206 else
1559 2162 1635 2218 jam
1649 2164 1821 2208 diximus
1836 2193 1851 2217 ,
1863 2165 2108 2222 generaliter
2121 2180 2227 2223 quo-

1259 2238 1340 2280 que
1356 2221 1666 2276 intelligendum
1681 2221 1756 2265 esse
1781 2224 1833 2267 de
1843 2224 2026 2267 omnibus
2041 2228 2082 2267 δι
2096 2227 2231 2281 fingu-

1262 2283 1311 2326 lis
1330 2278 1504 2338 personis
1517 2306 1534 2329 a
1545 2294 1629 2336 quae
1644 2282 1715 2325 sub
1729 2283 1949 2326 eorundem
1967 2285 2230 2327 Indultorum

1261 2338 1514 2385 concessione
1530 2340 1826 2396 comprehensae
1839 2344 2097 2397 reperiuntur
2114 2372 2129 2395 ‚
2162 2343 2228 2386 vel

1260 2414 1358 2458 quas
1390 2398 1632 2455 inposterum
1665 2402 1951 2456 comprehendi
1982 2403 2197 2458 contingat
2210 2428 2226 2452 2

1263 2472 1429 2516 queque
1455 2459 1684 2513 supradietis
1709 2460 1883 2503 Induitis
1912 2461 1972 2503 uti
2000 2461 2203 2504 voluerint
2220 2473 2235 2504 ε

1269 2522 1333 2562 Ita
1349 2517 1541 2560 videlicet
1557 2546 1571 2568 ,
1585 2530 1630 2561 ut
1645 2519 1668 2560 s·
1689 2520 1727 2560 in
1750 2519 1888 2576 aliquo
1914 2521 2084 2565 Indulto
2110 2532 2232 2563 tam„

1263 2578 1666 2633 Saecularibus2quam
1679 2579 1943 2632 Regularibus
1958 2582 2159 2623 tribuatur
2173 2577 2234 2621 fa-

1264 2637 1395 2679 cultas
1410 2635 1587 2690 eligendi
1609 2635 1911 2680 Confessarium
1942 2640 1992 2680 ab
2007 2638 2231 2681 Ordinatio

1267 2696 1366 2738 Loci
1380 2696 1649 2749 approbatum
1663 2722 1678 2744 3
1695 2709 1792 2739 tunc
1807 2697 2078 2740 confessarius
2095 2698 2234 2754 vigore

1266 2754 1359 2796 talis
1390 2753 1654 2795 concessionis
1671 2783 1686 2804 ,
1714 2755 1827 2796 livea
1847 2758 2031 2799 saeculari
2057 2785 2071 2809 ,
2102 2757 2181 2798 five
2212 2756 2236 2797 a

1267 2813 1461 2868 Regulari
1478 2814 1712 2856 Poenitenre
1729 2816 1779 2856 ad
1803 2814 2022 2859 audiendas
2050 2829 2235 2859 eorum..-

1267 2869 1492 2924 respective
1516 2870 1779 2916 confeffiones
1801 2873 1983 2927 electus,
2009 2873 2236 2917 nullatenus

1267 2925 1495 2983 hujusmodi
1519 2927 1780 2970 confessiones
1796 2929 1935 2973 audire
1963 2932 2128 2981 valcat,
2156 2930 2231 2975 nifi

1266 2990 1315 3030 ab
1332 2984 1534 3041 Episcopo
1546 2984 1788 3030 Dioeccsano
1804 3016 1821 3038 ,
1849 2989 1889 3029 δι
1911 2988 2131 3032 Ordinatio
2153 2991 2235 3032 Lo·

1266 3048 1304 3089 ci
1316 3072 1333 3093 ‚
1347 3046 1414 3087 ubi
1435 3043 1628 3088 confeffio
1648 3046 1883 3101 excipienda
1899 3049 1955 3090 est
1968 3073 1982 3095 ‚
1998 3049 2047 3090 ad
2063 3045 2235 3091 Confes-

1267 3104 1396 3148 fiones
1412 3105 1659 3159 approbatus
1671 3105 1712 3146 ὅτ.
1724 3106 1943 3162 deputatus
1958 3107 2114 3159 existat3
2130 3120 2233 3162 qua·

1268 3177 1443 3219 cumque
1456 3160 1530 3205 alia
1544 3164 1833 3219 approbatione
1849 3194 1862 3216 ,
1876 3176 1957 3208 tam
1980 3165 2089 3209 illius
2115 3178 2236 3220 gene·

1266 3224 1346 3271 ris,
1361 3235 1479 3277 quam
1493 3233 1666 3278 uterque
1683 3225 1943 3267 Innocentius
1962 3223 2235 3268 Praedeccsso-

1268 3294 1331 3324 res
1371 3280 1546 3336 praedicti
1583 3281 1847 3325 declararunt
1886 3297 1969 3326 non
2005 3282 2235 3338 suffragari,

1267 3342 1388 3396 quim
1401 3353 1448 3382 ea
1461 3366 1476 3388 ,
1498 3340 1525 3383 fi
1545 3340 1597 3383 de
1615 3340 1882 3397 Regularibus
1908 3353 2051 3398 agatur
2063 3374 2080 3397 ‚
2111 3356 2195 3399 quae
2210 3341 2234 3384 a

1268 3397 1359 3440 folo
1380 3400 1547 3455 proprio
1571 3401 1766 3456 Regulari
1782 3402 2146 3447 Praelaroobtenta
2169 3399 2235 3443 fo-

1268 3458 1541 3508 ret‚minime
1554 3459 1819 3514 suffragante.
1843 3462 2014 3518 AEquum
2042 3462 2097 3505 est
2124 3460 2233 3504 enim

1268 3518 1309 3560 δι
1333 3518 1480 3559 rationi
1497 3518 1806 3562 constntaneum
1835 3546 1850 3570 ,
1879 3532 1923 3564 ut
1950 3523 2230 3577 quicumque)

1269 3574 1430 3630 speciali
1459 3576 1614 3620 Indulti
1637 3575 1827 3620 beneficio
1852 3579 2031 3634 gaudere
2058 3611 2074 3634 ‚
2105 3591 2231 3634 eoque

1269 3634 1330 3677 uti
1346 3633 1536 3684 voluerit,
1550 3638 1581 3678 is
1601 3635 1859 3680 conditiones
1874 3641 1916 3682 in
1930 3641 2077 3683 eodem
2092 3637 2233 3682 Indul-

1265 3702 1311 3736 to
1343 3691 1588 3750 praescriptas
1616 3696 1785 3738 omnino
1812 3696 1967 3742 servet:
1998 3714 2126 3754 neque
2141 3693 2230 3737 lici-

1265 3764 1354 3798 tum
1369 3752 1424 3797 est
1435 3753 1618 3810 cuiquam
1634 3782 1648 3806 ,
1665 3754 1942 3803 conditionem
1957 3757 2068 3801 illam
2082 3763 2228 3808 appro-

1670 3816 1696 3856 S
1711 3828 1727 3856 s
1743 3829 1761 3856 s
1975 3815 1978 3818 ⁴
2105 3814 2174 3854 ba·
