2444 4192
383 169 551 257 300

996 142 1158 231 Sub
1220 143 1438 230 Sixto
1500 144 1601 231 V.

319 302 455 357 ginem
472 301 741 355 collucebat,
765 300 976 346 demififfet
989 331 1004 355 ,
1030 316 1078 344 ex
1091 302 1177 359 ejus
1191 302 1288 345 oleo
1348 299 1438 351 dit,
1465 299 1504 342 in
1518 313 1600 356 quo
1614 298 1856 342 incredibilis
1871 300 2074 355 patientiae
2088 300 2312 356 exemplum

318 371 493 417 aegrotor
519 360 628 417 ligno
659 362 805 406 Crucis
832 363 1056 418 obfignatos
1083 374 1287 418 perunge-

317 420 386 464 bat
399 448 415 472 ,
426 421 727 478 multorumque
744 424 878 466 varios
894 422 1109 478 languores
1122 423 1162 463 ἃ.
1176 434 1287 463 mor-

1347 359 1517 415 praebuit
1531 388 1542 400 .
1576 359 1764 414 Quadam
1777 369 1914 400 autem
1939 362 2054 402 nocte
2071 371 2182 402 extra
2196 359 2232 402 se
2247 373 2314 402 ra-

1346 428 1439 474 ptus
1451 446 1469 469 ,
1482 415 1595 461 sensu
1606 420 1715 460 omni
1728 445 1741 466 ,
1761 419 1801 458 ἃ.
1815 416 1927 458 vitali
1943 430 2058 461 motu
2074 418 2209 462 amisso
2221 447 2236 470 ,
2253 418 2310 460 ita

315 478 392 544 boa
405 479 583 536 ejusdem
601 481 748 524 Crucis
762 482 913 524 virtute
927 483 993 530 ,in
1004 493 1082 536 qua
1096 478 1178 524 sola
1193 479 1285 535 glo·
1345 489 1392 520 ut
1405 480 1428 521 a
1445 478 1611 520 Medico
1623 503 1638 526 ,
1661 478 1701 519 δι
1725 477 1792 530 qui
1807 475 2013 517 adstabant
2029 503 2043 528 ,
2069 479 2279 521 Fratribus
2292 503 2310 526 ,

312 539 495 583 naham·-
507 568 524 590 ,
536 538 777 583 mirabiliter
788 539 952 583 sanabat
963 569 976 581 .

1342 546 1530 580 mortuus
1555 534 1672 592 plane
1694 534 1968 583 crederetur,
1989 536 2151 580 tandem
2177 537 2308 580 soluta.

428 597 593 641 Accidit
607 597 824 653 aliquando
835 624 851 646 ,
869 610 914 639 ut
932 600 957 640 ὲ
972 603 1056 644 Coe
1065 599 1187 644 nobio
1209 627 1225 650 ,
1239 599 1281 640 in
1342 594 1475 638 exstafi
1490 606 1553 638 ter
1575 603 1643 636 aut
1662 602 1805 647 quater
1818 593 1900 632 haec
1916 592 2037 633 verba
2054 591 2215 638 loeutus
2230 594 2302 638 est:

311 670 395 713 quo
407 667 491 700 erat
507 685 521 706 ‚
535 655 585 696 ad
599 655 790 709 oppidum
803 656 936 696 Sancti
953 660 1071 701 Luce
1087 659 1140 701 de
1158 660 1275 700 Bara-

311 716 430 759 meda
451 712 796 768 proficisceretur,
818 714 960 755 Fratre
987 729 1072 757 uno
1097 717 1245 758 comite
1259 741 1275 764 ,

309 787 482 829 cumque
493 771 615 813 nullis
627 770 793 813 cibariis
806 771 982 825 acceptis
994 771 1074 827 jam
1096 773 1274 816 sumendi

310 833 388 874 cibi
401 843 560 883 tempus
573 827 791 870 adveniffet
806 857 823 880 ,
851 830 891 870 δι
915 843 965 871 cx
978 830 1126 873 itinere
1140 830 1273 873 defeffi

310 891 434 930 eflent
448 916 464 937 ,
477 888 606 928 necin
624 887 809 941 proximo
822 887 915 930 vico
928 888 1168 945 quidquam,
1192 903 1272 945 quo

306 960 356 990 ex
371 947 499 987 aliena
513 944 788 988 misericordia
802 944 1065 990 reficerentur
1080 973 1095 995 ,
1111 950 1204 990 Deo
1216 948 1271 988 ita

304 1002 547 1058 disponente
560 1032 576 1055 ,
597 1005 779 1058 reperire
802 1003 1018 1060 potuissent
1031 1033 1045 1055 ,
1073 1005 1123 1046 ad
1140 1006 1270 1047 comi-

307 1074 390 1105 tem
416 1062 558 1104 streno
590 1063 704 1104 vultu
731 1061 946 1106 conversus
978 1067 1021 1107 B·
1050 1063 1226 1106 Didacus
1252 1089 1267 1111 ,

308 1120 385 1176 Eja
397 1147 412 1168 ,
431 1122 577 1177 inquit,
594 1122 734 1164 Frater
748 1122 787 1163 in
806 1122 985 1165 Domino
1000 1121 1272 1172 confidamus,

305 1180 388 1236 ipse
403 1193 473 1221 nos
487 1179 645 1236 pascet;
671 1193 763 1222 cum
783 1181 861 1222 iter
883 1179 1044 1224 strenue
1059 1179 1275 1237 proseque-

303 1249 475 1286 rentur,
499 1252 597 1281 ecce
619 1240 659 1280 in
684 1237 889 1293 perampla
922 1240 1095 1295 planitie
1130 1239 1275 1283 candi·

305 1299 398 1340 dam
412 1311 595 1352 mappam
614 1298 721 1340 inter
739 1298 884 1340 herbas
899 1313 1032 1354 prope
1047 1300 1148 1341 viam
1168 1297 1272 1354 pefi-

303 1368 389 1399 tam
404 1356 546 1399 vident
560 1382 575 1403 ,
605 1354 848 1412 propiusque
866 1358 1106 1402 accedentes
1133 1357 1270 1400 album

300 1429 446 1471 panem
460 1444 475 1467 ,
498 1412 622 1470 pisces
647 1425 831 1457 recentes
845 1419 984 1460 coetos
998 1445 1013 1468 ‚
1046 1417 1184 1459 &vini
1202 1430 1269 1457 va·

302 1474 457 1516 sculum
475 1474 686 1516 inveniunt
700 1486 714 1515 :
740 1474 912 1516 insistunt
926 1476 1039 1519 Servi
1053 1475 1127 1518 Dei
1145 1504 1159 1527 ,
1176 1477 1215 1517 δι
1229 1474 1271 1516 in

303 1531 490 1574 latiffimo
504 1545 666 1588 campe,
686 1532 793 1575 unde
805 1534 845 1575 in
859 1547 999 1576 omnes
1012 1545 1147 1589 partes
1163 1532 1268 1574 liber

303 1603 389 1633 erat
405 1591 660 1644 prospectus,
685 1592 819 1632 omnia
835 1592 967 1633 oculis
980 1591 1270 1645 perlustrantes

301 1648 645 1700 circumspiciunt,
661 1646 686 1686 fi
700 1648 788 1702 quis
802 1645 911 1689 forti:
925 1662 975 1691 eo
986 1649 1025 1690 in
1040 1649 1134 1691 loco
1148 1661 1265 1704 pran-

303 1707 417 1749 dium
443 1702 683 1759 reliquiffet:
707 1705 883 1760 denique
909 1706 949 1748 id
962 1733 977 1756 ,
1010 1708 1119 1763 quod
1146 1716 1235 1750 erat
1250 1735 1267 1760 ‚

303 1766 381 1807 rati
398 1790 413 1811 ,
428 1763 478 1804 ad
493 1761 665 1806 mensam
681 1764 749 1805 fibi
773 1762 794 1805 a
813 1766 904 1807 Deo
915 1765 955 1808 in
969 1764 1133 1810 delerto
1148 1781 1264 1820 para·

301 1835 384 1867 tam
399 1821 481 1865 veri
494 1825 513 1864 1
519 1821 687 1865 sraelitoe
700 1824 963 1876 accumbunt,
975 1840 1021 1869 ac
1034 1825 1128 1867 cibo
1139 1826 1179 1868 δι
1190 1839 1245 1880 ρο
1254 1846 1266 1858 ·

300 1884 416 1924 tione
429 1879 489 1923 liti
512 1878 692 1936 fameque
707 1879 873 1933 depulsa
886 1909 902 1932 ,
914 1883 1022 1938 quod
1042 1880 1260 1938 superfuit,

302 1940 453 1983 ibidem
484 1937 691 1993 liquerunt
705 1966 720 1989 ,
745 1938 832 1981 Deo
845 1941 956 1983 Patri
972 1941 1266 1984 misericordia-

302 2013 393 2042 rum
409 1996 558 2053 gratias
581 2008 777 2051 agentes,
800 1999 867 2052 qui
892 1997 1015 2040 servis
1046 1998 1123 2042 suis
1147 2001 1188 2040 in
1217 2014 1266 2042 eo

303 2055 553 2112 sperantibus
582 2056 706 2096 escam
727 2054 895 2097 dederat
918 2057 959 2097 in
981 2066 1164 2112 tempore
1190 2069 1267 2112 op-

359 2125 505 2156 rtun0.
1094 2137 1097 2141 ·

302 2129 357 2171 po
411 2169 555 2227 Quid,
583 2170 686 2214 illud
709 2171 821 2228 quod
846 2173 998 2230 Hispali
1013 2174 1164 2231 gestum
1178 2174 1265 2226 est,

297 2234 417 2292 quim
440 2243 592 2285 magne
621 2229 715 2274 fidei
736 2230 792 2274 est
805 2234 1119 2288 argumentum?
1155 2237 1262 2277 Nam

297 2306 392 2338 cum
406 2289 607 2347 septennis
624 2303 752 2346 puer,
782 2291 851 2346 qui
881 2293 904 2333 a
927 2301 1056 2335 matre
1071 2290 1261 2348 vapulare

299 2351 442 2395 solitus
458 2358 545 2393 erat
555 2377 571 2400 ,
585 2347 625 2391 in
643 2347 766 2392 furno
778 2377 793 2400 ,
808 2350 848 2392 in
863 2364 981 2407 quem
994 2350 1080 2407 ejua
1095 2350 1259 2394 iracun-

299 2411 409 2454 diam
422 2406 576 2465 fugiens
599 2407 636 2448 st
651 2407 864 2451 abdiderat
880 2406 1166 2460 ,obdormin'et
1181 2435 1196 2459 ,
1219 2411 1260 2452 8(

299 2470 423 2513 furno
448 2472 498 2510 ab
526 2468 666 2521 ignara
681 2477 810 2510 matre
825 2468 1014 2512 succenso
1027 2466 1260 2525 expergefa-

300 2531 385 2570 aus
400 2527 591 2569 clamaret
606 2550 623 2573 ,
634 2525 695 2568 vir
706 2525 779 2568 Dei
793 2528 1060 2571 exanimatam
1079 2540 1261 2579 matrem,

299 2585 456 2640 ejulatu
473 2584 607 2625 omnia
619 2584 889 2640 complentem
904 2613 920 2637 ,
934 2600 1008 2629 nec
1020 2587 1104 2643 quo
1114 2582 1152 2629 se
1166 2600 1258 2630 ver·

299 2652 403 2687 teret
417 2642 610 2684 scientem
624 2670 638 2693 ‚
662 2642 712 2685 ad
728 2643 920 2700 majorem
934 2643 1156 2688 Eccleliam
1172 2646 1233 2688 ire
1243 2669 1260 2694 ‚

301 2703 437 2757 ibique
449 2703 622 2743 Matrem
634 2701 997 2746 misericordiarum
1010 2702 1161 2747 devote
1171 2718 1263 2748 ora-

298 2775 343 2805 re
361 2757 464 2814 justit
479 2787 495 2809 ,
513 2760 591 2814 ipsa
607 2769 675 2811 te,
697 2759 826 2817 inquit
840 2788 854 2811 ‚
878 2762 908 2805 ὸ
930 2761 1078 2806 mulier
1095 2760 1261 2817 adiuva·

299 2821 388 2863 bit:
414 2830 505 2860 cum
530 2815 628 2871 illa,
649 2818 756 2875 quati
778 2821 853 2863 Dei
868 2821 1072 2865 Nuncium
1085 2821 1261 2867 audivis-

300 2878 376 2929 set,
390 2885 599 2932 pergeret,
610 2878 691 2931 ipse
706 2878 756 2921 ad
772 2878 932 2922 surnum
943 2881 1142 2924 accedent
1159 2895 1259 2938 pue·

300 2950 388 2981 rum
412 2948 462 2977 ex
491 2935 666 2978 maximo
682 2937 868 2992 periculo
890 2942 1111 2984 extractum
1137 2940 1260 2996 paulo

301 2995 384 3052 pon
407 2994 458 3035 ad
486 2992 591 3035 idem
623 2995 818 3053 templum
844 2995 1034 3049 adduxit,
1059 3001 1259 3058 matrique

300 3053 372 3097 sua
388 3052 538 3095 salvum
551 3078 567 3101 ‚
585 3052 626 3095 δι
638 3054 878 3099 incolumem
891 3057 1072 3101 reddidit
1086 3087 1098 3101 .

412 3114 618 3154 Ceterum
630 3125 723 3156 cum
740 3112 859 3169 justus
881 3116 1009 3172 judex
1025 3119 1136 3161 Deua
1151 3118 1257 3162 Ath-

300 3174 422 3216 lctam
436 3167 546 3213 suum
570 3179 637 3214 tot
664 3173 844 3218 vistoriia
866 3174 1086 3229 illustrem,
1111 3190 1258 3230 carne,

303 3229 484 3296 mundo,
512 3229 681 3274 diabolo
711 3246 782 3288 per
801 3234 875 3276 Dei
888 3236 1056 3291 gratiam
1069 3234 1260 3291 deviElo,

301 3293 449 3331 corona
465 3286 620 3343 justitie
630 3317 646 3342 ,
671 3304 755 3347 quoe
767 3290 825 3334 illi
841 3294 891 3337 ab
904 3294 1014 3338 omni
1028 3297 1256 3341 eternitate

301 3348 472 3403 reposita
497 3359 583 3391 crat
602 3376 620 3400 ,
652 3363 854 3395 coronare
882 3352 1118 3399 decrevisset
1134 3383 1149 3407 ‚
1178 3353 1257 3400 ser·

300 3419 475 3461 rumque
498 3407 779 3463 multiplicati·
805 3409 967 3456 talentis
1000 3413 1260 3467 industrium,

297 3466 337 3506 δι
351 3469 386 3505 ἰη
401 3466 534 3519 paueia
548 3464 709 3512 fidelem
721 3466 836 3526 supra
848 3469 977 3514 multa
992 3471 1233 3517 constituere
1247 3502 1262 3527 ‚

297 3523 339 3564 Gt
353 3536 390 3563 nn
404 3526 589 3577 gradium
601 3526 726 3572 vellet
742 3530 905 3573 Domini
921 3527 1260 3584 suiintroducere‚

302 3582 347 3624 B.
365 3581 538 3625 Dtdacut
557 3585 594 3626 in
612 3583 815 3634 senee'tute
841 3589 946 3634 bona
959 3618 976 3642 ,
1004 3590 1145 3647 plenua
1171 3591 1260 3636 dic·

300 3652 390 3683 nam
444 3640 477 3680 &t
522 3655 689 3695 operum
722 3648 924 3691 bonorum
973 3649 1012 3692 in
1035 3651 1258 3696 Conventa

300 3698 583 3751 Comvlmwfi
603 3727 616 3750 2
639 3706 677 3767 fn
702 3720 784 3758 quo
816 3721 942 3751 annot
958 3708 1181 3762 comploret
1202 3709 1260 3755 cst

300 3768 573 3801 commoratu
591 3782 606 3806 2
637 3773 676 3801 m
707 3762 930 3821 supremum
959 3767 1147 3814 morbum
1162 3768 1259 3815 incl·

1341 657 1381 696 Ο
1393 654 1533 709 quales
1551 654 1669 695 flores
1684 650 1806 691 habet
1824 648 2031 692 Paradisus
2047 651 2058 690 Ξ
2076 652 2123 693 In
2138 653 2305 708 profun-

1338 712 1397 754 dae
1414 713 1510 755 vero
1524 708 1762 753 humilitatis
1796 707 1967 750 statione
1981 736 1996 759 ,
2021 706 2142 764 usque
2167 711 2216 753 ad
2233 721 2307 755 eit->

1339 778 1517 812 tremum
1534 770 1623 810 vitae
1636 763 1818 820 spiritum
1830 766 2019 809 servanda
2036 794 2051 818 ,
2082 768 2138 810 ita
2169 766 2309 813 firmus

1337 829 1553 877 manebat,
1573 825 1630 866 ita
1645 823 1836 881 nusquam
1848 825 1900 867 de
1915 824 1986 868 suo
2011 824 2106 868 loco
2125 825 2307 870 decede-

1335 886 1403 928 bat
1418 914 1433 937 ,
1458 896 1501 928 ut
1517 896 1609 927 curn
1625 884 1784 927 Fratres
1800 883 1942 940 finguli
1957 883 2009 927 ab
2021 898 2072 927 eo
2089 895 2277 942 peterent
2291 914 2308 938 ,

1332 954 1379 986 ut
1393 958 1466 999 pro
1479 945 1571 996 ipfis
1584 953 1722 985 oraret
1739 972 1753 996 ,
1777 942 1858 999 ipse
1882 952 2026 986 contra
2057 942 2096 986 se
2123 957 2308 988 eorum-o

1331 999 1583 1049 orationibus
1610 1002 1870 1046 vehementer
1882 1000 2193 1047 commendaret
2205 1030 2220 1053 ,
2252 1013 2302 1046 ut

1333 1058 1423 1112 ipfis
1436 1073 1510 1114 pro
1522 1074 1573 1103 eo
1587 1062 1717 1104 Deum
1732 1060 1944 1104 orantibus
1958 1087 1972 1110 ,
1989 1061 2189 1103 bonorum
2204 1075 2307 1116 ope-

1335 1132 1428 1161 rum
1443 1118 1617 1171 fruetus,
1646 1132 1767 1174 quem
1797 1119 1858 1164 illi
1874 1119 1912 1162 in
1927 1119 2064 1164 finctae
2079 1119 2310 1176 Religionis

1336 1177 1593 1221 observantia
1620 1178 1930 1223 cumulaverant
1956 1207 1972 1231 ,
2003 1178 2073 1222 fibi
2101 1192 2262 1235 quoque
2280 1179 2307 1224 ὲ

1337 1237 1428 1278 Deo
1440 1240 1818 1282 communicaretur
1833 1266 1848 1290 ,
1873 1245 1995 1292 atque
2009 1237 2066 1281 ita
2077 1236 2309 1281 misericor-

1333 1292 1445 1338 diam
1455 1295 1691 1351 impetraret
1705 1326 1718 1338 .
1733 1295 1954 1347 Postremo,
1964 1309 2057 1340 cum
2070 1295 2109 1339 se
2121 1295 2202 1353 jam
2217 1310 2308 1340 mo·

1332 1352 1512 1397 ritui-um
1530 1354 1809 1413 intelligeret,
1832 1354 2109 1400 comitisillius
2123 1385 2141 1408 ,
2163 1356 2206 1397 δι
2230 1355 2306 1399 ad-

1334 1410 1497 1469 jutricis
1510 1411 1737 1458 fideliffimae
1749 1445 1765 1468 ,
1791 1428 1878 1472 quae
1890 1412 2006 1458 illum
2026 1415 2068 1458 in
2082 1413 2200 1471 hujus
2211 1414 2304 1456 vitae

1330 1471 2206 1586 2²3:{2³:32‘ssisszessa'tiffffirifiss‘ffissz12
2218 1473 2305 1574 1¹:31⁰.

1330 1585 1485 1627 oblitus
1498 1613 1513 1638 ‚
1526 1585 1592 1629 sed
1608 1589 1647 1631 in
1661 1588 1745 1646 ejus
1759 1589 1910 1632 intimo
1929 1589 2030 1640 smu,
2042 1591 2162 1646 quam
2175 1588 2305 1633 maxi·

1330 1641 1397 1686 me
1410 1641 1499 1688 fieri
1512 1645 1641 1701 poffet
1653 1675 1668 1700 ,
1695 1648 1878 1704 spiritum
1891 1647 2081 1693 emittere
2103 1650 2271 1705 cupiens
2283 1673 2299 1698 2

1330 1704 1567 1747 convocatis
1580 1707 1788 1750 Fratribus
1801 1734 1815 1758 ,
1842 1720 1913 1751 eos
1935 1706 2086 1751 obnixe
2100 1707 2266 1762 rogavit
2281 1735 2296 1759 ,

1326 1771 1372 1804 ut
1389 1761 1454 1804 fibi
1466 1762 1614 1807 vestem
1623 1759 1851 1820 obsoletam
1863 1793 1880 1818 ,
1897 1766 1936 1809 δι
1953 1765 2130 1810 laceram
2142 1791 2157 1814 ,
2183 1763 2296 1809 liabi-

1326 1829 1498 1878 tumque
1512 1823 1690 1868 omnium
1710 1822 1939 1869 vilissimum
1950 1854 1967 1877 ,
1998 1825 2039 1866 in
2066 1838 2151 1882 quo
2163 1837 2298 1867 more-

1327 1891 1443 1923 retur
1456 1908 1471 1931 ,
1484 1881 1756 1927 concederent
1772 1896 1785 1926 ε
1797 1898 1882 1940 quo
1895 1884 2116 1940 impetrato
2128 1909 2143 1933 ,
2160 1882 2303 1925 multis·

1330 1938 2298 2056 5:552&332231‘32‘521221,fftzssssfflasii·

1333 2056 1394 2097 vit
1411 2083 1425 2105 ,
1441 2055 1581 2111 quibus
1595 2057 1764 2113 copiose
1778 2057 2169 2114 collacrymantibus
2183 2086 2197 2111 ,
2210 2057 2296 2115 ipse

1328 2116 1467 2157 Cruce
1479 2113 1612 2170 lignea
1627 2146 1641 2171 ,
1665 2131 1785 2174 quam
1797 2116 1847 2160 ad
1859 2126 1983 2172 caput
2004 2116 2207 2169 habebat,
2228 2131 2296 2160 ar-

1327 2182 1444 2229 repta
1456 2201 1471 2225 ,
1487 2187 1657 2232 eamque
1669 2176 1878 2233 amplexus
1887 2177 1928 2219 &
1938 2174 2140 2220 osculatus
2149 2203 2163 2226 ,
2179 2185 2297 2223 utro-j

1324 2245 1405 2287 que
1424 2232 1596 2275 brachio
1607 2235 1648 2277 in
1662 2233 1790 2278 altum
1806 2233 1974 2277 fortiter
1989 2233 2185 2292 sublato(
2198 2248 2295 2280 cum

1322 2298 1456 2332 tamen
1483 2290 1656 2336 alterum
1681 2292 1794 2349 gravi
1827 2292 2073 2349 apostemate
2105 2302 2265 2336 tumens
2276 2319 2294 2344 ,

1319 2361 1363 2391 ac
1378 2347 1656 2394 debillitatum
1669 2361 1785 2396 antea
1797 2365 2054 2397 inoverenon
2066 2348 2255 2409 potuifl'et
2269 2352 2293 2410 )

1321 2405 1527 2464 oculisque
1543 2408 1582 2451 in
1597 2410 1729 2454 vitale
1741 2410 1894 2467 iignum
1911 2408 2070 2462 defixis,
2086 2410 2207 2455 verba
2220 2409 2291 2454 illa

1322 2480 1371 2509 ex
1384 2469 1497 2510 sacto
1511 2469 1677 2524 Hymno
1700 2483 1850 2526 magno
1866 2467 2003 2513 affedu
2019 2498 2035 2522 ,
2059 2482 2292 2527 magnoque

1321 2526 1479 2582 pietatis
1509 2525 1654 2583 spiritu
1686 2528 1969 2583 pronunciavit
2000 2541 2014 2572 ε
2062 2528 2196 2571 Dulce
2235 2528 2289 2571 li-

1319 2598 1443 2640 gnum
1455 2611 1470 2634 ,
1487 2584 1626 2629 dulces
1639 2585 1806 2636 clavos,
1834 2586 1970 2632 dulcia
1984 2586 2114 2631 serena
2129 2586 2290 2643 ponde,

1324 2656 1385 2691 ra,
1395 2657 1484 2700 quae
1496 2641 1579 2686 sola
1595 2641 1698 2688 fuisti
1712 2646 1833 2701 digna
1849 2654 2013 2701 portare
2027 2646 2184 2702 Regem
2196 2655 2289 2690 coed

1322 2703 1512 2755 lorum,&
1528 2704 1761 2747 Dominum.
1774 2718 1831 2747 =
1846 2705 1951 2763 Qua
1963 2717 2055 2748 cum
2068 2701 2285 2757 dixiss'et,in

1320 2760 1404 2818 ipso
1418 2760 1625 2805 salutifera
1639 2765 1787 2807 Crucis
1802 2762 2019 2819 complexu
2029 2790 2044 2813 ,
2055 2775 2177 2819 quam
2190 2762 2284 2806 uni-

1319 2821 1369 2864 ce
1385 2821 1584 2865 dilexerat
1596 2848 1611 2872 ,
1643 2820 1761 2878 quam
1784 2822 1825 2864 in
1851 2819 1976 2865 corde
2000 2820 2041 2863 Bt.
2066 2834 2284 2876 corporo

1320 2880 1474 2936 semper
1485 2879 1700 2936 gestaverat
1715 2908 1730 2932 ,
1747 2881 1784 2923 in
1828 2892 1877 2923 ua
1889 2879 2054 2924 Christo
2066 2892 2144 2922 con
2151 2878 2249 2924 fixus
2263 2906 2280 2932 ,

1318 2941 1358 2982 &
1374 2939 1525 2983 mundo
1555 2937 1767 2983 crucifixus
1811 2947 1955 2991 uerat,
1981 2938 2149 2982 animam
2172 2937 2283 2983 effla-

1319 2999 1379 3042 vit
1392 3028 1406 3051 ‚
1424 3000 1465 3042 δι
1490 2999 1530 3041 in
1545 2998 1718 3042 Domino
1730 2997 2012 3048 obdormivit,
2035 2996 2165 3054 pridie
2180 2996 2280 3043 ldua

1319 3058 1523 3102 Novemb.
1538 3060 1659 3102 Anno
1675 3056 1854 3101 Domini.
1874 3072 1924 3102 aa.
1941 3070 2068 3101 cccc·
2084 3068 2154 3101 tat
2170 3069 2232 3100 ιι.

1431 3115 1495 3161 Ad
1511 3116 1593 3170 eius
1605 3117 1787 3176 corpua(
1805 3116 1845 3158 Β.
1865 3114 2009 3159 Didaci
2020 3125 2153 3160 morte
2165 3113 2281 3160 audi-

1318 3174 1360 3220 ti
1376 3176 1395 3234 )
1423 3176 1555 3231 magni
1585 3175 1760 3233 undique
1785 3172 2002 3219 concursus
2031 3168 2124 3217 faeti
2137 3200 2152 3226 ,
2171 3171 2277 3217 illud

1317 3234 1471 3278 dcvot’e
1485 3248 1622 3280 omnea
1634 3236 1871 3292 contingere
1886 3262 1900 3288 ,
1919 3228 2082 3278 mian·
2096 3231 2279 3288 particu-

1318 3293 1372 3336 lar
1397 3292 1657 3350 prescindere
1668 3319 1683 3344 ‚
1712 3293 1882 3352 capilloa
1911 3289 2143 3337 devotionis
2158 3290 2280 3335 causi

1317 3353 1499 3399 evellere
1512 3383 1527 3408 ,
1538 3352 1702 3398 demum
1714 3352 1928 3398 christiano
1940 3349 2022 3395 ritu
2038 3361 2183 3405 corpur
2201 3350 2278 3394 bo·

1322 3411 1489 3459 notifice
1504 3414 1713 3458 humatum
1725 3411 1779 3457 est
1793 3439 1806 3454 0
1839 3409 1919 3455 mc
1933 3407 2010 3465 jam
2025 3406 2153 3450 statim
2167 3410 2277 3452 Deua
2300 3454 2307 3460 ,

1323 3474 1475 3519 mortui
1492 3470 1590 3518 strvi
1612 3469 1665 3516 sul
1681 3499 1696 3523 ,
1708 3471 1773 3516 cui
1784 3470 1826 3515 in
1841 3468 2173 3523 vitacoopcratua
2188 3467 2276 3512 fue.

1321 3545 1383 3578 rat
1397 3563 1412 3587 ,
1431 3533 1619 3578 eximiam
1633 3530 1880 3575 sanctitatem
1894 3524 2006 3582 fignis
2022 3525 2274 3582 sequentibus

1318 3590 1602 3649 comprobavit
1612 3618 1628 3632 .
1658 3591 1763 3634 Nam
1776 3598 1922 3641 eorpus
1933 3610 1948 3635 ,
1960 3583 2070 3643 quod
2083 3583 2162 3642 jam
2173 3598 2273 3643 qua-

1320 3652 1461 3698 triduo
1482 3649 1590 3696 humi
1604 3645 1802 3704 stpultum
1822 3642 1954 3688 luerat
1968 3671 1984 3696 ‚
2015 3642 2161 3690 iterum
2191 3657 2271 3688 non

1319 3711 1463 3769 absque
1476 3706 1659 3753 miraculi
1674 3705 1902 3749 interventu
1915 3730 1930 3754 ,
1962 3699 2133 3748 effoffum
2144 3729 2158 3754 ,
2187 3714 2269 3747 nott

1319 3770 1445 3818 solum
1458 3765 1657 3824 integrm
1671 3764 2059 3823 ,incorruptumque
2069 3761 2271 3863 appa‘ffilq
