2444 4192
793 212 956 294 Sub
1015 212 1331 298 ‘Urbano
1402 206 1547 297 VI
1567 206 1606 288 l
1629 207 1682 288 I.

249 364 425 410 &oribus
438 389 452 412 ,
471 356 769 403 protectoribus
782 381 796 404 a
809 357 873 397 vel
888 358 1111 403 Ordinariis
1128 363 1200 404 ho-

242 422 412 468 norifice
425 423 463 461 &
480 420 606 470 laute,
622 418 672 460 de
686 416 824 473 quibus
839 413 878 455 in
890 414 1019 463 §·5.&
1033 419 1074 459 6.
1092 418 1196 473 ejus-

243 482 335 526 dem
354 476 697 525 Constitutionis‚
724 471 882 517 censeri
912 476 1197 518 tantummodo

238 539 446 598 prohibita
460 568 476 590 ‚
498 536 524 579 fi
539 537 730 579 decentiae
754 529 872 575 statiis
891 532 1111 586 Regularis
1127 531 1196 574 ad-

240 600 448 643 versentur
463 627 474 640 .
498 594 803 639 Restitutionem
829 590 927 634 vero
941 600 1197 644 receptorum

243 657 525 702 Conventibus
539 652 760 698 faciendam
772 678 788 700 ‚
811 649 862 694 de
873 662 950 707 qua
964 648 1004 692 in
1023 648 1105 698 §.7.
1118 647 1197 689 ibi-

238 717 333 762 dem
345 727 506 761 cautum
521 713 605 766 est,
629 709 805 768 intelligi
830 708 983 752 debere
1001 707 1054 751 de
1080 707 1192 748 Con-

239 777 452 825 ventibus,
477 774 527 817 ad
551 771 783 830 quosdam,
799 768 979 818 donata,
995 765 1064 810 seu
1080 764 1190 808 missa

236 835 291 878 de
302 836 388 892 jure
406 836 624 890 pertinent,
636 831 660 874 fi
671 830 712 874 id
724 827 939 873 commode
952 826 1036 869 fieri
1047 825 1193 893 potest,

237 894 332 937 alias
345 893 579 942 Conventui
592 889 772 948 ejusdem
782 886 1008 944 Religionis
1028 885 1194 927 vicinio-

237 952 273 995 ri
289 952 491 1003 loco‚ubi
502 950 630 1008 petita
653 947 726 992 fuit
741 946 962 997 absolutio,
987 944 1199 988 restituan-

238 1021 306 1055 tur
319 1041 330 1053 .
345 1009 509 1068 Insuper
522 1009 662 1054 eadem
682 1004 877 1052 facultate
898 1005 968 1047 fibi
983 1004 1197 1056 attributa,

240 1083 409 1120 omnes,
432 1070 502 1127 qui
529 1064 730 1124 hucusque
755 1063 948 1109 adversus
976 1062 1204 1121 supradid'tae

237 1128 550 1173 Constitutionis
564 1126 757 1182 Capitula
779 1125 848 1168 hic
862 1122 1069 1167 moderata
1083 1123 1204 1178 largi-

200 1207 203 1209 >
237 1189 271 1229 ti
285 1186 452 1230 fuerunt
465 1212 479 1235 ,
492 1185 557 1229 vel
574 1194 836 1239 receperunt,
847 1184 869 1225 ὲ
882 1183 1015 1238 poenis
1028 1179 1193 1238 quibus·

235 1257 394 1300 cunque
416 1244 454 1285 in
476 1243 618 1285 eadem
632 1242 928 1284 Constitutione
955 1241 1135 1290 infliais,
1155 1241 1196 1281 δι

235 1304 400 1347 incuriis
416 1298 523 1357 poffe
537 1326 552 1351 ,
574 1300 616 1341 δι
631 1298 782 1341 debere
797 1299 818 1339 ἃ
833 1298 1006 1352 propriis
1031 1294 1201 1340 Confes-

235 1361 345 1407 sariis
365 1358 519 1405 absolvi
540 1359 584 1401 in
605 1354 698 1401 foro
726 1356 1006 1405 conscientias,
1035 1356 1200 1398 etiam„

238 1436 320 1466 non
351 1418 456 1464 fasta
497 1418 606 1474 prius
643 1413 870 1473 hujusmodi
908 1427 1047 1458 rerum
1076 1412 1201 1456 dona-

239 1490 375 1524 tarum
401 1507 418 1530 ,
447 1475 516 1520 seu
543 1475 729 1518 datarum
758 1473 1007 1517 restitutione
1037 1498 1054 1515 .
1082 1475 1202 1527 Quo-

240 1539 293 1582 ad
323 1550 395 1582 eos
423 1535 522 1579 ves-‹⁵›
552 1562 569 1586 ‚
604 1532 674 1590 qui
707 1541 850 1588 praeter
874 1530 1043 1575 modum
1067 1528 1212 1586 praedi-

241 1602 350 1641 etum
376 1593 551 1651 graviori
577 1590 801 1647 Religionis
838 1588 1096 1634 detrimento
1129 1587 1212 1631 lar-

240 1654 390 1714 giendo
401 1682 415 1705 ,
430 1653 493 1695 vel
509 1650 745 1708 recipiendo
758 1646 981 1706 transgreffi
996 1646 1085 1692 sunt
1097 1674 1113 1698 ‚
1139 1646 1207 1690 sed

235 1717 289 1758 ob
306 1712 481 1768 inopiam
492 1710 702 1753 restituere
715 1716 940 1764 nequeunt,
950 1707 1088 1749 eadem
1103 1709 1206 1749 Sans

236 1774 352 1816 (titas
368 1768 556 1813 concedit
572 1766 714 1826 majori
730 1764 1068 1815 Poenitentiario,
1096 1772 1141 1831 ut
1154 1763 1208 1807 de

239 1823 1208 1936 pgssgexgtcigntksfflretiaaedaggaeactiatxipgggenttiuamc

160 1990 163 1994 .
243 1948 450 1994 condonet
464 1976 479 1997 ,
494 1945 560 1990 seu
573 1942 752 1994 absolvi,
775 1940 989 1998 dispensari
1006 1970 1020 1994 ,
1039 1943 1079 1983 δι
1108 1955 1208 1984 con-

245 2007 388 2054 donari
403 2006 567 2050 mandet
578 2033 593 2057 ,
620 2012 743 2059 prout
758 2003 797 2045 in
814 2000 989 2045 Domino
1000 1998 1126 2054 magis
1141 2011 1212 2039 ex·-

242 2068 384 2126 pedire
397 2063 634 2122 judicaverit
648 2089 660 2104 .
688 2064 744 2105 Et
753 2075 803 2104 ne
817 2058 1213 2116 praediftaeClemen-

244 2128 298 2170 tis
312 2126 432 2169 v111.
443 2120 753 2168 Constitutionis
767 2119 961 2163 memoria
975 2116 1179 2160 dilabatur
1197 2141 1213 2165 ‚

245 2184 480 2241 Superiores
495 2181 649 2224 locales
662 2178 948 2235 cujuscumque
963 2173 1215 2227 Monasterii,

246 2238 516 2290 Conventus,
544 2235 698 2281 Domus
715 2250 786 2289 ,ac
802 2234 980 2289 Collegii
996 2231 1216 2297 Regularis

243 2302 312 2348 sub
321 2313 443 2358 poena
457 2294 698 2354 privationis
716 2293 866 2342 officii,
901 2291 1088 2348 vocisque
1115 2293 1216 2334 acti-

245 2374 328 2408 νε,
346 2355 551 2413 &paffivae
566 2356 652 2414 ipso
675 2350 1024 2413 jureincurrenda
1052 2349 1212 2394 efficere

245 2426 487 2465 teneantur,
513 2424 561 2458 ut
586 2415 625 2458 in
651 2423 895 2470 perpetuum
919 2409 1080 2465 fingulis
1104 2409 1214 2452 annis

248 2478 379 2521 mense
412 2475 602 2525 anuario,
615 2486 695 2516 non
708 2471 834 2516 solum
850 2469 1036 2526 praedieta
1051 2467 1215 2512 Consti-

246 2537 356 2581 tutio
381 2479 409 2592 ἑ
419 2547 536 2590 quam
552 2532 590 2574 in
606 2530 769 2588 reliquis
783 2528 866 2584 ejus
878 2528 1061 2594 partibus
1075 2526 1217 2568 eadem

245 2592 525 2640 Sanetitassua
537 2590 705 2632 omnino
717 2584 916 2633 obstrvari
929 2583 1223 2641 jubet‚&‚qua-

1991 234 2103 313 40
2124 239 2162 321 ς

1258 362 1352 402 ciali
1364 371 1459 402 nota
1473 362 1604 414 dignis
1618 387 1632 407 ,
1662 359 1702 397 &
1728 355 1795 410 qui
1810 355 1882 396 sub
1898 363 2077 412 generali
2092 363 2225 418 dispo-

1255 418 1397 458 fitione
1412 430 1491 456 non
1505 414 1951 467 comprehenderentur
1965 444 1979 466 ‚
2001 420 2227 470 praedietam

1256 473 1482 515 Clementis
1515 471 1862 514 Constitutionem
1893 484 2035 514 contra
2062 474 2225 527 praesen-

1256 533 1307 575 tis
1334 530 1493 572 decreti
1521 539 1703 571 tenorem
1728 529 1989 580 declarandi,
2016 532 2079 572 vel
2107 532 2230 573 inter-

1257 588 1442 646 pretandi
1465 588 1658 630 facultate
1684 591 1844 643 penitus
1860 589 2100 639 interdieta,
2118 589 2232 644 super

1255 648 1400 704 quibus
1416 645 1684 690 sanetiffimus
1701 648 1908 691 mandavit
1939 649 2118 703 expediri
2138 649 2236 689 Bre-

1253 720 1303 749 ve
1325 735 1338 748 .
1383 708 1538 748 Datum
1585 708 1724 748 Romae
1762 708 1829 750 die
1878 719 1942 756 15.
1981 707 2232 762 Septembris

1251 779 1417 808 Mocxt.
1431 767 1710 824 Qapropter,
1721 775 1762 806 ut
1777 764 1956 822 premissa
1970 765 2123 810 firmius
2138 765 2232 808 sub·

1254 823 1386 867 sistant
1398 852 1414 874 ,
1430 825 1470 866 δι
1483 822 1779 867 inviolabiliter
1794 824 2058 868 observentur
2070 853 2085 876 ,
2099 838 2231 880 quau-

1254 884 1341 927 tum
1354 897 1444 926 cum
1460 884 1639 925 Domino
1654 882 1852 939 potsumus
1867 915 1881 936 ,
1914 884 2132 942 providere
2157 897 2231 925 vo-

1257 943 1386 986 lentes
1400 972 1416 993 ,
1428 945 1547 986 Motu
1565 943 1734 997 proprio
1749 970 1764 992 ,
1793 946 1830 985 8(
1848 958 1898 985 ex
1912 955 2024 986 certa
2037 943 2203 987 scientia
2222 967 2237 990 ,

1257 1016 1306 1045 ac
1318 1012 1477 1044 matura
1491 1000 1786 1044 deliberatione
1796 1001 1939 1043 nostris
1952 1032 1967 1055 ,
1980 1002 2113 1057 deque
2123 1004 2157 1044 A
2164 1014 2239 1055 po·

1261 1060 1407 1104 flolicae
1435 1060 1640 1117 potestatis
1669 1059 1927 1116 plenitudiue
1949 1087 1964 1110 ‚
1994 1060 2242 1102 declaratio-

1260 1134 1352 1163 nem
1366 1119 1637 1176 praeinsertam
1650 1133 1743 1162 cum
1755 1121 1940 1164 omnibus
1964 1148 1978 1172 ,
2008 1120 2050 1161 ἀ
2075 1117 2239 1174 lingulis

1256 1180 1297 1222 in
1311 1193 1358 1222 ea
1378 1179 1585 1223 contentis
1603 1208 1616 1232 ,
1650 1190 1792 1223 tenore
1816 1178 2069 1236 praescntium
2096 1190 2243 1235 perpe-

1256 1240 1331 1281 tuo
1351 1236 1669 1290 confirmamus,
1693 1241 1732 1281 &
1758 1239 2025 1295 approbamus
2040 1263 2055 1287 2
2083 1234 2245 1292 illisque

1261 1295 1509 1361 inviolabilis
1526 1297 1768 1353 Apostolicae
1780 1295 1985 1341 firmitatis
1998 1296 2125 1340 robur
2139 1292 2246 1349 adji-

1258 1366 1384 1395 cimus
1397 1379 1412 1401 ‚
1440 1368 1485 1395 ac
1502 1369 1647 1398 omnes
1664 1381 1679 1401 -.
1697 1358 1738 1398 δι
1762 1358 1937 1412 singulos
1953 1382 1967 1403 ‚
1994 1364 2078 1396 tam
2113 1351 2213 1409 juris
2230 1380 2246 1402 ,

1262 1411 1383 1468 quim
1399 1410 1688 1455 faaidefeetus
1701 1442 1718 1464 ,
1744 1414 1768 1456 fi
1796 1413 2056 1470 quidesuper
2071 1424 2251 1469 quomo-

1262 1470 1423 1515 dolibet
1448 1470 1747 1516 intervenerint
1764 1502 1780 1525 ‚
1811 1473 2036 1530 supplemus
2055 1501 2072 1524 ,
2097 1470 2251 1524 illaque

1269 1528 1569 1574 inviolabiliter
1580 1533 1631 1576 ab
1643 1533 1832 1576 omnibus
1850 1561 1865 1585 ,
1894 1532 1943 1576 ad
1957 1545 2059 1589 quos
2073 1527 2222 1587 spectat
2237 1557 2251 1580 ,

1269 1587 1311 1629 δι
1326 1585 1518 1643 spectabit
1533 1588 1572 1631 in
1587 1585 1795 1641 futurum,
1826 1591 2036 1634 observari
2050 1620 2067 1642 ,
2091 1589 2222 1646 sicque
2237 1617 2253 1638 ,

1267 1647 1308 1687 δι
1330 1659 1408 1687 non
1433 1646 1551 1690 aliter
1575 1646 1615 1691 in
1645 1648 1844 1704 praemiffis
1872 1663 1944 1705 per
1970 1647 2248 1705 quoscumque

1260 1704 1424 1762 Judices
1437 1704 1664 1750 ordinarios
1677 1737 1692 1760 ,
1705 1709 1747 1751 δι
1761 1708 1971 1764 delegatos
1986 1734 2001 1758 ‚
2013 1710 2140 1751 etiam
2156 1721 2255 1751 cau·

1269 1763 1404 1806 sarum
1422 1764 1564 1808 Palatii
1581 1768 1801 1822 Apostolici
1823 1768 2043 1812 Auditor-es
2058 1797 2072 1819 ‚
2086 1780 2132 1809 ac
2149 1770 2252 1809 San-

1267 1826 1336 1864 ‹51ae
1350 1824 1545 1866 Romana
1562 1826 1747 1868 Ecclefiae
1760 1826 1999 1870 Cardinales
2012 1854 2027 1877 ‚
2048 1826 2173 1868 etiam
2200 1822 2253 1864 de

1267 1881 1399 1925 latere
1413 1883 1590 1939 Legatos
1607 1910 1622 1934 ,
1651 1885 1691 1926 δι
1705 1883 1869 1940 quosvis
1881 1884 1984 1925 alios
1995 1895 2251 1939 quacumque

1267 1941 1510 1984 austoritate
1525 1938 1738 1997 fungentes
1750 1969 1766 1992 ‚
1781 1941 1936 1986 sublata
1949 1944 2005 1986 eis
2016 1966 2032 1987 s
2057 1943 2097 1984 δι
2111 1954 2250 1985 eorum

1271 1997 1441 2043 cuilibet
1454 2000 1597 2054 quavis
1611 2000 1734 2043 aliter
1748 2000 1982 2056 judicandi,
1999 2004 2037 2043 &
2052 2002 2254 2056 interpre-

1273 2054 1386 2099 tandi
1403 2052 1600 2101 facultate
1611 2085 1627 2110 ,
1640 2058 1681 2100 &
1696 2060 1940 2102 auctoritate
1961 2085 1977 2109 ,
1990 2058 2158 2114 judicari
2173 2086 2189 2110 ,
2213 2059 2255 2100 δι

1275 2112 1440 2158 diffiniri
1455 2116 1606 2160 debere
1618 2142 1634 2166 ‚
1647 2131 1694 2161 ac
1707 2118 1871 2160 irritum
1887 2147 1902 2170 ,
1915 2118 1956 2159 δι
1975 2117 2091 2160 inane
2106 2146 2121 2168 ,
2154 2116 2179 2160 fi
2195 2116 2257 2159 se-

1274 2187 1346 2216 eus
1362 2172 1476 2230 super
1493 2175 1555 2218 his
1579 2176 1604 2220 ὲ
1617 2189 1825 2234 quoquam
1854 2176 1998 2234 quavis
2012 2176 2255 2220 auetoritate

1273 2230 1477 2285 scienter,
1505 2233 1569 2276 vel
1592 2234 1827 2291 ignoranter
1841 2236 2060 2292 contigerit
2075 2245 2254 2279 attenta-

1272 2289 1338 2342 ri,
1352 2290 1608 2335 deceruimus
1621 2323 1633 2336 .
1669 2299 1764 2339 Non
1780 2294 2028 2339 obstantibus
2042 2295 2176 2353 quoad
2191 2308 2255 2343 ea,

1274 2363 1363 2450 pue
1384 2349 1653 2396 declarationi
1682 2356 1874 2409 praedit‘tae
1891 2383 1907 2407 ‚
1928 2357 1967 2398 δι
1996 2356 2258 2412 praesentibus

1294 2417 1368 2451 unt
1391 2412 1593 2454 contraria
1608 2441 1622 2464 ,
1645 2412 1709 2456 vel
1739 2412 1895 2456 diversa
1910 2441 1924 2463 ,
1954 2414 2260 2457 Constitutione

1278 2465 1347 2510 fel.
1363 2481 1443 2511 rec·
1459 2470 1691 2514 Clementis
1721 2474 1833 2527 Papae
1848 2474 1968 2514 V111.
1997 2469 2262 2516 Praedeceffo·

1278 2527 1332 2569 ris
1350 2528 1490 2570 Nostri
1521 2530 1728 2585 praedicti,
1749 2544 1796 2573 ac
1821 2533 2007 2574 omnibus
2032 2531 2114 2572 illis
2134 2558 2148 2580 ,
2176 2544 2262 2587 quae

1282 2582 1393 2627 idem
1418 2586 1612 2631 Clemens
1635 2589 1675 2632 in
1701 2589 2003 2633 Constitutione
2029 2588 2259 2646 hujusmodi

244 2660 476 2708 tenusopus
488 2650 1044 2704 fit‚innovat‚quemcumque
1058 2656 1223 2701 praeten-
1283 2642 1415 2687 voluit
1443 2659 1523 2689 non
1552 2648 1711 2691 obstare
1736 2676 1752 2700 ,
1781 2648 2012 2703 caterisque
2038 2648 2259 2691 contrariis

249 2711 333 2756 ssim
348 2707 587 2760 annosum,
618 2717 689 2753 aut
715 2704 953 2763 praetensum
979 2703 1121 2758 usum,
1150 2705 1219 2747 seu
1285 2702 1635 2762 quibuscumque.

252 2766 485 2828 pretensam
513 2764 845 2809 consuetudinem
867 2762 1101 2806 damnando
1122 2791 1140 2816 ,
1177 2764 1219 2805 δι
1395 2765 1551 2807 Datum
1578 2769 1719 2812 Rome
1741 2765 1847 2823 apud
1879 2770 2064 2810 Sanctam
2088 2766 2262 2810 Mariam

253 2825 487 2881 ifrstffldo)
517 2825 655 2868 “¹²⁸¹OE
681 2824 803 2866 ‘tim‘
820 2824 898 2865 ¹¹00
914 2823 1136 2864 Decretum
1148 2823 1219 2867 in.-
1282 2820 1484 2877 Maiorem
1517 2825 1584 2869 sub
1624 2827 1791 2870 Annulo
1820 2824 2037 2871 piscatoris
2084 2826 2151 2870 die
2180 2826 2263 2868 xvi.

255 2887 388 2945 aliqua
402 2882 562 2942 publica
577 2881 928 2938 congregatione,
942 2877 1009 2921 vel
1024 2877 1167 2923 saltem
1181 2879 1223 2923 in
1282 2879 1474 2923 octobris
1499 2895 1663 2927 mncxr..
1693 2883 1964 2928 Pontificum
1989 2886 2126 2931 Nostri
2142 2888 2266 2928 Anno

257 2944 419 3004 publica
449 2940 580 2985 mensa
600 2941 859 2998 perlegantur
875 2966 889 2981 .
917 2937 1116 2982 Omnibus
1139 2946 1226 2981 tam
1287 2937 1446 2984 decimo
1459 2942 1632 2987 octavo.

258 2999 544 3050 Ecclefiasticis
567 2998 745 3056 perionis
756 3025 772 3050 ,
793 2998 916 3042 etiam
929 2997 1198 3053 Regularibus
1211 3026 1228 3050 ‚

258 3066 381 3121 quarn
394 3059 524 3106 Laicis
538 3057 823 3114 cujuscumque
837 3055 911 3099 fint
925 3055 1094 3101 Ordinis
1107 3071 1232 3107 ,eon-

262 3122 432 3167 ditionis
447 3147 463 3173 ,
487 3118 634 3175 gradus
647 3146 663 3171 ‚
690 3132 735 3162 ac
748 3116 958 3174 dignitatis
971 3142 986 3164 ‚
1012 3116 1134 3160 etiam
1150 3116 1233 3174 spe·

294 3293 1980 3504 INNOCENTIUS
2075 3358 2239 3499 Χ,

274 3567 484 3621 Romanus
498 3605 515 3628 ,
544 3585 666 3620 antea
691 3570 885 3639 ‘Joannes
912 3569 1103 3636 Baptista
1118 3568 1358 3619 cardinalis
1386 3567 1651 3638 Pamphilius
1666 3567 1766 3631 ‚die
1796 3591 1873 3639 14.
1886 3573 2092 3643 Septemb.
2119 3582 2267 3635 1644·

343 3641 402 3690 ad
419 3643 694 3707 principatum
729 3640 915 3715 Ecclefiae
940 3642 1156 3691 exaltatus
1185 3640 1273 3690 efl.
1310 3638 1583 3693 Gubernavit
1618 3644 1724 3692 hanc
1744 3659 1822 3709 per
1849 3664 1973 3698 annos
2009 3668 2030 3698 1
2043 3664 2092 3696 0.
2123 3643 2269 3709 menfis

343 3730 391 3773 3.
412 3711 498 3760 dies
529 3710 826 3773 25.M0rtuus
848 3715 900 3782 est
924 3732 971 3773 7.
999 3712 1218 3782 “Jaenuarii
1250 3720 1399 3775 1655.
1421 3713 1613 3781 fipultus
1637 3718 1682 3764 in
1721 3714 1927 3769 Vertit-ano
1953 3756 1971 3779 ,
2015 3720 2071 3768 (θ’
2099 3714 2192 3763 inde
2214 3709 2274 3758 ad

340 3780 561 3850 Ecclffi'czm
585 3779 631 3831 S.
655 3785 836 3851 Agnetis
866 3789 913 3834 in
924 3783 1031 3852 ftro
1053 3783 1239 3853 Agonali
1248 3781 1385 3851 fitam
1410 3785 1664 3837 translatus.

1352 3059 1526 3111 Exempl.
1532 3064 1662 3103 Rome
1670 3058 1895 3117 imprfftm
1903 3060 1947 3103 in
1959 3061 2267 3117 Arcb.generalr‘

1413 3117 1510 3159 Ord-
1526 3123 1643 3163 Arm.
1658 3121 1766 3163 Doc.
1779 3121 2035 3164 Authentica
2048 3152 2061 3164 .

2056 3878 2203 3931 Regu-
