2444 4192
413 205 526 288 88

349 359 480 417 tigio‚
508 361 551 403 &
579 363 941 419 contrectatione,
971 366 1036 409 vel
1062 364 1322 408 administra·

346 421 461 463 tione
471 421 656 476 pecunie
676 436 884 481 nequeant
905 425 1117 479 expediri:
1143 426 1320 468 Verum-

348 488 485 533 tamen
507 481 548 523 in
571 481 635 524 his
658 483 907 539 exequendis
948 483 1047 526 dare
1070 483 1316 527 confilium,

346 536 522 594 ipsorum
537 541 652 584 statui
666 555 750 584 non
765 543 917 586 obiistit
930 570 944 592 ,
959 557 1051 584 cum
1065 555 1116 583 ex
1129 543 1208 583 boc
1223 541 1314 596 ipiis

347 598 458 639 circa
473 600 575 643 bona
587 602 823 656 temporalia
838 600 948 643 nulla
960 599 1184 656 jurisdiffio
1197 629 1213 651 ,
1238 601 1318 643 sive

346 657 450 700 aaio
463 658 502 699 in
517 657 672 714 judicio
684 686 699 708 ,
731 658 811 702 five
823 658 1069 713 dispensatio
1082 660 1289 703 tribuatur
1301 686 1316 699 .

459 717 576 760 Licet
593 718 693 758 vero
706 730 788 758 non
813 714 943 760 solum
969 715 1016 759 fit
1031 717 1217 767 licitum,
1243 714 1313 759 sed

341 774 568 818 &multum
592 775 836 818 conveniens
864 774 1045 827 rationi,
1074 777 1185 833 quod
1212 778 1313 819 Fra-

342 845 426 878 tres
439 860 453 881 ‚
484 834 551 887 qui
569 832 608 874 in
624 832 835 877 laboribus
849 834 1140 891 Spiritualibus
1155 836 1317 876 oratio-

339 893 403 935 nis
418 920 432 942 ,
459 892 500 931 δι
514 888 629 933 studii
655 891 800 936 sedula
819 904 1076 950 occupantur
1091 922 1107 946 ,
1138 894 1286 935 hortos
1300 919 1315 942 ,

336 953 377 992 δι
390 962 499 990 areas
518 949 696 993 babeant
708 982 725 1003 ,
757 961 1038 1009 competentes
1063 953 1114 994 ad
1138 948 1316 992 recolle-

339 1009 514 1049 &ionem
529 1008 595 1050 vel
607 1011 900 1054 recreationem
918 1010 977 1052 sui
995 1037 1011 1061 ,
1037 1011 1079 1051 δι
1106 1006 1313 1051 interdum

339 1066 390 1108 ad
404 1065 442 1109 se
456 1066 560 1121 ipsos
574 1067 659 1119 post
675 1067 832 1111 labores
856 1067 1057 1124 bjusmodi
1081 1065 1314 1121 corporali·

335 1137 403 1168 ter
430 1124 720 1174 deducendos,
752 1140 827 1170 nec
843 1139 924 1168 nou
953 1125 1007 1167 ad
1030 1124 1215 1167 habenda
1241 1138 1313 1166 ne-

333 1180 498 1229 cessaria
528 1183 742 1227 hortalitia
780 1197 856 1242 pro
880 1182 1011 1239 seipiis
1023 1196 1038 1225 ε
1067 1184 1220 1226 habere
1249 1191 1314 1225 ta-

334 1259 425 1287 men
442 1243 586 1285 hortos
599 1242 777 1301 aliquos,
789 1251 837 1288 ut
852 1243 1061 1294 colantur,
1072 1255 1119 1284 ac
1133 1243 1252 1285 olera
1272 1243 1312 1284 δε

333 1303 414 1346 alia
428 1301 641 1347 hortalitia
656 1304 789 1360 pretio
802 1303 1076 1347 distrabantur
1088 1328 1103 1351 ‚
1136 1315 1214 1345 nee
1229 1314 1314 1343 non

333 1364 375 1406 δι
403 1363 565 1414 vincas,
596 1371 798 1419 repugnat
815 1363 890 1406 suae
904 1360 1100 1419 Regulae,
1123 1363 1165 1404 δι
1195 1359 1318 1403 Ordi-

335 1422 399 1465 nis
415 1421 616 1476 puritati,
648 1420 872 1466 secundum
883 1423 992 1479 quod
1005 1421 1136 1465 die'tus
1157 1418 1311 1464 Praede-

336 1479 469 1524 eeffor
482 1480 708 1525 declaravit
723 1508 738 1531 ,
754 1496 800 1525 ac
816 1482 939 1526 etiam
952 1480 1161 1526 ordinavit
1175 1495 1188 1525 :
1203 1477 1314 1539 quod

331 1538 473 1584 fitalia
502 1540 554 1582 ad
573 1541 662 1584 usus
686 1541 873 1598 proxime
911 1540 1077 1592 diaes,
1106 1549 1152 1584 ut
1186 1549 1314 1607 puta,

328 1598 1311 1717 1²3}‘32215i5;”523?3‚5332⁰ssffomfflt

329 1716 431 1762 dum
459 1719 625 1762 Fratres
650 1721 675 1763 a
699 1722 935 1776 receptione
962 1719 1107 1762 talium
1134 1718 1308 1763 abstine·

330 1786 429 1826 ant,
458 1791 555 1820 curn
584 1778 708 1821 etiam
736 1779 925 1836 praemiffa
942 1778 1118 1830 habere,
1150 1789 1194 1822 nt
1210 1792 1308 1835 pre-

333 1836 436 1879 tium
460 1836 663 1880 fruetuum
692 1836 768 1881 suis
796 1838 1052 1895 temporibus
1075 1840 1276 1882 habeatur
1291 1865 1308 1891 ,

329 1893 383 1937 ad
397 1903 602 1947 naturam,
615 1896 657 1937 8ι
671 1894 846 1939 sormam
867 1905 1145 1954 proventuum
1158 1910 1306 1954 appro-

328 1954 524 2011 pinquet.
553 1953 735 2004 Rursus,
760 1969 854 2000 cum
870 1955 1084 2013 praediaus
1109 1959 1305 2008 Sanetus,

329 2024 413 2055 tam
426 2013 467 2054 in
481 2014 678 2067 exemplis
695 2015 816 2064 vite,
845 2016 966 2071 quam
981 2016 1117 2056 verbis
1140 2015 1307 2069 Regulae

326 2069 553 2111 ostenderit
581 2070 621 2112 se
661 2070 791 2119 vene,
820 2072 934 2127 qnod
965 2074 1128 2114 Fratres
1164 2069 1223 2112 sui
1265 2071 1307 2112 Gt

327 2128 442 2180 filii,
458 2127 605 2172 divinae
616 2128 882 2184 providentia
896 2129 1118 2174 innitentes
1128 2155 1143 2180 ‚
1158 2129 1248 2172 suos
1258 2129 1301 2172 in

330 2189 469 2231 Deum
513 2185 695 2242 jacerent
728 2189 938 2243 cogitatus
962 2213 979 2236 ,
1008 2188 1079 2241 qui
1112 2185 1304 2228 volueres

324 2245 431 2288 eceli
456 2242 607 2299 pascit,
632 2256 723 2299 qne
745 2255 827 2284 non
853 2250 1106 2298 congregant
1137 2240 1177 2281 in
1201 2240 1304 2283 hor·

325 2316 395 2346 rea
408 2328 424 2351 ‚
456 2314 533 2344 nec
547 2298 744 2344 seminant
760 2327 776 2353 ‚
789 2313 866 2344 nec
882 2308 1056 2349 metunt,
1070 2313 1148 2342 non
1162 2297 1216 2343 est
1230 2312 1304 2343 ve-

332 2359 496 2405 riiimiic
514 2356 679 2403 voluiil'e
694 2357 819 2414 ipsum
846 2370 917 2401 eos
933 2358 1082 2404 babere
1116 2359 1302 2415 granaria

328 2419 392 2463 vel
409 2417 580 2461 cellaria
596 2442 611 2467 ,
631 2417 700 2460 ubi
721 2416 972 2475 quotidianis
987 2416 1304 2462 mendicationi-

325 2481 402 2523 bus
428 2477 630 2520 deberent
670 2475 828 2532 sperare
864 2475 971 2533 poile
999 2477 1219 2535 transigere
1242 2477 1304 2520 vi·

323 2549 410 2583 tam
425 2532 553 2580 snam.
575 2535 798 2580 Etidcireo
821 2548 966 2579 nonex
981 2538 1132 2582 timore
1151 2535 1306 2581 levite.

326 2598 463 2642 laxare
480 2592 519 2637 se
532 2593 685 2639 debent
718 2592 770 2639 ad
785 2597 1124 2654 congregationes
1146 2598 1301 2640 &con-

327 2653 577 2700 servationes
594 2654 823 2712 hujusmodi
839 2653 1072 2700 faciendas:
1102 2654 1169 2700 sed
1198 2666 1296 2699 tune

325 2712 483 2759 tantum
498 2741 514 2766 ,
525 2726 618 2756 cum
630 2712 731 2759 effet
747 2714 924 2759 multum
937 2715 1139 2761 credibile
1152 2729 1203 2760 ex
1217 2714 1295 2759 'am

324 2773 503 2830 expertis
518 2800 535 2825 ‚
560 2772 671 2829 quod
696 2787 775 2818 non
796 2772 949 2832 poliens
970 2777 1055 2821 vita
1077 2788 1180 2819 nece
1211 2775 1296 2819 aria

327 2832 676 2877 aliterinvenire.
703 2834 796 2879 noc
821 2844 957 2878 autern
986 2834 1296 2880 Ministrorum..

326 2892 395 2936 vei
411 2889 636 2935 Custodum
651 2891 852 2936 simui&s
921 2894 1040 2938 ratim
1060 2894 1102 2939 in
1126 2893 1203 2938 suis
1225 2892 1297 2936 ad-

326 2949 685 2997 ministrationibus
710 2979 727 3005 ,
750 2950 854 2995 &cu
890 2951 997 2998 odiis
1037 2967 1130 2998 eum
1156 2957 1296 3000 Guar-

323 3010 482 3055 diani&
496 3009 673 3054 duorum
687 3010 741 3055 de
756 3012 981 3056 conventu
1004 3012 1087 3057 loci
1099 3011 1295 3058 discreto-

323 3083 415 3115 rum
432 3069 708 3114 sacerdotum
734 3071 872 3115 &anti
905 3084 1051 3116 uorum
1079 3071 1118 3116 in
1134 3072 1296 3117 Ordine

323 3131 509 3175 reanum
538 3127 738 3183 confilio,
774 3130 815 3174 δι
842 3145 865 3174 a
897 3132 994 3176 ensu
1034 3130 1219 3177 duximus
1234 3130 1295 3186 iu·

321 3187 436 3233 dicio
450 3188 788 3247 relinquendum,
821 3203 961 3236 eorum
982 3188 1096 3249 super
1111 3192 1189 3236 boc
1203 3188 1295 3248 spe·

324 3246 485 3293 cialiter
522 3246 783 3293 conscientias
821 3262 1068 3295 onerantes.
1100 3251 1209 3297 Hinc
1234 3249 1291 3296 est

322 3307 451 3351 etiam
465 3336 480 3360 ,
504 3305 616 3365 quod
631 3321 726 3354 eum
742 3309 804 3352 vir
817 3312 983 3355 Sanssus
1013 3312 1177 3356 Fratres
1198 3307 1289 3354 suos

326 3370 364 3408 in
380 3377 617 3422 paupertate
632 3366 783 3412 summa
795 3393 811 3417 ‚
835 3382 882 3411 ac
898 3369 1128 3415 humilitate
1142 3368 1288 3415 sunda·

326 3438 369 3467 rc
388 3425 566 3470 voluerit
580 3453 595 3477 ‚
638 3426 747 3472 uoad
762 3425 947 3473 effectum
969 3429 1119 3486 pariter
1139 3431 1177 3473 δι
1193 3426 1286 3471 affe-

325 3485 459 3546 ἂυφ,
481 3486 587 3547 ¹sicut
620 3499 693 3532 ere
704 3485 862 3544 Regula
877 3497 966 3532 tota
979 3488 1130 3532 clamat
1148 3517 1163 3542 ‚
1182 3501 1286 3531 con·

325 3543 602 3653 {22:222'502’.
625 3544 1060 3652 aerariam?
1084 3545 1284 3651 ἕεὲῑεεετ

323 3657 388 3702 vel
406 3656 480 3698 alia
493 3671 737 3718 quacunque
750 3663 917 3709 edificia
935 3693 950 3719 ‚
964 3663 1084 3724 quoe(
1099 3663 1284 3709 conlide-

324 3728 419 3762 rato
433 3717 620 3759 fratrum
637 3721 904 3768 habitantium
921 3726 1128 3827 numersd)
1149 3727 1286 3769 esces-

1017 227 1021 231 ’
1062 205 1223 297 Sub
1284 201 1712 292 Clemente„
1732 201 1835 295 V·

1383 364 1536 420 ubique
1550 363 1590 406 in
1601 364 1669 407 suo
1684 358 1843 405 Ordine
1857 358 2049 416 deinceps
2064 358 2304 419 temperatis
2316 359 2358 401 δε

1380 422 1602 465 humilibus
1624 421 1807 481 {diliciis
1832 419 1906 460 fint
1930 424 2147 472 contenti,
2177 435 2226 464 ne
2256 416 2355 462 huic

1376 490 1500 524 tantas
1513 481 1739 538 paupertati
1754 474 1949 535 promiffae
1961 505 1977 528 ,
2000 480 2113 534 quod
2126 490 2239 539 patet
2252 492 2359 522 ocu-

1375 538 1456 591 lis,
1482 540 1737 584 contrarium
1781 537 1879 580 foris
1917 535 2070 580 clamet
2105 569 2118 582 .
2139 537 2356 596 Quamvis

1378 598 1502 642 etiam
1517 606 1757 657 paramenta
1771 598 1811 638 δι
1825 596 1913 638 vasa
1927 597 2200 641 Ecelefiastiea
2211 596 2265 640 ad
2279 596 2356 638 ho-

1375 671 1518 701 norem
1530 658 1660 702 divini
1681 657 1869 701 Nominis
1882 653 2126 699 ordinentur
2139 685 2156 710 ,
2181 663 2354 712 propter

1374 730 1497 772 quem
1529 718 1667 760 omnia
1694 712 1888 770 fecitipse
1906 715 2013 756 Deus
2040 727 2055 757 ε
2083 725 2221 758 tamen
2239 743 2255 761 ι.
2281 714 2353 770 qui

1376 774 1710 818 absconditorum
1739 774 1796 816 est
1811 772 1999 829 cognitor
2015 800 2029 825 ,
2056 773 2110 815 ad
2137 773 2351 817 animum.»

1377 832 1445 876 fibi
1485 833 1796 876 ministrantium
1835 830 2000 887 respicit
2036 830 2349 887 principaliter,

1376 905 1457 934 non
1472 891 1523 934 ad
1538 905 1731 943 manum,
1756 904 1833 934 nec
1849 890 2024 947 perillas
2054 889 2122 933 fibi
2139 889 2229 932 vult
2253 889 2343 933 ser-

1374 950 1492 1049 {2¹35-
1510 948 2030 1050 gasaiwam
2056 948 2345 1051 ⁶⁰5?aessss

1483 1021 2351 1053 llar21'001'uouef*

1374 1063 1524 1107 debent
1550 1065 1607 1107 eis
1630 1064 1719 1107 vasa
1747 1023 2039 1119 Gitti’aralr’nentztt¹
2062 1065 2342 1111 Ecclefiastica

1373 1122 1563 1165 decentia
1592 1152 1607 1176 ,
1633 1123 1675 1165 in
1704 1135 1875 1165 numero
1895 1150 1910 1174 ,
1934 1124 1976 1165 δι
2002 1123 2043 1165 in
2070 1125 2352 1179 magnitudine

1373 1178 1614 1225 sufficientia
1629 1189 1941 1238 competenter.
1974 1183 2243 1240 superfluitas
2280 1198 2356 1228 au-

1373 1251 1489 1293 tem,
1520 1251 1593 1285 aut
1621 1240 1742 1284 nimia
1764 1242 2019 1297 pretiositas,
2054 1242 2122 1287 vel
2151 1257 2356 1299 quecum-

1375 1315 1459 1360 que
1481 1299 1748 1345 curiofitasin
1765 1301 1824 1344 his
1840 1329 1856 1354 ,
1882 1300 1948 1345 seu
1970 1301 2060 1346 aliis
2087 1303 2354 1359 quibuscum-

1376 1376 1456 1418 que
1472 1391 1489 1413 ,
1522 1374 1604 1404 non
1647 1359 1778 1418 potest
1806 1358 1986 1416 ipsorum
2025 1359 2256 1419 proseffioni
2282 1362 2352 1406 vel

1377 1420 1497 1464 ssatui
1534 1420 1780 1463 convenire:
1805 1433 1899 1464 eum
1938 1421 2048 1465 enim
2085 1420 2168 1465 hac
2194 1420 2352 1477 sapiant

1375 1478 1788 1531 thesaurizationem,
1815 1479 1882 1522 seu
1918 1480 2104 1536 copiam,
2135 1491 2350 1536 pauperta-

1374 1540 1411 1583 ti
1424 1548 1547 1582 tantae
1559 1538 1694 1595 quoad
1710 1538 1927 1581 humanum
1943 1538 2133 1594 iudicium
2146 1538 2354 1596 derogant

1376 1596 1612 1642 manifeste:
1637 1600 1905 1655 Quapropter
1942 1596 2131 1656 praemiss'a
2150 1596 2303 1644 servari
2326 1597 2352 1641 ὲ

1370 1659 1583 1703 Fratribus
1622 1658 1811 1701 volumus
1855 1658 1897 1700 &
1922 1656 2160 1702 mandamus
2183 1684 2196 1699 .
2224 1658 2349 1702 Circa

1368 1730 1573 1822 ‘eiquorum
1588 1717 1688 1783 vero
1701 1715 2201 1818 &arugorumepblationes
2212 1745 2228 1787 ,
2239 1714 2344 1818 ἰΙΙιιιὲ

1398 1788 1683 1822 ecernimusin
1698 1788 1810 1818 omni
1844 1787 1916 1824 us,
2013 1789 2087 1830 per
2112 1789 2290 1818 ommao

1369 1836 1611 1881 servandum
1626 1861 1642 1885 ,
1666 1832 1774 1891 quod
1797 1847 1872 1890 per
1895 1832 2216 1878 declarationem
2242 1848 2348 1891 prae-

1367 1897 1514 1940 dietam
1527 1924 1542 1947 ‚
1573 1895 1614 1938 in
1631 1893 1872 1951 pecuniariis
1887 1891 2066 1938 noscitur
2080 1894 2346 1949 eleemosynis

1369 1955 1597 2001 deffinitum
1614 1982 1627 1997 .

1484 2018 1546 2058 Ex
1567 2011 1765 2067 premiffis
1794 2020 1932 2055 autem
1957 2010 2156 2055 succrevit
2170 2023 2252 2055 non
2272 2026 2347 2069 pa-

1367 2084 1459 2114 rum
1475 2069 1706 2126 scrupulosa
1725 2071 1888 2127 questio
1904 2071 2012 2114 inter
2030 2071 2212 2115 Fratres:
2230 2071 2348 2116 vide·

1365 2129 1577 2181 licet,utrii
1594 2142 1644 2172 ex
1659 2129 1731 2172 suoe
1745 2128 1986 2183 professione
2001 2132 2170 2186 Reguloe
2181 2129 2346 2187 oblige-

1364 2195 1436 2227 tur
1447 2186 1500 2225 ad
1517 2189 1674 2226 aretum
1688 2211 1704 2234 ‚
1735 2188 1775 2226 ει
1791 2195 1959 2226 tenuem
1980 2213 1994 2236 ,
2018 2189 2098 2229 five
2119 2203 2341 2244 pauperem

1365 2240 1479 2284 usum
1507 2254 1671 2283 rerum:
1699 2239 1936 2296 quibusdam
1962 2256 2009 2285 ex
2025 2243 2115 2298 ipfis
2129 2247 2341 2290 credenti·

1364 2299 1438 2343 bus
1464 2300 1505 2342 δι
1539 2298 1771 2344 dicentibus
1797 2327 1813 2351 ,
1851 2302 1960 2357 quod
1990 2328 2006 2352 ‚
2034 2304 2132 2346 ficut
2158 2332 2173 2356 ,
2201 2304 2342 2362 quoad

1365 2358 1604 2403 Dominium
1640 2372 1776 2402 rerum
1805 2360 1955 2403 habent
1993 2375 2044 2405 ex
2082 2371 2184 2405 voto
2222 2365 2342 2408 abdi·

1364 2417 1567 2463 cationem
1580 2416 1833 2462 arctiffimam
1846 2444 1861 2468 2
1888 2420 1945 2461 ita
1963 2419 2052 2476 ipsis
2066 2423 2203 2478 quoad
2222 2426 2339 2468 usum

1366 2476 1575 2521 arctitudo
1596 2477 1801 2532 maxima,
1824 2480 1865 2522 δι
1891 2479 2051 2522 exilitas
2074 2482 2132 2524 eit
2158 2482 2333 2527 indicia:

1366 2536 1458 2581 aliis
1484 2535 1523 2579 in
1548 2538 1805 2583 contrarium
1840 2535 2129 2589 afferentibus,
2151 2542 2259 2597 quod
2285 2555 2336 2585 ex

1360 2593 1604 2655 professione
1621 2595 1688 2639 sua
1703 2596 1754 2641 ad
1768 2598 1928 2641 nullum
1947 2598 2057 2642 usum
2078 2613 2299 2657 pauperem
2317 2626 2335 2652 ‚

1357 2656 1518 2713 quinon
1532 2655 1783 2713 exprimatur
1795 2655 1834 2699 in
1850 2655 2010 2711 Regula
2023 2685 2038 2708 ,
2065 2658 2303 2715 obligantur
2317 2686 2334 2711 ,

1358 2715 1458 2760 lieet
1475 2726 1693 2759 teneantur
1742 2714 1792 2758 ad
1807 2712 1920 2759 usum
1934 2715 2195 2762 moderatum
2234 2727 2336 2763 tem-

1360 2775 1558 2833 perantia
1576 2801 1591 2825 ‚
1625 2776 1726 2817 ficut
1762 2775 1802 2818 δι
1825 2773 1951 2830 magis
1979 2788 2028 2817 ex
2055 2775 2332 2833 condecenti,

1359 2837 1482 2893 quam
1513 2835 1653 2879 ceteri
1687 2833 1932 2878 Christiani.
1960 2833 2157 2880 volentes
2185 2836 2329 2896 itaque

1360 2889 1698 2939 conscientiarum
1731 2893 2016 2950 predictorum
2034 2893 2218 2939 Fratrum
2231 2909 2330 2955 pro-

1358 2953 1502 3000 videre
1544 2953 1658 3005 uicti,
1671 2952 1711 2995 Gr
1726 2953 1789 2996 bis
1803 2951 2138 2998 altercationibus
2166 2953 2327 3000 finem...

1357 3012 1483 3067 dare,
1544 3011 1766 3058 eeiartndo
1790 3011 1963 3057 dicimus
1982 3040 1998 3066 ‚
2026 3012 2136 3069 quod
2163 3015 2325 3059 Fratres

1358 3073 1539 3117 Minores
1555 3087 1602 3118 es
1619 3070 1862 3128 prosellione
1877 3071 2123 3129 suoeRegulo
2143 3067 2327 3130 speciali-

1358 3142 1421 3177 ter
1436 3133 1675 3191 obligantur
1689 3130 1741 3176 ad
1751 3132 1887 3175 arctos
1902 3130 1990 3176 usus
2005 3129 2093 3181 ,seu
2106 3145 2321 3190 pauperes,

1351 3192 1423 3251 qui
1456 3194 1494 3236 in
1517 3190 1694 3251 ipsorum
1706 3188 1867 3246 Regula
1887 3187 2158 3234 eontinentur
2172 3217 2188 3244 ‚
2208 3192 2249 3235 δι
2273 3207 2323 3236 eo

1351 3250 1616 3309 obligationis
1651 3250 1804 3299 modo,
1832 3247 1902 3292 {inb
1937 3260 2021 3305 quo
2046 3249 2231 3295 continet
2255 3249 2320 3296 seu

1351 3313 1467 3370 ponit
1481 3307 1620 3368 regula
1632 3306 1761 3352 dubios
1776 3301 1891 3352 usus.
1921 3308 2068 3352 Dicere
2086 3319 2250 3360 autem,
2279 3311 2322 3354 fi·

1348 3382 1418 3417 cut
1435 3371 1560 3430 aliqui
1580 3367 1751 3413 afferere
1774 3366 2040 3424 perhibentur
2057 3392 2072 3418 2
2099 3369 2209 3425 quod
2241 3371 2323 3414 hae·

1349 3432 1528 3477 reticum
1541 3426 1587 3472 iit
1597 3436 1753 3479 tenere,
1767 3423 1880 3470 usum
1892 3428 2073 3493 paupere
2085 3426 2237 3473 includi
2253 3429 2321 3475 vel
2349 3458 2353 3463 -

1347 3505 1428 3536 non
1440 3486 1590 3535 includi
1604 3485 1674 3530 sub
1689 3482 2046 3542 votossvangelieoe
2055 3490 2320 3544 paupertatis,

1346 3542 1757 3609 praesumptuosum&
1784 3545 2042 3588 temerarium
2057 3544 2282 3601 judicamus
2307 3575 2320 3591 .

1466 3610 1642 3651 Demum
1657 3631 1671 3656 ‚
1695 3602 1786 3659 quia
1803 3616 1852 3647 ex
1865 3616 1942 3656 eo,
1997 3606 2078 3649 uod
2102 3605 2207 3649 dieta
2235 3608 2322 3652 Re·

1347 3665 1458 3725 gula,
1469 3678 1543 3722 per
1557 3675 1658 3721 quos
1674 3689 1690 3713 ,
1708 3663 1746 3705 δι
1772 3662 1839 3706 ubi
1857 3660 1942 3707 sieri
1998 3666 2116 3709 ebear
2146 3665 2315 3711 Ministri

1345 3722 1560 3770 Generalis
1598 3721 1749 3766 electio
1767 3747 1782 3772 ‚
1807 3722 1971 3766 tradens
1989 3752 2004 3776 ,
2037 3725 2192 3769 nullam
2217 3723 2318 3768 facit

325 3776 403 3818 siva
451 3775 491 3816 in
520 3777 775 3821 multitudine
793 3811 806 3831 ‚
836 3785 874 3824 δι
905 3785 1058 3836 magnit
1118 3784 1183 3828 ine
1206 3782 1279 3828 de·
1337 3783 1392 3827 de
1412 3781 1691 3826 ministrorum
1707 3782 2021 3838 provincialium
2037 3784 2233 3829 electione
2247 3784 2314 3828 vel

325 3838 443 3881 beant
471 3838 673 3894 reputari.
706 3838 886 3896 Ideoque
912 3842 1101 3886 volumus
1125 3872 1140 3895 ,
1164 3844 1274 3900 quod
1334 3842 1586 3887 institutione
1601 3842 1765 3900 penitus
1784 3841 2169 3897 mentionem,oriri
2196 3840 2314 3899 super

2179 3902 2258 3945 boc
