2444 4192
2051 137 2131 216 xi

193 292 560 353 ‹Patrisfamilias
594 302 695 340 tum
727 283 845 336 facia
876 303 933 336 ex
961 285 1148 336 denario
1191 284 1440 334 conventio
1470 296 1488 342 3
1533 301 1634 335 tum
1671 285 1795 334 illius
1840 286 1980 337 libera
2011 291 2202 358 inaequa-

212 372 270 421 lis
296 365 462 417 laboris
490 362 719 429 aequaliter
749 357 1023 425 praemiandi
1054 353 1132 404 seu
1160 352 1481 424 compensandi
1523 357 1736 405 voluntas
1765 353 2054 423 perfecerunt
2080 394 2110 409 .,
2129 362 2202 409 Fi-

192 453 383 508 .guram
416 431 565 485 textiis
594 429 630 480 fi
654 425 775 478 casui
805 426 960 477 nostro
991 440 1201 494 aptemus
1231 462 1248 485 ,
1293 442 1384 474 non
1427 425 1616 493 quidem
1650 427 1898 475 conventio
1928 461 1945 484 ‚
1987 425 2064 475 sed
2103 426 2202 478 suc-

193 506 348 561 ssceffio
368 541 385 564 ‚
414 522 513 573 quar
542 497 752 573 generice
779 496 829 549 ὅ(
855 516 910 547 ex
936 512 1098 547 natura
1124 496 1201 546 sua
1238 495 1520 565 postremos,
1551 494 1712 546 saltem
1747 494 1944 546 mediate*
1962 531 1979 555 ,
2019 501 2200 559 conjun-

190 619 195 624 .
211 578 284 650 git
318 577 479 646 prImis
503 609 520 633 ,
552 571 603 624 &
634 566 729 638 qud
759 565 964 637 specifice
990 570 1103 633 origo
1128 568 1206 635 fin
1241 570 1492 634 principium
1523 567 1706 617 noHrum
1734 568 1907 616 realiter
1939 602 1956 626 ,
1988 567 2043 615 (9·
2076 585 2198 619 cutm.

206 647 356 720 ffilu
385 681 402 706 ,
433 650 566 710 juxta
602 638 991 694 Constitutionem
1025 638 1206 689 Urbani
1248 642 1397 688 VIII.
1438 642 1629 707 incipien.
1670 638 1920 689 Salvatoris
1946 662 2003 689 =
2031 653 2133 686 tom.
2156 658 2198 689 1.

192 736 306 789 pag,
326 736 410 780 77.
439 714 659 786 positam,
689 709 998 777 computandum
1030 712 1095 760 ef}
1121 714 1147 759 ἃ
1173 725 1350 776 tempore
1374 714 1591 776 prime-ve
1615 746 1631 769 ,
1673 712 1730 760 ό·
1765 709 1987 779 originalis
2022 708 2197 757 institu-

198 792 339 841 tionis
363 786 536 856 Regula
568 819 586 844 ,
632 781 762 833 dedit
801 782 931 831 nobis
960 779 1232 850 stipendium
1275 782 1536 830 Minoritici
1569 783 1612 830 in
1645 778 1844 831 Ecclesia
1878 781 1966 831 Dei
1999 779 2199 838 laboris,

206 860 286 911 seu
314 856 664 928 privilegiorum
696 850 830 904 usum
874 855 1094 920 aqualem
1124 888 1141 912 ,
1181 869 1459 920 omnemque
1507 852 1745 902 invidendi
1793 850 1974 903 causam
2022 849 2198 900 sustulit

205 929 386 981 summa
421 922 763 979 Patrisfatnilias
796 925 841 972 in
875 919 1094 975 eminenti
1135 922 1406 991 Apostolico
1443 924 1612 976 throno
1643 924 1843 974 Vineam
1888 923 2080 974 Domini
2122 925 2203 973 Sa-

198 1001 346 1052 baoth
384 999 583 1049 curantis
615 1032 632 1055 ,
675 1010 782 1064 erga
818 993 1023 1046 nostrum
1066 997 1110 1044 in
1153 993 1241 1044 suis
1269 994 1418 1044 adhuc
1457 995 1728 1046 incunabilis
1759 996 2021 1063 vagientem
2056 992 2200 1043 Ordi-

210 1089 318 1122 nem
351 1065 570 1139 propensa
613 1067 822 1118 voluntas
851 1085 866 1113 ε
900 1064 1078 1117 sustulit
1110 1064 1160 1117 ὃ(
1197 1068 1414 1116 Clemens
1447 1069 1568 1134 Papa
1622 1070 1704 1118 VI
1727 1069 1768 1115 1.
1814 1067 1930 1115 dum
1965 1083 2015 1115 ea
2062 1061 2197 1132 ipsa..

213 1140 583 1196 Constitutione,
611 1155 703 1207 qua
742 1140 1034 1206 Capucinum
1082 1135 1351 1187 Institutum
1373 1136 1648 1206 approbavit
1666 1174 1682 1197 ,
1710 1135 1841 1186 simul
1872 1136 1922 1188 ὅ(
1946 1133 2164 1187 conceffit
2182 1170 2199 1194 ,

209 1227 264 1265 ut
298 1214 432 1261 omnia
459 1211 514 1260 &¹
538 1207 713 1278 singula
735 1210 976 1277 privilegia
1004 1244 1020 1267 ,
1046 1209 1213 1257 indulta
1244 1211 1299 1257 ό·
1329 1212 1491 1277 gratias
1530 1208 1731 1258 Fratrum
1762 1206 1984 1258 Minorum
2025 1243 2038 1257 .
2076 1242 2090 1256 .
2129 1242 2143 1256 .
2182 1241 2196 1256 .

207 1283 401 1335 hellenus
429 1279 624 1348 concffis
641 1315 656 1338 ,
685 1280 740 1331 (7·
764 1281 1002 1348 inposterum
1027 1280 1294 1330 concedendas
1322 1315 1339 1339 ,
1376 1286 1427 1330 ὅ
1460 1278 1604 1348 quibus
1634 1280 1719 1348 ipfi
1741 1277 2040 1346 quomodolibet
2073 1292 2198 1325 utun·

210 1372 283 1405 eur
306 1387 323 1414 ,
356 1356 574 1420 potiuntur
597 1357 651 1402 &
681 1352 862 1418 gaudent
889 1386 905 1409 ,
950 1368 997 1400 ac
1018 1355 1083 1398 uti
1113 1386 1129 1409 ,
1146 1354 1283 1418 potiri
1315 1384 1331 1407 ,
1364 1356 1418 1399 &
1452 1351 1632 1418 gaudere
1659 1349 1817 1416 poffinr
1851 1353 1897 1398 in
1931 1347 2167 1416 ficturum..
2183 1383 2201 1407 ,

209 1430 318 1496 εμὲ
350 1422 644 1492 principaliter
670 1457 687 1482 ‚
707 1421 824 1490 ficut
851 1420 936 1489 ipfi
965 1457 982 1481 ,
1017 1424 1087 1471 uei
1119 1456 1137 1480 ,
1181 1424 1316 1489 potiri
1344 1454 1361 1479 ,
1405 1421 1463 1469 (9·
1487 1421 1667 1490 gaudere
1701 1419 1831 1469 libere
1864 1421 1919 1468 ό·
1951 1420 2071 1468 liciti·
2115 1436 2199 1471 va·

208 1497 393 1549 lamus.

354 1570 424 1618 Ex
452 1584 547 1636 quo
579 1563 830 1616 notandum
866 1562 960 1625 est,
991 1564 1118 1634 quod
1156 1562 1286 1615 nobis
1322 1582 1414 1614 non
1447 1562 1596 1615 solum
1628 1563 1870 1634 privilegia
1900 1560 2074 1613 Ordini
2103 1562 2199 1611 Mi-

213 1638 456 1697 noritano,
489 1634 628 1706 usque
659 1636 719 1686 ad
757 1637 1010 1687 Clementis
1043 1639 1165 1688 VII.
1199 1634 1523 1686 Pontificatum
1559 1633 1763 1686 concessa
1799 1672 1815 1694 ,
1858 1633 1933 1683 sed
1963 1636 2101 1683 etiam
2145 1632 2202 1683 ab

209 1710 293 1760 illo
325 1723 530 1778 tempore
564 1705 715 1757 eidem
747 1708 1027 1767 concedenda,
1057 1703 1179 1775 aeque
1211 1709 1522 1776 principaliter
1558 1706 1651 1758 fine
1683 1704 2045 1757 contradiclione
2079 1721 2205 1754 com-

211 1794 526 1831 mumcentur.

356 1850 538 1903 Consta
569 1863 720 1900 tamen
753 1851 799 1901 in
829 1850 918 1901 hoc
949 1865 1081 1902 tomo
1108 1848 1293 1901 extensa
1332 1852 1527 1919 reperire
1569 1868 1661 1900 non
1702 1849 1763 1900 est
1799 1886 1815 1909 ,
1855 1850 1930 1899 vel
1966 1846 2092 1914 quod
2124 1845 2205 1895 sta·

217 1922 287 1972 tui
316 1921 468 1971 nostro
502 1937 593 1971 non
630 1935 887 1990 congruant
922 1958 939 1982 ,
968 1925 1044 1974 vel
1086 1922 1211 1990 quod
1246 1939 1326 1971 nec
1359 1923 1662 1972 eruditionem
1701 1921 1891 1972 historiae
1923 1919 2202 1969 Minoriticae

218 1989 496 2054 coadjuvent
526 2023 538 2037 .
573 1992 832 2037 Decretales
864 2005 1019 2038 tamen
1049 1994 1223 2041 litteras
1256 2028 1272 2049 ,
1307 1993 1471 2056 quibus
1508 1996 1742 2044 Minoritae
1778 1991 2054 2044 Sanfiorum
2089 2003 2206 2037 cata-

215 2060 329 2127 logo
371 2057 500 2106 fuere
531 2055 766 2121 inscripti,
793 2056 908 2104 ficut
940 2056 989 2104 δι
1018 2059 1258 2105 nonnullas
1288 2061 1398 2106 alias
1428 2093 1444 2116 ,
1476 2063 1641 2124 quibua
1669 2062 1791 2109 sacer
1823 2065 1878 2108 iis
1908 2062 2118 2110 decretus
2145 2055 2207 2107 est

212 2126 361 2177 honor
391 2160 406 2183 ,
454 2120 618 2172 inserui
660 2154 678 2180 ‚
727 2134 781 2170 ut
820 2154 835 2178 ‚
880 2137 1081 2186 quorum
1127 2120 1408 2169 fraternitate
1450 2142 1503 2170 ex
1553 2131 1734 2192 Regula
1780 2130 2038 2193 gloriamur
2069 2164 2085 2187 ,
2131 2144 2208 2176 ex-

211 2194 361 2265 pressi
406 2194 454 2243 in
500 2190 632 2243 dietis
676 2192 838 2242 litteris
886 2192 1078 2241 illorum
1125 2190 1298 2241 virtute
1352 2190 1411 2240 ad
1459 2189 1691 2259 sequelam
1735 2198 2038 2244 accendamur
2070 2231 2086 2253 ,
2123 2197 2208 2253 ἃ,

213 2283 412 2334 quorum
435 2259 590 2314 officia
625 2260 907 2312 celebramus
940 2263 986 2311 in
1015 2262 1210 2322 Chore,
1240 2262 1428 2311 illorum
1458 2264 1609 2332 gloria
1643 2264 1774 2315 nobis
1810 2280 1961 2334 pateat
1988 2268 2032 2315 in
2064 2266 2207 2317 Ordi-

222 2339 290 2388 nis
316 2336 520 2389 Bullario
537 2369 552 2385 .

356 2407 548 2457 Reticeo
576 2403 627 2458 δι
659 2401 903 2457 pontificia
925 2404 1046 2455 vivae
1078 2405 1207 2455 vocis
1238 2406 1427 2455 oracula
1444 2419 1542 2455 tam
1575 2407 1758 2473 copiose
1790 2407 1899 2456 alias
1928 2406 1987 2456 ad
2007 2406 2204 2457 Ordinis

218 2479 476 2531 Minoritici
506 2473 711 2529 favorem
751 2473 869 2525 fasta
896 2511 912 2534 ‚
949 2492 1058 2525 cum
1106 2474 1232 2525 labili
1273 2482 1365 2537 jam
1398 2474 1549 2526 fulcro
1587 2476 1885 2527 sustineantur
1907 2514 1923 2537 ,
1960 2496 2042 2527 nec
2078 2478 2209 2526 omni

214 2567 279 2600 -ex
316 2562 443 2619 parte
480 2546 538 2598 ad
572 2547 762 2615 lydium
793 2546 991 2615 lapidem
1024 2544 1112 2596 fint
1149 2546 1338 2614 probata
1368 2567 1385 2607 3
1423 2546 1549 2605 imo,
1591 2546 1623 2596 fi
1662 2550 1761 2598 aliis
1798 2548 2090 2599 adminiculis
2116 2564 2208 2596 non

216 2622 522 2679 munita,aut
546 2619 656 2685 aliis
680 2618 862 2671 Bullata
880 2634 971 2668 non
989 2615 1111 2678 sint,
1143 2615 1276 2669 exosa
1309 2618 1524 2670 videatur
1562 2620 1751 2670 illorum
1784 2622 1831 2669 in
1862 2622 2009 2671 Curia
2038 2624 2210 2677 Romaz

220 2709 277 2743 na
310 2693 397 2744 alle
431 2692 552 2742 atio.

357 2707 641 2832 sffpersedeo
668 2760 720 2815 δι
755 2760 1034 2832 Apostolicis
1061 2763 1227 2813 litteris
1253 2763 1495 2834 privilegia
1529 2763 1869 2814 continentibus
1894 2763 2062 2823 ,nobis
2098 2777 2210 2812 cum

220 2833 321 2885 aliis
344 2833 656 2903 Regularibus
697 2848 798 2885 tum
840 2832 1214 2884 Mendicantibus
1244 2870 1262 2894 ,
1305 2849 1407 2886 tum
1439 2852 1529 2886 non
1577 2834 1950 2886 Mendicantibus
1998 2851 2211 2885 commu·

223 2906 299 2956 nia
321 2939 335 2954 .
375 2907 485 2956 Scio
523 2903 722 2972 quidem*
743 2906 1208 2955 communicationem
1248 2907 1366 2956 hanc
1400 2943 1416 2965 ,
1454 2923 1510 2955 ex
1548 2908 1674 2956 claro
1710 2904 2055 2955 Pontificiarum
2090 2907 2228 2954 litte·-

218 2992 378 3026 rarum
424 2988 581 3026 tenore
611 2976 676 3026 ita
704 2989 879 3026 certam
910 2972 994 3027 esse
1020 3012 1038 3035 ,
1076 2990 1128 3027 ut
1162 2994 1245 3026 nec
1290 2992 1485 3048 negetur
1510 3013 1527 3036 ,
1566 2994 1651 3027 nec
1684 2978 1842 3045 negari
1887 2975 2025 3043 poffit
2046 3011 2061 3025 .
2099 2976 2208 3026 Scio

225 3063 282 3097 ex
310 3045 535 3098 Canonici
566 3048 684 3111 juris
717 3044 936 3097 consultis
982 3063 1085 3097 eam
1119 3046 1202 3096 effe
1234 3048 1355 3097 illius
1386 3045 1599 3097 efficaciae
1637 3082 1652 3106 ,
1691 3063 1743 3097 ut
1783 3047 2027 3116 privilegia
2070 3044 2210 3096 Ordi-

42 3113 56 3142 '“
103 3102 139 3180 ’ᾗ
176 3180 178 3183 y
218 3116 352 3168 nibus
394 3114 758 3186 quibuscumque
798 3115 1000 3167 concess'a
1039 3115 1089 3168 δι
1127 3117 1458 3178 concedenda3
1495 3116 1667 3168 efficiat
1709 3117 1879 3167 Ordini
1907 3152 1924 3176 ,
1971 3118 2047 3166 cui
2085 3132 2211 3165 com-

193 3189 549 3247 -municantur,
589 3190 652 3239 ita
688 3189 909 3258 propria,
943 3205 997 3237 ac
1029 3185 1063 3236 fi
1092 3187 1241 3238 eidem
1276 3187 1465 3256 primo,
1502 3187 1766 3238 immediate
1804 3223 1820 3246 ,
1864 3188 2212 3245 nominatim-³,

213 3276 279 3310 :ae
307 3258 663 3328 independenter
694 3258 752 3310 ab
783 3259 882 3309 aliis
914 3256 1056 3309 essent
1085 3255 1286 3308 concessa
1310 3295 1324 3308 .
1361 3261 1468 3310 Scio
1498 3260 1522 3308 a
1548 3258 1757 3328 pluribus
1798 3277 1900 3309 eam
1938 3260 2003 3308 ita
2035 3259 2211 3327 magni-

177 3363 197 3372 -.
217 3327 382 3390 ficari,
418 3345 470 3381 ut
493 3365 511 3388 ,
542 3328 915 3399 quotiescumque
955 3327 1152 3380 allidunt
1179 3330 1238 3379 ad
1270 3327 1510 3398 scopulum
1549 3332 1671 3389 litis,
1699 3332 1747 3380 in
1778 3348 1830 3379 ea
1863 3342 2064 3398 quaerant
2088 3345 2213 3378 com-

180 3425 187 3462 j
230 3397 364 3452 mune
412 3404 616 3452 nutantis
663 3399 803 3452 causae
846 3396 1072 3470 effugium
1114 3436 1127 3450 .
1183 3402 1383 3468 Reperio
1427 3415 1581 3451 autem
1622 3401 1671 3453 δι
1708 3403 1836 3451 illam
1876 3399 2073 3450 fimilem
2119 3397 2214 3466 spa-

226 3468 350 3525 tioso
377 3474 526 3531 mari,
547 3475 600 3522 ‘in
625 3472 750 3539 quod
788 3474 898 3522 dum
933 3473 1032 3537 quis
1070 3469 1292 3530 solvitur,
1320 3470 1378 3521 ad
1413 3469 1637 3540 syrtes&
1662 3470 1921 3539 charybdes
1950 3470 2211 3530 abducitur3

230 3537 384 3594 &uhi
402 3579 419 3602 ,
449 3543 563 3594 dum
588 3544 828 3611 aliquoties
849 3542 1082 3612 privilegii
1115 3539 1333 3593 securitas
1360 3546 1587 3612 reperitur
1616 3579 1632 3603 ,
1663 3544 1861 3595 centenis
1902 3543 2002 3593 aliis
2035 3541 2211 3593 vicibus

238 3611 424 3682 {Subula
461 3628 724 3682 repetuntur
746 3651 760 3664 .

298 3683 587 3737 ··-'Distrahit
611 3685 660 3738 δι
691 3687 771 3735 illa
809 3685 1054 3751 AuRores]
1080 3686 1145 3736 ita
1172 3687 1219 3735 in
1255 3698 1510 3756 pugnantes
1542 3686 1783 3737 sententias
1806 3721 1823 3744 ‚
1866 3700 1918 3735 ut
1948 3720 1965 3742 ,
1998 3685 2071 3734 cui
2101 3681 2209 3731 fides

241 3743 640 3877 debessssdhiffiri,
672 3758 753 3809 vix
783 3754 1063 3810 discernatur
1091 3777 1108 3818 3
1143 3756 1192 3810 ὅ(
1221 3755 1335 3807 dum
1375 3757 1452 3807 alii
1485 3760 1563 3808 illa
1601 3756 1684 3807 fibi
1719 3756 1870 3809 favere
1902 3752 2211 3872 praetendlunt,

374 3876 380 3882 ,
420 3838 490 3878 “a
569 3865 582 3879 ο
1568 3829 1596 3877 b
1636 3847 1661 3876 2
2063 3841 2089 3871 a
2111 3824 2141 3871 ii
