2444 4192
775 143 937 228 Sub
998 147 1347 259 Gregorio
1410 148 1498 232 X.
1519 144 1618 229 V·

223 286 545 392 petri-mangntibus'
554 287 737 389 qimai-ibus
750 289 977 387 iqtvlgltissst
989 293 1076 336 aliis
1090 303 1187 392 cop·-

299 361 380 391 ioni
412 361 455 388 us
511 362 559 390 rae
590 362 602 389 ι
643 362 676 389 is
750 360 772 388 v
881 360 990 390 vocis
1015 364 1041 389 0

221 365 331 452 ng.
343 405 390 447 E.
408 362 752 451 Cassinalibus'ad
767 405 942 459 ipsorum
959 434 972 455 ,
1001 366 1182 471 yellaaffi'o‘:

219 463 712 567 ffissssfxffizfflnfs
717 467 1179 575 fflffi‘ssfgzzfiffssssf

224 581 311 624 aliis
325 581 436 624 factis
446 611 461 632 ,
475 584 515 627 &
529 582 581 627 de
594 583 737 640 quibus
761 579 885 622 iidem
900 581 940 624 S.
953 578 1005 618 R.
1020 579 1069 619 E.
1081 578 1180 619 Car.

218 638 373 684 dinales
391 640 664 685 testimonium
678 641 718 682 in
734 636 890 694 scriptis
906 637 1176 692 praebuerunt.

220 701 498 743 Decernentes
510 699 717 756 praesentes
727 697 861 740 literas
874 722 890 746 ,
899 696 939 737 δι
953 695 992 736 in
1005 694 1065 737 eis
1076 708 1177 736 con·

219 766 333 800 tenta
347 758 741 814 quaecumque‚etiam
753 770 802 799 ex
813 754 987 810 eo,quod
1004 754 1185 809 quicum·

216 829 295 870 que
320 817 358 857 in
373 817 572 871 praemiffis
588 813 767 860 interesse
779 814 969 857 habentes
985 841 1000 864 ,
1025 811 1090 854 seu
1116 813 1184 854 ha-

218 873 317 915 bere
332 874 624 927 praetendentes
647 875 697 918 ad
713 875 790 916 hoc
805 872 964 925 vocati,
994 872 1034 912 δι
1055 870 1183 913 auditi

219 944 303 973 non
322 929 495 986 suerint,
509 934 560 976 de
575 932 839 989 subreptionis
860 959 877 984 ‚
899 931 963 973 vel
976 929 1184 986 obreptio·

222 991 284 1032 nis
300 990 427 1045 vitio,
454 1000 523 1035 aut
538 991 773 1035 intentionis
802 990 971 1040 nostrae,
1002 987 1068 1030 seu
1099 987 1182 1030 alio

221 1060 477 1106 quocumque
489 1049 649 1094 defectu
664 1050 799 1094 notari
812 1077 827 1101 ,
841 1049 1067 1104 impugnari
1080 1075 1096 1098 ,
1118 1061 1179 1089 re-

218 1108 417 1162 dargui‚in
431 1106 504 1161 ius,
517 1110 580 1152 vel
595 1109 913 1151 controverfiam
924 1104 1122 1156 revocari,
1135 1104 1186 1148 ad

220 1165 416 1208 terminos
437 1164 535 1219 juris
563 1166 702 1209 reduci
721 1194 737 1218 ,
781 1172 850 1208 aut·
875 1162 1062 1207 adversus
1092 1164 1184 1206 illas

217 1220 503 1279 quodcumque
520 1222 646 1278 juris,
677 1223 840 1277 gratia,
863 1221 930 1263 vel
946 1218 1036 1263 faeti
1051 1235 1182 1264 reme·

219 1279 330 1323 dium
354 1279 559 1334 impetrari
582 1276 811 1322 nullatenus
836 1276 968 1334 posse,
995 1277 1064 1321 sed
1089 1278 1180 1320 illas

218 1336 374 1394 semper
388 1337 539 1382 validas
551 1368 566 1392 ,
596 1340 637 1381 δι
648 1336 829 1380 efficaces
841 1336 1010 1380 existere
1022 1366 1039 1389 ,
1061 1337 1102 1388 ᾷι
1114 1334 1178 1378 fo-

217 1411 262 1440 re
275 1422 290 1445 ‚
317 1395 479 1451 suosque
502 1395 702 1452 plenarios
713 1424 730 1448 ,
759 1396 994 1450 &integros
1015 1394 1177 1438 effeetus

222 1453 381 1506 sortiri,
400 1454 440 1496 ἃ.
464 1453 650 1498 obtinere
664 1467 678 1497 t
705 1454 850 1510 Sicque
878 1467 952 1509 per
971 1451 1181 1509 quoscum·

223 1512 468 1571 qchudices
480 1512 656 1556 &c.Non
669 1511 910 1556 obstantibus
924 1510 1182 1567 praemiffinac

224 1569 427 1628 quibusvis
442 1570 838 1626 constitutionibus,
862 1571 902 1612 δι
913 1570 1185 1613 ordinationi·

221 1630 294 1672 bus
309 1628 553 1684 Apostolicis
564 1655 579 1677 ,
593 1629 811 1685 privilegiis
824 1636 985 1686 quoque·
998 1630 1182 1678 indultis,

162 1713 165 1715 -
219 1687 420 1730 &litteris
435 1686 674 1743 Apostolicis
686 1715 701 1739 ,
725 1687 972 1740 Ordinibus,
997 1687 1182 1731 Societa-

222 1747 330 1789 tibus
346 1774 364 1799 ,
385 1745 832 1803 &congregationibus
853 1746 1050 1802 praedit‘tis
1063 1773 1078 1796 ‚
1111 1759 1181 1787 eo·

221 1815 390 1859 rumque
401 1805 622 1859 Praepolitis
633 1833 649 1857 ,
666 1804 838 1848 Decanis
849 1833 865 1857 ,
883 1804 1091 1860 Magistris,
1104 1804 1182 1847 Mi·

223 1862 379 1911 nistris,
393 1861 567 1905 Praelatis
579 1891 595 1916 ,
611 1862 815 1907 Prioribus
826 1889 842 1912 ‚
858 1863 1096 1906 Reftoribus
1116 1864 1180 1914 ‚Bc

223 1921 310 1965 aliis
324 1919 608 1975 Superioribus
622 1920 832 1975 praedifitis,
845 1919 917 1964 sub
928 1920 1181 1977 quibuscum·

173 1978 176 1981 ’
225 1994 301 2037 que
313 1977 518 2022 tenoribus
531 2005 545 2027 ,
561 1980 600 2020 δι
613 1977 750 2022 formis
762 1980 839 2022 &c.
867 1981 1026 2038 Qibus
1045 1980 1182 2021 omni·

227 2041 321 2090 bus,
340 2038 378 2078 &
391 2036 550 2094 lingulis
565 2039 642 2080 διο.
657 2067 671 2091 ,
697 2036 880 2093 expresse
909 2039 1152 2094 derogamus
1167 2065 1184 2089 ‚

225 2093 453 2152 coeterisque
478 2097 683 2140 contrariis
696 2096 992 2152 quibuscunque
1008 2126 1020 2138 .
1056 2097 1182 2139 Volu-

228 2168 316 2197 mus
329 2165 466 2197 autem
479 2181 495 2203 ,
520 2163 566 2198 ut
579 2153 824 2210 presentium
839 2155 1097 2210 transumptis
1109 2157 1187 2197 &c-

223 2211 413 2270 quodque
427 2212 573 2259 eaedem
586 2212 795 2269 praesentes
810 2212 933 2256 literae
945 2213 1011 2256 seu
1029 2214 1187 2256 illarum

224 2269 431 2326 exempla,
459 2269 510 2312 ad
527 2270 662 2313 valvas
678 2270 934 2315 Basilicarum
962 2272 1004 2314 S.
1021 2271 1186 2328 Joannis

225 2327 501 2375 Lateranenfis
526 2342 572 2371 ac
601 2329 795 2385 Principis
820 2331 1105 2387 Apostolorum
1134 2329 1186 2373 de

227 2389 342 2432 Urbe
352 2416 368 2440 ‚
379 2389 471 2430 &in
485 2388 570 2431 acie
582 2388 727 2443 Campi
742 2389 870 2432 Florae
885 2390 1032 2442 affixae,
1044 2402 1188 2434 omnes

225 2446 283 2489 ita
295 2451 444 2491 arerent
459 2474 475 2499 ,
487 2447 527 2488 δι
539 2445 713 2490 afficiant
728 2472 742 2493 ,
767 2461 810 2490 ac
825 2447 1038 2506 unicuique
1050 2447 1189 2505 perso-

227 2504 377 2549 naliter
418 2505 608 2549 intimate
633 2503 788 2548 fuissent
813 2536 826 2549 .
870 2508 1015 2550 Datum
1046 2509 1189 2550 Romat

227 2562 332 2622 apud
346 2567 388 2608 S.
402 2564 572 2607 Mariam
587 2563 783 2618 Maiorem
795 2563 863 2608 sub
876 2566 1044 2610 Annulo
1058 2567 1190 2608 Pisca-

230 2625 334 2667 toris
347 2620 412 2667 die
427 2620 572 2680 ij.Julii
586 2622 761 2667 uuexx'i
775 2636 809 2667 t.
823 2624 1087 2671 Pontificatiis
1103 2628 1188 2669 Νο-

230 2680 299 2724 stri
310 2684 433 2724 Anno
441 2679 633 2725 Secundo
648 2709 661 2722 .

251 2815 256 2818 ·
289 2796 462 2851 Rumpi.
486 2795 710 2854 imprfflm
749 2798 793 2841 in
821 2799 989 2842 Archino
1018 2801 1195 2856 generali

332 2882 334 2885 »
350 2854 452 2897 ord.
465 2856 655 2897 Ανιηνίο
672 2858 774 2900 Doc.
792 2859 1037 2903 Authentiea
1048 2888 1063 2900 .

506 3004 920 3076 NOTA.

320 3188 452 3228 Onitur
472 3187 527 3225 hic
551 3188 620 3226 hoe
643 3189 847 3230 constitutio
862 3217 876 3237 ‚
903 3207 980 3232 cum
1002 3193 1104 3243 juxta
1123 3198 1193 3235 De-

337 3245 463 3276 cretum
489 3237 558 3275 PP.
583 3237 716 3275 Urbani
742 3239 842 3279 Vlll.
863 3242 947 3280 infra
959 3243 1133 3282 extensum
1151 3246 1195 3283 ad

245 3286 387 3327 mensam
401 3286 469 3333 legi
477 3285 600 3323 debeat
607 3286 624 3324 ⁴.
650 3286 776 3326 Videat
788 3301 900 3330 autem
909 3292 944 3328 &
956 3290 1064 3330 testor
1074 3303 1155 3330 tom.
1163 3307 1191 3332 1.

246 3333 309 3370 fol.
321 3334 378 3393 69.
400 3348 440 3375 es
453 3358 468 3377 2
487 3346 563 3383 quae
586 3334 672 3373 circ·
691 3348 755 3375 nos
780 3340 979 3387 Capueinos
1002 3341 1074 3386 ipse
1093 3342 1194 3390 hujus

250 3380 518 3424 Gonmtudouis
539 3383 710 3424 Conditor
735 3387 932 3434 Gregorius
960 3390 1146 3428 declaravit
1160 3417 1172 3429 .

363 3783 466 3836 Tam.
484 3778 541 3821 Vi.

1976 147 2132 257 385

1463 301 1508 344 D
1537 299 1572 343 E
1604 296 1648 342 C
1683 295 1727 339 R
1765 296 1804 340 E
1841 294 1886 342 T
1923 296 1972 342 Ο

1416 418 1462 466 S.
1493 417 1830 485 Congregationis
1863 419 2020 487 Regul.

1240 547 1330 595 Pro
1359 541 1690 594 construfflone
1730 563 1862 595 novae
1894 546 2075 598 Domus
2110 552 2200 598 Re-

1306 615 1479 682 gularis
1508 612 1583 664 seu
1610 616 1877 666 Conventus
1921 635 2013 667 non
2046 615 2193 668 solum

1307 682 1651 754 Religiosorum
1689 688 1733 735 in
1769 687 2113 738 eonstrustionis
2140 691 2203 737 lo·

1315 772 1371 803 co
1389 790 1404 812 ‚
1434 754 1505 803 sed
1538 758 1674 804 etiam
1708 758 1754 806 in
1781 759 1880 807 aliis
1908 777 1986 828 per
2004 773 2199 826 quatuor

1313 825 1460 874 millia
1494 823 1697 892 pass'uum
1738 830 2034 879 circumvinis
2084 830 2198 878 locis

1311 893 1593 945 existentium
1607 894 2054 967 consensum(praeter
2073 917 2200 949 com·

1308 964 1504 1016 modum
1530 965 1775 1017 duodecim
1803 974 1982 1020 Fratres
2014 970 2198 1030 alendi)

1313 1036 1480 1104 requiri
1518 1034 1712 1087 sancitur
1730 1072 1744 1087 .

1364 1167 1443 1207 Um
1461 1163 1556 1206 aliis
1569 1162 1636 1208 fel.
1655 1180 1734 1209 rec.
1746 1167 1938 1210 Clemens
1954 1169 2062 1222 Papa
2082 1166 2202 1210 vm.

1375 1223 1862 1274 decreverit‚Ordinarios
1877 1227 2060 1269 locorum
2079 1226 2207 1268 licen·

1240 1284 1338 1321 tiam
1351 1281 1402 1321 ad
1416 1293 1545 1323 novos
1561 1285 1800 1326 Conventus
1813 1284 2202 1339 cujuscunque,prae-

1238 1336 1376 1380 sertim
1402 1338 1720 1383 Mendicantium
1738 1370 1751 1391 ,
1762 1342 1983 1396 Ordinispin
2008 1341 2204 1384 Civitati·

1239 1398 1311 1439 bus
1325 1424 1339 1446 ,
1367 1397 1407 1438 δι
1432 1394 1531 1439 locis
1545 1411 1683 1439 eorum
1699 1400 1908 1442 ordinariae
1930 1397 2200 1456 Jurisdistioni

1241 1453 1417 1505 subieais
1430 1455 1642 1509 erigendos
1659 1457 1857 1513 impartiri
1871 1471 1950 1500 non
1968 1456 2075 1513 posse
2090 1486 2104 1509 ,
2135 1457 2203 1499 nisi

1244 1514 1400 1555 vocatis
1413 1515 1478 1562 s&
1488 1514 1633 1556 auditis
1647 1515 1818 1559 aliorum
1830 1517 1870 1559 in
1886 1515 2034 1559 eisdem
2049 1517 2210 1559 Civita-

1243 1571 1378 1622 tibus,
1405 1572 1446 1613 &
1471 1570 1571 1613 locis
1597 1573 1852 1617 existentium
1879 1578 2208 1618 Conventuum...

1243 1630 1452 1672 Prioribus
1465 1658 1479 1679 ,
1494 1628 1555 1671 seu
1572 1631 1923 1685 Procuratoribus‚
1943 1635 1983 1676 &
1995 1633 2085 1676 aliis
2101 1635 2208 1675 inte-

1241 1688 1338 1731 reffe
1354 1689 1591 1731 habentibus
1605 1716 1619 1738 ‚
1641 1692 1680 1733 δι
1695 1692 1811 1734 caus-51
1822 1692 1984 1735 servatis
2001 1690 2202 1735 servandis

1240 1746 1404 1802 cognita
1421 1749 1459 1789 in
1474 1746 1621 1790 eisdem
1637 1751 1884 1792 Civitatibus
1900 1780 1915 1804 ‚
1946 1753 1987 1794 δι
2011 1750 2108 1793 loeis
2132 1765 2208 1792 no-

1242 1819 1315 1847 vos
1347 1803 1570 1858 hujusmodi
1597 1808 1815 1862 erigendos
1830 1813 2068 1852 Conventus
2080 1836 2098 1858 ,
2129 1808 2209 1850 sine

1240 1864 1410 1906 aliorum
1454 1862 1703 1908 detrimento
1741 1866 1954 1909 commode
1999 1866 2205 1908 sustentari

1240 1920 1345 1978 poffe
1357 1922 1579 1965 constiterit
1593 1936 1607 1965 ε
1638 1926 1679 1968 Si
1698 1929 1796 1967 vero
1823 1926 1872 1966 ab
1897 1939 2036 1967 eorum
2050 1923 2208 1969 senten-

1244 1980 1309 2022 tiis
1322 1979 1372 2020 ad
1387 1980 1531 2022 Sedem
1546 1982 1813 2035 Apostolicam
1829 1983 2076 2038 provocari,
2087 1985 2126 2024 δι’.
2140 1997 2209 2037 ap-

1242 2037 1390 2096 pellari
1405 2039 1628 2093 contigerit
1643 2068 1657 2091 ,
1687 2039 1787 2095 ipsos
1800 2039 2036 2082 Ordinarios
2051 2039 2206 2083 iamdiu}

1247 2098 1487 2142 cremonem
1518 2111 1714 2140 novorum
1730 2101 1824 2140 Con
1832 2109 2022 2142 ventuum
2047 2097 2209 2154 suspen-

1248 2157 1345 2200 dere
1360 2154 1524 2206 debere,
1537 2158 1727 2211 quamdiu
1741 2158 1762 2198 a
1773 2161 1877 2200 dieta
1890 2158 1995 2201 Sede
2009 2158 2046 2199 in
2060 2171 2105 2198 ea
2119 2170 2208 2199 cau-

1246 2215 1286 2257 sa
1301 2214 1606 2268 pronunciatum
1621 2216 1835 2269 extiterit,
1847 2231 1888 2259 ac
1905 2216 2016 2266 aliis,
2031 2227 2148 2271 prout
2164 2215 2204 2256 in

1246 2276 1429 2317 Decreto
1442 2274 1669 2330 hujusmodi
1686 2274 1842 2326 plenius
1858 2275 2105 2317 continetur.
2125 2275 2210 2316 Ve-

1248 2332 1338 2377 rtim
1372 2345 1443 2388 per
1457 2347 1528 2387 piae
1539 2348 1657 2377 mem.
1673 2335 1840 2378 Paulum
1855 2336 2000 2389 Papam
2014 2336 2065 2375 V.
2094 2346 2210 2376 acce-

1250 2402 1324 2447 pto
1337 2420 1352 2443 ,
1368 2391 1576 2448 plerosque
1589 2407 1638 2435 ex
1652 2394 1877 2436 Ordinariis
1889 2392 2084 2449 praedietis
2099 2390 2210 2435 favo·

1249 2464 1292 2492 re
1305 2478 1320 2500 ‚
1351 2451 1412 2493 vel
1428 2453 1547 2494 nimia
1575 2454 1876 2508 exposcentium
1902 2450 2210 2506 importunitate

1246 2508 1294 2551 ad
1309 2521 1434 2552 novos
1449 2513 1687 2554 Conventus
1699 2538 1713 2560 ‚
1729 2514 1792 2554 seu
1811 2514 1983 2562 Domos,
1994 2519 2154 2564 praeter,
2169 2510 2209 2549 δι

1249 2577 1393 2611 contra
1407 2579 1590 2612 tenorem
1618 2570 1789 2626 praedicti
1803 2570 1968 2612 Decreti
1993 2566 2208 2622 erigendos

1249 2627 1486 2684 plerumque
1500 2628 1674 2676 adduci,
1692 2643 1775 2684 quo
1786 2628 1831 2671 fit
1843 2654 1858 2676 ‚
1884 2638 1926 2670 ut
1950 2639 2027 2668 non
2043 2627 2211 2669 habita.»

1253 2685 1391 2730 debita
1409 2685 1773 2743 eleemosynarum,
1800 2687 1865 2730 seu
1890 2685 2123 2729 reddituum
2144 2698 2213 2725 cu·

1254 2744 1479 2802 juscunque
1492 2746 1719 2789 Monasterii
1732 2773 1747 2795 ‚
1760 2741 2002 2788 Conventus
2013 2770 2028 2791 ‚
2047 2742 2114 2786 seu
2128 2746 2215 2786 Do·

1256 2802 1345 2846 miis
1361 2806 1518 2847 ratione
1529 2805 1755 2856 ,Monacbi,
1766 2802 1828 2846 seu
1846 2806 2008 2845 Fratres
2019 2827 2034 2849 ,
2047 2812 2112 2842 aut
2129 2804 2214 2843 Re-

1251 2860 1382 2915 ligiosi
1402 2863 1456 2906 ibi
1471 2862 1689 2916 degentes,
1716 2861 1967 2902 manuteneri
1985 2869 2210 2913 nequeant,

1251 2922 1290 2963 δι
1305 2920 1354 2962 ad
1368 2929 1450 2963 tam
1463 2919 1648 2975 exiguum
1663 2931 1872 2960 numerum
1887 2917 2151 2968 reducantur,
2165 2924 2210 2957 ut

1252 2978 1389 3021 cultus
1411 2978 1570 3021 divinus
1592 2979 1630 3020 in
1657 2989 1798 3019 eorum
1815 2972 2002 3017 Ecclefiis
2021 2970 2212 3018 destitua-

1253 3048 1321 3079 tur
1337 3065 1354 3088 ,
1368 3038 1509 3091 ibique
1522 3036 1715 3091 regularis
1728 3033 1933 3089 disciplina
1949 3060 1962 3084 ,
1988 3043 2035 3075 ut
2059 3046 2212 3075 conve-

1255 3095 1329 3143 nit,
1344 3095 1572 3136 conservari
1587 3108 1668 3137 non
1685 3092 1831 3145 valeat,
1847 3095 1965 3134 Sacra
1979 3093 2214 3147 Congrega-

1253 3154 1313 3196 tio
1338 3152 1690 3196 Illustriffimorum
1718 3154 1810 3194 DD.
1826 3149 2109 3194 Cardinalium
2137 3164 2209 3192 ne·

1253 3212 1374 3268 gotiis
1391 3211 1656 3265 Regularium
1673 3210 1973 3265 praepositorum
1988 3237 2004 3261 ,
2032 3209 2081 3250 ad
2108 3221 2209 3262 quos

1253 3270 1362 3314 idem
1377 3270 1523 3314 Paulus
1546 3267 1648 3326 Papa
1675 3271 1726 3312 V.
1749 3270 1956 3325 negotium
1982 3264 2209 3323 hujusmodi

1253 3328 1452 3383 rejecerat
1473 3359 1488 3382 ‚
1526 3337 1590 3372 tot
1627 3326 1891 3370 incommodis
1921 3324 2078 3367 obviam
2107 3325 2168 3367 ire
2194 3353 2210 3376 ,

1255 3386 1388 3444 eisque
1397 3387 1560 3442 aliquod
1573 3397 1849 3441 opportunum
1863 3383 2213 3446 remedium-adbi-

1256 3448 1351 3490 bere
1363 3449 1529 3502 cupiens
1544 3474 1559 3497 ,
1582 3446 1740 3488 Decreti
1767 3442 1990 3497 hujusmodi
2007 3455 2182 3484 veriores
2194 3471 2209 3493 ‚

1255 3519 1300 3546 ac
1316 3513 1425 3548 totos
1434 3514 1588 3547 tenores
1602 3501 1913 3559 presentibus‚ac
1923 3500 1948 3543 fi
1961 3501 2010 3544 de
2024 3503 2150 3543 verbo
2160 3502 2210 3540 ad

1257 3564 1425 3606 verbum
1437 3563 1723 3614 insererentur,
1735 3574 1809 3616 pro
1822 3558 2003 3615 plene,&
2017 3558 2211 3622 sufficien3

1256 3629 1322 3664 ter
1340 3620 1520 3673 expreffis
1534 3620 1680 3662 habens
1695 3646 1709 3667 ,
1732 3620 1830 3661 vivae
1859 3619 1969 3661 vocis
2000 3615 2160 3661 oraculo
2189 3626 2209 3652 a

1258 3682 1300 3723 S.
1315 3683 1366 3722 D.
1383 3683 1435 3722 Ν.
1453 3677 1658 3734 Gregorio
1672 3679 1777 3732 Papa
1787 3679 1876 3720 XV.
1892 3677 2048 3726 habito,
2063 3678 2209 3715 Decre-

1257 3748 1344 3782 tum
1358 3737 1586 3795 praedi'd'tum
1601 3765 1616 3789 2
1630 3746 1824 3793 quatenus
1837 3750 1935 3793 opus
1953 3736 2012 3784 fit,
2029 3734 2207 3828 ing‘qvata

1688 3797 1726 3838 C
1739 3809 1760 3837 c
1774 3810 1796 3836 c
2112 3801 2149 3827 ¹¹¹
