2444 4192
737 224 899 310 Sub
957 200 1387 307 Innocentio
1449 216 1537 303 X
1563 211 1676 298 II
1689 211 1746 295 Ι.

251 380 476 426 favoribus,
505 372 697 430 &gratiis
712 370 892 427 prosequi
919 373 1102 415 volentes
1117 402 1134 423 ‚
1164 374 1203 414 &

246 441 272 483 ἃ
285 436 481 496 quibusvis
507 428 930 476 excommunicationis
945 456 958 478 ,
990 429 1204 485 suspenfio.

246 499 327 548 nis,
340 498 380 538 δι
395 491 628 542 interdicti,
640 490 802 544 aliisque
817 485 1103 549 Ecclefiasticis
1119 489 1203 529 sen-

252 556 390 598 tentiis
404 581 418 604 ,
440 549 645 601 censuris,
659 550 697 590 &
710 545 866 603 poenis,
891 542 913 585 3
925 556 1008 596 jure
1021 573 1037 594 ‚
1057 543 1123 586 vel
1151 543 1201 584 ab

248 613 409 656 homine
421 609 562 668 quavis
576 607 801 657 occasione,
815 599 879 645 vel
899 600 1120 666 causa-latis
1133 624 1148 647 ,
1179 598 1206 640 fi

248 663 393 727 quibus
409 664 711 726 quomodolibet
736 660 947 706 innodatus
960 656 1121 707 existit,
1153 655 1205 697 ad

250 730 436 774 effectum
452 724 703 784 praesentium
716 722 926 766 dumtaxat
953 714 1205 770 consequen·-

251 790 351 832 tium
366 790 506 831 harum
520 783 618 828 serie
640 780 873 826 absoventes
886 804 902 828 ,
923 775 964 816 δι
978 772 1203 816 absolutum

249 846 339 889 fore
355 845 568 890 censentes
582 868 597 892 ,
612 835 959 897 supplicationibus
973 832 1055 888 ejus
1069 831 1208 898 nomi·

249 919 298 949 ne
315 904 440 947 Nobis
457 901 573 958 super
598 899 674 941 hoc
699 894 904 940 humiliter
922 892 1132 956 porrec‘tis.
1145 902 1207 930 in-

248 964 390 1006 clinati
422 989 438 1011 ‚
464 964 685 1003 Decretum
710 954 734 998 a
762 960 983 996 memorata
1010 947 1210 992 cardina-

250 1022 351 1064 lium
364 1018 696 1074 Congregatione
710 1012 862 1057 editum
875 1040 891 1062 ,
906 1020 952 1052 ut
969 1006 1206 1071 praefertur3

250 1077 358 1136 quod
385 1076 546 1120 scilicet
573 1076 625 1118 de
652 1072 742 1115 casu
767 1078 943 1126 excepto
970 1067 994 1110 ἂ
1023 1069 1211 1109 Decretis

247 1134 402 1194 praefati
418 1133 570 1178 Urbani
585 1129 906 1178 Praedecelloris,
932 1128 1011 1168 five
1032 1125 1085 1166 de
1097 1123 1210 1190 cultu

248 1194 416 1248 publico
439 1195 489 1236 ab
533 1187 840 1233 immemorabili
874 1194 1062 1240 tempore
1100 1182 1211 1248 dieto

246 1253 377 1293 Beato
389 1251 565 1293 Andreoe
578 1247 749 1302 praestito
761 1243 916 1287 constet
930 1269 946 1291 ‚
969 1244 1209 1283 auctoritate

250 1308 480 1363 Apostoliea
495 1316 639 1348 tenore
649 1301 899 1358 pra-(entium
909 1298 1208 1346 confirmamus,

1100 1414 1105 1421 ι

255 1466 601 1494 m·-
606 1464 1649 1484 ᾑ--ι--ι-β--Π

285 1724 287 1726 ,
404 1558 1644 1710 BENEDICTUS

1983 241 2150 321 475

1261 371 1608 425 &approbamu8‚
1633 367 1775 420 illique
1791 364 2030 419 Apostolicae
2057 368 2228 412 firmita-

1262 428 1314 469 tis
1328 428 1451 468 robur
1466 424 1676 479 adjicimus
1689 448 1703 470 ‚
1718 421 1826 462 salu
1841 431 1973 462 tamen
1999 424 2153 478 semper
2184 429 2224 467 in

1260 481 1462 539 praemiffis
1475 482 1711 522 auctoritate
1727 479 2073 533 Congregationis
2083 494 2229 524 eorun-

1260 542 1356 583 dem
1381 537 1670 581 cardinalium
1684 566 1696 576 .
1725 538 2005 578 Decernentes
2033 536 2226 580 easdem

1267 595 1482 654 praesentes
1498 594 1655 636 litteras
1670 593 1806 635 firmas
1818 620 1833 642 ‚
1847 593 2002 636 validas
2017 621 2031 644 ‚
2045 595 2086 634 δι
2098 592 2231 634 effica-

1266 667 1331 697 ces
1345 653 1511 696 exiliere
1526 682 1541 705 ‚
1560 654 1601 693 δι
1614 651 1700 695 sore
1716 653 1794 694 διε.
1820 652 1971 709 Sicque
1985 652 2024 692 in
2037 649 2231 707 praemiffis

1262 710 1627 813 {iiiiiiffssmggi
1626 710 2235 821 {33:5533‘12'32'352‘23531

1267 828 1383 871 nibus
1399 828 1659 883 Apostolicis,
1670 826 1903 883 caeterisque
1922 825 2137 869 contrariis
2151 825 2237 881 qui·-

1269 885 1510 941 buscumque
1522 913 1535 928 .
1553 885 1752 928 Volumus
1765 894 1897 929 autem
1914 914 1930 938 ,
1960 893 2004 927 ut
2027 884 2236 940 ipsarum-³

1269 946 1498 988 litterarum
1514 942 1773 1001 transumptis
1786 945 1867 986 &c.

1383 1003 1530 1046 Datum
1558 1004 1696 1044 Roma
1718 1002 1826 1057 apud
1851 1003 2035 1045 Sanctam
2066 1002 2240 1045 Mariam

1272 1061 1476 1117 Maiorem
1493 1060 1563 1104 sub
1576 1060 1742 1104 Annulo
1764 1060 1977 1103 Piscatoris
2003 1060 2071 1103 die
2086 1073 2151 1102 xv.
2163 1061 2241 1102 Fe-

1270 1122 1423 1164 bruarii
1439 1132 1692 1164 moccxxrv.
1712 1115 1975 1162 Pontificatfis
2005 1118 2144 1164 Nostri
2158 1119 2241 1161 An·

1270 1193 1325 1223 no
1354 1181 1500 1223 Tertio
1515 1208 1528 1221 .

1327 1298 1476 1340 Bullar.
1491 1299 1601 1339 Rom·
1612 1305 1731 1339 sem-x
1740 1311 1752 1339 1
1761 1291 1845 1354 ·fol
1852 1308 1889 1339 α
1896 1307 1965 1347 77.

1724 1467 2243 1703 ΧΙΠΪ-

259 1800 471 1855 Romaenus
504 1831 520 1855 ,
551 1794 728 1846 Ordinis
757 1791 1077 1845 Praedicatonsm
1092 1827 1109 1851 ,
1127 1792 1204 1841 Fr.
1229 1792 1471 1842 Vincentius
1490 1787 1643 1842 Maria
1674 1791 1862 1863 Ursinus
1886 1808 2011 1843 antea
2040 1808 2222 1844 vocatus
2236 1826 2254 1851 ,

328 1868 374 1920 S.
401 1868 463 1919 R.
485 1867 539 1917 E.
566 1864 805 1917 cardinalis
830 1898 848 1921 ,
871 1866 949 1912 tit.
978 1862 1024 1912 S.
1051 1861 1176 1913 Sixti
1210 1898 1227 1922 ,
1254 1862 1474 1929 Epist-opus
1514 1862 1747 1929 Portuenfis
1772 1898 1788 1921 ,
1822 1870 1876 1913 ἔθ’
1913 1863 2258 1930 Arcbiepifiopus

326 1939 647 1991 Beneventanus
681 1969 697 1993 ,
727 1935 796 1984 die
826 1951 852 1981 2
859 1951 909 1994 9.
935 1931 1063 1999 Maejs·
1103 1950 1253 1996 ¹7²4·

1274 1933 1401 1999 fisper
1423 1931 1644 2000 univer-fiis
1674 1932 1808 1981 Orbis
1836 1932 2038 2000 Ecclfias
2063 1933 2257 1981 conflim·

331 2025 400 2060 tus
427 2007 493 2058 eft
505 2041 518 2056 .
547 2004 721 2075 Praefieit
737 2008 793 2054 iis
804 2018 884 2071 per
907 2020 1032 2052 annos
1053 2021 1097 2065 5.
1114 2003 1263 2070 menfis
1287 2005 1332 2052 8.
1351 2004 1439 2059 dies
1468 2001 1843 2070 aqwitlifimc‘lus
1860 2023 1885 2051 2
1899 2023 1918 2054 r
1929 2040 1941 2052 .
1960 2003 2086 2053 Febr.
2099 2022 2188 2066 173
2199 2022 2251 2054 o.

332 2081 388 2129 (9·
419 2079 470 2129 de
494 2078 657 2128 tumulo
679 2074 877 2126 Vaticani
891 2074 951 2123 ad
974 2071 1112 2124 AEdes
1141 2071 1379 2125 samarie
1395 2074 1525 2141 sitper
1541 2071 1820 2124 Muci-vam
1850 2074 2082 2123 translatus
2101 2109 2114 2123 .

267 2208 676 2261 canonizationem
698 2203 945 2274 B-Joannis
962 2202 988 2252 ὲ
1004 2202 1226 2273 capistra-

333 2296 411 2336 no,
430 2276 622 2330 Ordinis
640 2278 879 2326 Minorurn
894 2272 951 2324 de
966 2272 1226 2324 Observan-

334 2350 400 2399 tia
416 2383 432 2407 ,
449 2348 474 2397 ὲ
490 2349 556 2418 gl.
571 2363 663 2396 me.
682 2342 950 2396 Alexandro
964 2347 1225 2409 vl11.jam·

334 2418 512 2488 pridem
527 2416 757 2487 peraRam
787 2416 1059 2485 promulgat
1075 2452 1088 2466 .

271 2547 784 2601 BENEDICTUS
822 2546 1230 2600 EPISCOPUS

451 2674 625 2718 Sertvus
657 2674 907 2717 Seavoaum
942 2673 1052 2714 Dar.

429 2789 497 2834 Aa
509 2795 741 2844 perpetuam
752 2788 813 2830 rei
824 2786 1047 2830 memoriam
1060 2812 1072 2826 .

729 2858 750 2878 0
1035 2858 1037 2860 a

394 2905 537 2950 Ationi
550 2903 739 2960 congruit
754 2929 769 2953 ,
780 2904 818 2944 &
832 2902 1023 2950 convenit
1042 2903 1241 2959 aequitati,

425 2972 572 3020 ut,quae
587 2964 792 3005 Romanus
806 2959 993 3004 Pontifex
1005 2961 1045 3004 in
1059 2961 1242 3017 plenario

277 3025 491 3067 Conventu
524 3017 823 3064 Venerabilium
855 3021 1039 3064 Fratrum
1063 3022 1105 3064 S.
1121 3023 1174 3064 R.
1194 3022 1242 3063 E.

280 3079 565 3127 Cardinalium
576 3107 591 3130 ‚
609 3077 948 3131 Patriarcharum,
961 3079 1244 3136 Archiepisco-

278 3153 423 3201 porum
437 3140 503 3192 ,δι
525 3135 817 3194 episcoporum
833 3163 848 3186 ,
878 3137 1052 3179 unanimi
1066 3151 1245 3183 eorum-³

280 3199 450 3245 consilio
477 3195 802 3247 communicato,
821 3192 944 3238 sanxit
969 3196 1010 3238 &
1035 3194 1215 3238 definivit
1231 3221 1246 3244 ,

281 3259 380 3311 licet
411 3253 608 3314 posteaob
620 3251 796 3310 ejusdem
828 3250 1032 3296 Pontificis
1058 3254 1249 3300 obitum..

284 3312 433 3360 litterae
463 3312 706 3371 Apostolicae
729 3313 782 3355 de
808 3311 868 3354 his
899 3310 1138 3368 conscripta
1169 3325 1250 3354 non

286 3373 438 3418 fuerint
461 3400 478 3424 s
522 3370 633 3415 suum
664 3380 799 3415 tamen
837 3369 1129 3428 consequantur
1159 3369 1254 3416 effe-

288 3434 421 3476 ctum.
1223 3469 1228 3474 .

407 3488 462 3532 A·
473 3488 666 3546 largitore
681 3489 868 3543 omniurn⁴
882 3488 1080 3532 bonorum
1100 3489 1139 3531 in
1154 3488 1258 3532 sum-

290 3562 358 3594 mo
387 3545 568 3597 Rectene
593 3546 750 3603 fastigio
780 3546 1022 3590 constitutus
1052 3546 1181 3590 felicis
1196 3563 1258 3593 re·

291 3605 538 3650 cordationis
552 3603 767 3652 anteceffor
785 3605 914 3648 noster
931 3605 1160 3649 Alexander
1181 3609 1257 3650 Pa-

289 3664 472 3723 pavin-
503 3677 578 3718 pro
604 3662 669 3708 sua
694 3664 882 3720 pastorali
915 3665 1120 3720 vigilantia
1151 3664 1252 3708 illud

291 3736 412 3766 unum
437 3734 515 3775 prae
542 3723 720 3764 omnibus
736 3722 803 3767 fibi
825 3724 1055 3767 incumbere
1071 3723 1254 3765 animad-

291 3782 506 3827 vestiunt
525 3791 607 3882 βω
626 3779 751 3822 domo
766 3782 885 3842 lsrael
903 3782 1165 3839 speculatoris
1188 3780 1252 3827 of-

410 3841 513 3883 Tm.
554 3842 593 3880 1.‘
806 3849 813 3856 ·
871 3847 875 3852 ·

1281 2201 1414 2246 ficium
1445 2199 1705 2258 impendens,
1728 2202 1898 2260 populos
1929 2202 1998 2245 fibi
2034 2199 2259 2248 commissos

1281 2262 1451 2305 duceret
1470 2262 1508 2303 in
1531 2259 1613 2304 vias
1634 2262 1826 2305 Domini.
1854 2264 1947 2306 Hoc
1963 2271 2098 2305 autem
2114 2261 2261 2318 seprae-

1284 2319 1469 2363 stitutum
1493 2319 1686 2375 putavit,
1719 2322 1744 2362 fi
1760 2333 1810 2365 ex
1831 2319 1912 2363 ritu
1944 2322 1984 2363 &
2010 2318 2256 2378 disciplinas

1284 2381 1326 2423 S.
1344 2380 1396 2422 R.
1413 2380 1462 2421 E.
1474 2379 1692 2433 recognitis
1706 2381 1746 2422 δι
1758 2378 1989 2436 approbatis
2018 2394 2158 2423 eorum
2179 2379 2263 2423 vir-

1286 2437 1443 2481 tutibus
1458 2463 1473 2486 ,
1489 2437 1556 2493 qui
1573 2437 1662 2479 vitae
1677 2438 1934 2480 sanfflmonia
1965 2439 2115 2481 caeteris
2145 2448 2263 2483 antea

1288 2496 1556 2554 praeluxerant
1570 2521 1585 2544 ‚
1599 2497 1756 2552 pietatis
1782 2498 1970 2541 ardorem
2000 2498 2052 2539 eo
2067 2497 2191 2553 magis
2223 2497 2264 2540 in

1289 2553 1622 2598 Christifidelium
1651 2555 1843 2601 cordibus
1875 2556 2150 2605 accenderet,
2180 2556 2263 2612 quo

1290 2613 1416 2656 vitam
1433 2614 1455 2657 'a
1474 2612 1568 2656 viris
1581 2613 1689 2668 justis
1705 2614 1768 2668 pie
1784 2618 1910 2657 aetam
1926 2615 1964 2659 in
1981 2612 2165 2658 universa
2182 2617 2266 2658 Ec-

1289 2671 1405 2716 clefia
1421 2670 1661 2714 luculentius
1691 2673 1940 2726 spectandam
1957 2673 2158 2729 aperiret.
2178 2675 2266 2716 Ita·

1291 2744 1367 2788 que
1382 2742 1475 2772 cum
1488 2728 1573 2771 aliis
1585 2730 1660 2773 Dei
1688 2731 1838 2781 servis,
1869 2733 1935 2786 qui
1967 2730 2146 2774 moribus
2174 2729 2271 2774 vere

1294 2788 1533 2832 Christianis
1554 2788 1793 2844 jamdudum
1828 2790 2043 2834 venerandi
2060 2790 2268 2833 habeban-

1296 2857 1394 2895 tur,
1420 2848 1614 2902 loannem
1640 2849 1661 2891 a
1685 2850 1955 2904 Capitium,
1983 2848 2145 2891 Ordinis
2176 2851 2273 2892 Fra·-

1300 2914 1407 2948 trum
1423 2903 1630 2962 Minorum
1646 2906 1761 2948 Beati
1776 2906 1990 2956 francisci,
2009 2906 2077 2960 qui
2091 2906 2113 2946 i
2132 2907 2272 2962 Regu-

1302 2963 1378 3007 lari
1404 2959 1668 3006 observantia
1695 2973 2008 3019 nuncupantur,
2034 2962 2172 3007 multis
2188 2978 2271 3007 ma-

1302 3019 1465 3079 gnisque
1483 3020 1751 3064 virtutibus&
1776 3020 1888 3078 fignis
1911 3021 2058 3077 ubique
2090 3020 2271 3076 percele-

1304 3084 1447 3130 brem,
1477 3079 1558 3121 rite
1573 3080 1612 3120 in
1629 3083 1865 3124 Sanstorum
1889 3083 2098 3125 Canonem
2130 3079 2199 3122 fibi
2213 3093 2276 3124 re-

1304 3136 1514 3182 ferendum
1538 3137 1776 3182 existimavit
1791 3169 1803 3181 .

1421 3195 1660 3252 Capistrani,
1676 3198 1897 3241 Marsorum
1923 3197 2091 3254 Oppidi,
2105 3197 2146 3238 in
2163 3198 2277 3254 Agro

1310 3254 1532 3311 Aquilano,
1547 3255 1665 3312 inque
1681 3257 1923 3314 Episcopatu
1941 3255 2190 3301 Sulmonensi
2207 3273 2280 3300 or-

1314 3324 1376 3356 tus
1402 3314 1457 3357 est
1469 3314 1645 3369 Ioannes
1672 3330 1779 3360 anno
1804 3315 1953 3360 Christi
1968 3315 2132 3358 Domini
2153 3317 2279 3372 1385.

1313 3374 1360 3414 In
1387 3372 1592 3429 gymnafio
1605 3374 1793 3418 Perufino
1815 3373 2050 3418 Christianis
2073 3375 2112 3416 δι
2136 3372 2282 3418 libcra-

1314 3431 1419 3474 libus
1434 3429 1655 3487 disciplinis
1681 3434 1890 3477 instruflus
1905 3461 1919 3484 ‚
1950 3431 2167 3487 aliquando
2180 3447 2282 3479 rem.-

1316 3489 1518 3545 publicam
1534 3491 1674 3546 geffit3
1705 3491 1769 3534 scd
1801 3491 1933 3548 postea
1954 3491 2029 3533 Dei
2055 3491 2212 3536 monitu
2229 3493 2280 3534 ad

1316 3546 1482 3590 sanfflus
1509 3550 1769 3593 ministerium
1786 3560 1953 3592 vocatus
1967 3578 1982 3601 ‚
1994 3550 2037 3592 in
2058 3550 2197 3594 eadem
2211 3553 2282 3593 Ci-

1318 3606 1444 3650 vitate
1474 3608 1669 3651 Ordinem
1709 3610 1895 3652 Fratrum
1927 3608 2127 3652 Minorum
2170 3608 2281 3652 Beati

1317 3664 1516 3708 francisci
1532 3694 1546 3717 ,
1563 3666 1630 3722 qui
1646 3665 1667 3707 a
1684 3667 1876 3721 Regulari
1903 3667 2164 3712 observantia
2188 3679 2283 3708 nun-

1313 3734 1540 3780 cupantur,
1568 3725 1618 3767 ab
1633 3724 1672 3767 se
1687 3725 1980 3769 ferventiffimis
2007 3728 2109 3768 votis
2133 3721 2286 3778 expeti-

1314 3794 1398 3826 tum
1414 3811 1428 3835 ,
1455 3784 1637 3842 quamvis
1667 3783 1845 3842 repulsus
1859 3811 1875 3834 2
1894 3784 2082 3841 durisque
2095 3784 2134 3823 δε
2152 3778 2283 3845 publi-

1736 3844 1846 3887 Ooo
1877 3857 1899 3885 2
2162 3851 2219 3879 <5¹8
