2444 4192
363 144 508 190 222

294 276 387 320 PF.
402 270 628 324 Minores,
648 274 807 337 gravia
822 272 1012 322 crimina
1027 309 1044 332 ,
1062 272 1111 324 ὅ(
1125 290 1256 323 enor-

362 343 457 390 mia
488 337 654 388 deliffila
675 357 757 407 per
775 359 855 394 eos
878 345 923 392 in
948 343 1113 394 saeculo
1130 362 1255 393 com—

362 407 489 460 missa
504 445 521 467 ‚
541 422 750 476 tempore
766 411 1049 480 profeffionis
1073 417 1257 464 reticen-

364 497 431 530 tes
444 513 463 539 ,
478 497 536 528 ex
562 477 744 531 Ordine
757 485 921 550 expelli
937 484 1146 554 indulget
1159 522 1173 536 .

290 608 456 652 Dileflis
472 606 605 658 Filiis,
619 606 793 649 Vicariis
805 611 1088 665 Generalibus,
1100 615 1141 655 δι
1157 615 1255 656 Pro·

357 666 611 716 vincialibus,
624 679 670 706 ac
689 667 900 711 fratribus
917 671 1107 720 universis
1123 674 1199 720 Pae

404 725 526 767 miliae
541 726 729 768 fratrum
758 726 963 771 Minorum
986 729 1040 773 de
1052 731 1141 773 Ob·

449 783 655 826 servantia
669 782 841 828 ubilibet
854 787 1098 831 constitutis.

420 903 629 953 LEO
698 904 976 957 PAPA
1047 910 1114 958 X.

348 1029 497 1074 Ditem
531 1029 615 1076 Fili
628 1058 645 1081 ,
654 1031 834 1088 salutern
857 1031 912 1082 ἀ·
938 1032 1199 1091 Apaessolicm

598 1087 910 1133 Benedinionm
921 1118 933 1130 .

405 1211 485 1252 Um
502 1234 518 1257 ,
546 1209 647 1251 ficut
670 1207 800 1252 Nobis
823 1209 970 1264 exponi
998 1205 1148 1254 fecistis
1164 1219 1260 1260 ,vos

422 1264 593 1316 abillis,
608 1267 675 1323 qui
689 1266 887 1310 Ordinem
917 1267 1093 1312 vestrum
1123 1267 1261 1310 Mino-

286 1340 380 1367 rum
407 1326 461 1368 de
488 1326 755 1368 Observantia
771 1326 996 1382 suscipere,
1019 1324 1124 1369 &ad
1144 1325 1259 1368 illum

288 1384 452 1438 ingredi
465 1384 653 1439 cupiunt,
668 1383 875 1440 inquirere
888 1412 902 1436 ,
913 1394 1132 1441 antequam
1147 1385 1171 1427 ὲ
1187 1397 1261 1426 νο·

291 1443 353 1484 bis
369 1443 641 1496 recipiantur,
655 1441 816 1486 soleatis
828 1470 844 1494 ,
856 1442 1072 1496 videlicet,
1087 1442 1113 1485 fi
1126 1444 1200 1484 fint
1215 1440 1263 1483 fi-

290 1499 401 1544 deles
414 1529 430 1551 ,
443 1502 482 1541 δι
496 1500 703 1543 Catholici
723 1531 739 1554 ,
761 1501 814 1545 de
828 1500 945 1543 nullo
970 1515 1111 1544 errore
1129 1498 1262 1554 suspe-

291 1558 344 1599 eti
361 1588 376 1611 ,
405 1559 665 1600 matrimonio
691 1574 773 1602 non
789 1559 935 1612 ligati,
961 1570 1136 1614 corpore
1152 1555 1232 1596 fini
1245 1583 1260 1606 ,

291 1616 429 1660 animo
442 1616 647 1671 prompti,
660 1617 810 1659 debitis
825 1614 1034 1669 expediti,
1058 1613 1261 1658 conditio-

291 1688 343 1715 ne
361 1674 641 1723 liberi,aetatis
657 1672 795 1716 saltem
817 1671 1020 1717 sexdecim
1046 1686 1264 1723 annorunb
1290 1693 1296 1699 ·

292 1732 405 1776 nulla
422 1730 584 1774 infamia
602 1732 761 1789 vulgari
775 1731 972 1776 maculati
986 1760 1002 1781 ‚
1020 1741 1264 1791 competen-

294 1802 362 1834 ter
377 1792 526 1835 literati
541 1790 633 1842 ,vel
647 1793 698 1834 ad
713 1791 876 1836 labores
903 1793 1109 1838 Fratribus
1132 1795 1262 1836 hone-

296 1848 404 1897 ssos,
429 1850 468 1889 δι
486 1850 607 1892 utiles
633 1849 717 1905 apti
741 1881 760 1903 ,
791 1861 857 1891 aut
887 1850 981 1893 talis
1008 1851 1259 1894 conditionis

295 1908 480 1959 existant,
491 1907 600 1964 qnod
614 1921 755 1950 eorum
769 1908 952 1964 receptio
973 1909 1120 1961 Clero,
1132 1910 1172 1951 δι
1189 1924 1264 1965 po-

291 1967 391 2022 pulo
406 1979 487 2008 non
498 1965 702 2010 modicam
716 1965 1024 2010 edificationem
1038 1968 1263 2014 afferat-Et,

290 2025 391 2068 licut
406 2024 548 2065 eadem
573 2023 774 2078 expolitio
795 2021 1080 2076 subjungebat,
1101 2022 1262 2064 contin·

290 2093 360 2136 gat
385 2080 518 2134 [πρίω
532 2108 547 2132 ,
559 2082 670 2136 quod
686 2078 812 2136 aliqui
826 2085 969 2123 eorum
987 2079 1037 2123 ad
1056 2079 1262 2138 hujusmo-

290 2140 334 2181 di
362 2138 562 2181 Ordinem
592 2137 917 2196 susceptionem,
937 2141 976 2181 &
993 2139 1104 2197 quod
1137 2139 1263 2197 majus

291 2198 370 2248 est,
401 2194 680 2253 profellionem
702 2198 878 2249 dolose,
909 2198 952 2239 δι
978 2196 1263 2241 fraudulenter

290 2258 518 2311 recipiant,
532 2254 612 2298 sese
633 2254 899 2307 criminosos,
930 2253 996 2298 vel
1012 2253 1261 2300 scandalosos

296 2314 411 2363 sote,
426 2314 524 2357 licet
542 2316 581 2357 in
610 2315 669 2357 rei
688 2314 859 2357 veritate
872 2312 990 2358 aliter
1010 2313 1177 2357 exiliant
1194 2343 1210 2367 ,
1222 2317 1264 2359 δι

293 2387 436 2417 eorum
468 2372 653 2429 receptio
685 2402 701 2423 ,
729 2374 770 2415 δι
800 2369 1053 2430 profeffionis
1086 2371 1266 2428 eminio,

299 2444 474 2491 propter
486 2432 623 2490 gravia
635 2459 651 2484 ,
662 2433 704 2474 δι
721 2430 915 2487 vulgaria,
929 2430 1076 2491 quibua
1091 2432 1268 2476 macula·

298 2496 332 2534 ti
351 2490 527 2535 existunt
542 2519 556 2542 ‚
571 2489 716 2533 delicta
730 2516 745 2541 ,
761 2491 814 2534 de
829 2490 971 2548 quibua
994 2502 1066 2534 voa
1080 2493 1268 2547 recogni-

298 2553 457 2594 tionem
469 2577 483 2600 ,
494 2550 535 2591 &
547 2548 736 2592 notitiam
763 2559 862 2595 tunc
878 2549 1028 2594 habere
1052 2563 1132 2593 non
1146 2555 1270 2607 potess

298 2611 366 2653 ssis
379 2639 394 2663 ,
411 2621 534 2666 grave
551 2606 780 2651 scandalum
795 2638 812 2663 ‚
823 2609 865 2651 δι
879 2609 1268 2665 perturbationem...

302 2667 515 2724 Religioni
554 2665 688 2710 rel'lroe
718 2665 946 2723 hujusmodi
978 2681 1265 2726 nonnunquam

302 2725 418 2770 affert
431 2754 442 2766 .
457 2726 614 2781 Qare,
627 2738 721 2767 cum
735 2739 785 2769 ex
799 2727 1079 2771 taciturnitate
1100 2728 1266 2774 delicto·

304 2799 398 2830 rum
410 2812 426 2836 ‚
445 2785 486 2826 δι
498 2783 682 2838 gravium
697 2782 920 2829 excelsuum
936 2786 1161 2844 hujusmodl
1173 2817 1189 2842 ‚
1208 2788 1267 2831 vi.

309 2856 360 2888 ιε
385 2844 519 2886 vestre
548 2841 789 2899 exemplaria
818 2858 969 2888 norma·
997 2847 1135 2904 gravia
1167 2859 1270 2890 non·

309 2915 544 2959 nunquam,
577 2901 699 2946 etiam
727 2902 768 2946 in
780 2901 1119 2950 Christifidelibus
1145 2920 1270 2964 popu-

312 2962 360 3007 lis
400 2962 453 3004 de
477 2961 713 3019 receptione
737 2962 879 3008 talium
906 2963 1085 3011 virorum
1116 2962 1271 3010 facino-

311 3017 495 3065 rosorum
523 3050 538 3073 ,
575 3019 629 3065 de
662 3020 807 3078 quibua
836 3035 908 3066 vos
943 3022 964 3080 (
994 3034 1039 3068 ut
1062 3024 1272 3083 proeniitti-

311 3093 378 3125 tur
396 3082 524 3135 )tunc
550 3078 702 3124 nullam
716 3082 901 3125 notitiam
916 3082 1143 3138 habebatis,
1157 3082 1271 3128 scan—

310 3139 835 3189 dala,&murmuratlonea
851 3170 866 3192 ,
887 3142 924 3182 δι
946 3142 1146 3188 bonorum
1171 3156 1267 3201 ope-

313 3213 404 3242 rum
418 3196 704 3244 subtractione:
722 3199 1018 3258 subsequantur.
1031 3202 1163 3247 Nobi!
1177 3213 1268 3260 pro·

315 3268 452 3312 pterea
480 3258 690 3302 humiliter
715 3257 928 3316 supplicari
943 3258 1086 3305 fecistis
1102 3291 1116 3316 ,
1139 3271 1185 3305 ut
1199 3272 1270 3304 vo·

316 3318 374 3357 bix
390 3317 427 3357 in
442 3316 640 3372 praemiilia
652 3342 668 3367 2
684 3316 735 3361 ad
755 3318 1002 3364 obviandum
1019 3329 1082 3364 tot
1097 3351 1112 3374 ‚
1135 3321 1177 3364 Gt
1188 3327 1275 3363 tau·

318 3376 367 3416 tir
383 3373 600 3427 scandalis,
614 3389 691 3435 pro
715 3376 943 3436 Religionis
963 3379 1175 3432 vestra-‚Bt
1190 3377 1276 3421 ani·

314 3446 471 3474 marum
497 3436 713 3480 vestrarum
754 3435 945 3495 puritatis
971 3437 1276 3483 conservatione

316 3490 532 3549 providere
568 3496 617 3538 de
659 3496 906 3554 benignitate
936 3497 971 3540 Α
1034 3497 1169 3542 llolica
1212 3493 1276 3537 di·

318 3562 532 3617 ‘narentur
554 3579 565 3591 .
584 3556 670 3595 Nos
697 3555 847 3613 itaque,
859 3567 900 3601 ut
918 3568 965 3599 ve
1000 3570 1041 3600 ra
1082 3554 1274 3612 Religio,

315 3621 400 3676 qun
416 3607 590 3652 lkmino
605 3614 856 3660 concedente
869 3645 884 3668 ,
898 3617 1004 3660 inter
1017 3614 1118 3661 alios
1128 3643 1143 3668 ,
1156 3617 1273 3659 uber-

315 3678 436 3711 rimo·
452 3668 651 3735 b‘Jnowm
676 3685 845 3724 operum
865 3672 1011 3718 fruetur
1027 3675 1270 3719 exhibere..-

313 3726 546 3781 counierit,
576 3726 615 3770 in
639 3724 701 3770 sua
723 3734 901 3785 puritate
930 3746 1108 3784 maneat,
1135 3748 1179 3776 ac
1208 3742 1269 3775 tot

979 112 1139 200 Sub
1203 113 1445 197 Leone
1504 113 1605 200 X.

1314 270 1699 316 murmurationibus
1726 271 1766 311 &
1794 264 1987 311 scandalis
2012 265 2178 308 obviare
2207 269 2284 304 vo-'

1315 333 1446 375 lentes
1462 358 1477 381 ,
1493 333 1606 374 vobis
1619 356 1635 381 ,
1652 329 1760 387 quod
1774 340 1912 368 omnes
1926 353 1942 374 ,
1967 327 2006 367 &
2036 323 2213 379 fingulos
2230 321 2281 362 ad

1320 392 1491 433 vestram
1507 391 1766 446 Religionem
1790 383 2070 436 confugientes
2083 411 2099 434 ,
2126 381 2284 424 etiam„

1318 447 1514 493 professos
1528 479 1543 501 ‚
1559 451 1625 506 qui
1641 443 1873 502 graviffimis
1883 465 1900 489 ,
1913 442 1954 480 δι
1968 438 2202 483 scandalofis
2219 439 2287 480 de.

1318 509 1420 553 lieris
1438 511 1588 556 notati,
1600 509 1639 548 δι
1652 501 1845 546 diffamati
1862 499 2024 540 fuerunt
2036 524 2050 545 ,
2066 512 2152 555 quae
2168 497 2283 540 frau-

1317 570 1540 615 dulenter,
1570 568 1610 607 &
1633 561 1778 607 dolose
1807 558 2000 599 incorum
2022 557 2257 613 receptione
2271 583 2285 606 ,

1317 629 1387 670 seu
1399 624 1647 682 profeffionis
1663 613 1907 670 emiffione(
1925 613 2151 658 monitione
2165 613 2283 670 super

1314 686 1375 729 his
1400 697 1475 739 per
1497 698 1566 726 vos
1587 674 1772 737 praemiffa
1791 675 1812 733 )
1839 680 2088 724 tacuerunt,
2107 687 2190 716 non
2214 674 2289 715 ob.

1316 744 1445 785 stante
1461 770 1476 792 ‚
1499 741 1608 797 quod
1635 740 1715 796 jam
1740 747 1811 790 per
1827 747 1900 775 vos
1919 731 2075 786 recepti
2094 759 2110 783 ,
2133 731 2174 772 δι
2190 745 2286 785 pro-

1318 798 1497 843 fessiones
1512 813 1584 855 per
1601 812 1670 839 eos
1684 789 1824 838 emiffae
1845 790 2009 833 fuerunt
2020 815 2035 839 ,
2057 803 2108 831 ne
2136 788 2290 831 morbi«

1317 860 1395 906 da,
1424 855 1623 900 &infecta
1638 866 1760 911 pecus
1785 850 1896 894 ovile
1909 848 2074 892 Domini
2104 861 2287 893 corrum-

1319 927 1415 973 pat,
1443 915 1609 970 aliisque
1626 913 1745 959 cadat
1767 909 2078 965 inexemplum,
2097 909 2121 952 a
2135 906 2286 948 Domi·

1316 978 1392 1016 bus
1422 1002 1437 1024 ,
1463 976 1504 1016 ἃ.
1530 970 1813 1016 conventibus
1839 967 1976 1011 vestris
2003 995 2018 1018 ,
2039 975 2165 1022 prout
2191 979 2290 1006 con-

1320 1031 1495 1075 scientiae
1515 1032 1646 1073 vestrae
1665 1030 1816 1086 (quam
1830 1025 1944 1082 super
1958 1026 2037 1068 hoc
2051 1022 2290 1079 oneramus)

1321 1089 1449 1132 visum
1475 1087 1630 1139 fuerit,
1656 1091 1697 1130 δι
1715 1087 1881 1144 justum,
1911 1082 2176 1128 &honestum
2203 1079 2291 1124 fore

1320 1149 1583 1194 decreveritis
1597 1177 1613 1199 .,
1630 1147 1838 1204 expellere
1850 1174 1865 1196 ‚
1881 1146 1921 1186 δι
1937 1156 2147 1186 removere
2161 1139 2291 1184 libere

1319 1211 1361 1254 δι
1379 1207 1494 1252 licite
1508 1206 1684 1264 poffitis,
1709 1207 1750 1251 o&
1775 1201 1941 1250 valeatis
1958 1232 1974 1255 ‚
1990 1200 2290 1246 auctoritate-a

1320 1264 1562 1323 Apostolica
1585 1296 1603 1318 ,
1631 1277 1777 1309 tenore
1805 1261 2058 1319 praesentium
2083 1258 2289 1303 licentiam

1321 1329 1362 1370 &
1384 1323 1620 1369 facultatem
1651 1322 1914 1367 concedimus
1930 1350 1945 1373 ,
1971 1319 2205 1377 pariterque
2230 1316 2291 1383 i-ns

1322 1385 1537 1441 dulgemus
1551 1414 1563 1426 .
1594 1380 1962 1427 Constitutionibus
1977 1407 1992 1430 ,
2015 1380 2056 1420 &
2070 1377 2295 1441 ordina-tro·

1324 1444 1439 1486 nibus
1466 1441 1716 1496 Apostolicis
1729 1469 1745 1490 ‚
1760 1441 1800 1480 &
1813 1437 1978 1480 Ordinis
2003 1435 2124 1478 vestri
2150 1430 2296 1487 hujus·

1323 1499 1435 1543 modi
1449 1497 1694 1553 juramento,
1710 1495 2025 1541 confirmatione
2043 1491 2293 1551 Apostolica,

1323 1558 1389 1601 vel
1403 1555 1543 1614 quavis
1558 1553 1750 1603 firmitate
1776 1554 1855 1598 alia
1876 1552 2083 1598 roboratis
2109 1550 2295 1606 statutis,

1323 1619 1365 1659 δι
1390 1613 1751 1659 consuetudinibus
1770 1615 1812 1657 in
1836 1611 2090 1656 contrarium
2107 1609 2292 1653 facienti—

1325 1678 1400 1719 bus
1416 1688 1496 1717 non
1508 1672 1755 1716 obstantibus
1768 1671 2074 1729 quibuscunque
2086 1697 2098 1710 .

1442 1736 1595 1777 Datum
1623 1732 1768 1774 Rome
1787 1728 1894 1787 apud
1910 1731 2095 1773 sanetum
2124 1728 2293 1770 Petrum

1321 1793 1392 1837 sub
1403 1793 1570 1837 Annulo
1581 1789 1795 1835 piscatoris
1810 1789 1878 1832 die
1892 1786 2118 1834 xvi-Martii
2135 1798 2295 1844 Maxu..

1327 1848 1591 1899 Pontificatfis
1608 1848 1729 1893 nostri
1741 1852 1863 1893 Anno
1872 1849 2054 1902 Quarto.

1384 1967 1552 2083 Brige-'ip
1564 1968 1610 2066 i}
1621 1962 1806 2022 (ΜΛ-Μ.
1825 1975 1926 2021 ²99·
1945 1958 2114 2017 Confitt.
2127 1955 2172 2003 t’n
2194 1941 2294 2004 (tull.x

1464 2038 1484 2067 o
1503 2055 1516 2068 .
1536 2036 1584 2079 14
1616 2052 1627 2066 .
1796 2038 1799 2041 “
2195 2028 2202 2039 ·

1324 2259 1572 2330 Privilegia
1618 2257 1878 2310 Ordinibus
1921 2255 2295 2308 Mendieantium

1397 2329 1509 2380 alias
1528 2327 1730 2380 eoncess'a
1758 2328 2027 2381 moderatur
2043 2364 2057 2378 .

1347 2471 1547 2522 LEO
1630 2428 2279 2524 EplsCOPUs

1516 2600 1690 2643 δείκνυε
1723 2601 1979 2642 Ssnvottuu
2014 2597 2096 2638 Dat
2113 2621 2127 2635 .

1472 2712 1543 2760 Al
1560 2723 1811 2773 permutant¹
1822 2718 1884 2758 re}
1907 2714 2163 2758 memoriam-²

1428 2852 1576 2887 sacao
1610 2851 1912 2886 ,tertionarii-e
1946 2847 2162 2884 conctuo
2177 2866 2191 2882 .
2224 2861 2227 2867 ·
2252 2871 2255 2874 -

1454 2968 1535 3011 Um
1550 2964 1653 3008 intra
1669 2965 1817 3010 mentia
1830 2963 1971 3009 nostre
1997 2975 2144 3008 areana
2161 2958 2296 3014 revol-

1466 3025 1647 3076 vimus&
1660 3022 1848 3080 diligenti
1856 3021 2146 3068 cSlideratlone
2158 3017 2298 3077 pensa-

1331 3078 2296 3187 3¹:23¹5,:22⁶‘ssssnss‘lissi‘xffikfflffissii‘zz‘ffl‘zssffl³

2062 3165 2076 3189 ,
2276 3159 2296 3171 .

1329 3157 1598 3259 neCathoplice
1613 3198 1877 3255 fideunccten
1919 3154 2081 3243 ἐοίκατε
2092 3195 2298 3250 servanda,

1332 3263 1370 3305 δι
1385 3260 1652 3314 institutione,
1666 3273 1711 3302 ac
1725 3256 1850 3304 salute
1891 3255 2043 3302 delium
2057 3257 2293 3305 animarum,

1336 3335 1405 3378 per
1422 3319 1719 3377 coepiscopos,
1735 3330 1963 3374 eorumque
1978 3314 2202 3374 superiores
2217 3344 2232 3368 ,
2258 3317 2297 3359 in

1338 3378 1502 3433 diverfis
1515 3377 1639 3424 Orbia
1662 3378 1841 3436 partibus
1868 3375 1919 3420 ad
1948 3375 2119 3432 regimen
2137 3373 2295 3419 suarum

1338 3435 1614 3483 Ecclefiarum
1627 3435 1649 3479 i
1667 3435 1775 3481 Sede
1788 3438 1822 3480 Α
1881 3433 2019 3479 stolica
2033 3435 2293 3487 constitutos,

1337 3512 1496 3543 necnon
1511 3499 1675 3542 Fratres
1698 3494 1815 3539 diver
1833 3509 1949 3539 orum
1966 3494 2185 3547 ordinum,
2200 3506 2300 3552 prc-

1335 3555 1470 3601 scrtim
1485 3554 1800 3601 Mendicantium
1813 3583 1829 3607 ,
1856 3552 2051 3597 indefesse
2067 3584 2083 3607 ,
2098 3556 2139 3597 δι
2153 3553 2301 3598 indeli-

1332 3628 1474 3661 nenter
1486 3615 1540 3660 im
1594 3610 1681 3657 nib·
1696 3642 1711 3666 ,
1744 3623 1855 3658 tanta
1879 3628 1925 3657 cx
1960 3627 2098 3657 eorum
2113 3614 2154 3656 in
2169 3612 2295 3658 Vinea

1337 3674 1498 3719 Domini
1545 3673 1728 3717 rufiuolis
1755 3674 1946 3730 operibus
1971 3673 2010 3714 δι
2037 3670 2294 3731 opportune,

1331 3748 1377 3776 ac
1398 3731 1657 3777 laudabiliter
1683 3733 1817 3790 gellis,
1830 3734 1943 3776 cordi
1959 3732 2093 3777 nostro
2108 3730 2294 3834 pro‘renit

2198 3803 2241 3831 a·
