2444 4192
724 103 889 187 Sub
947 97 1380 186 Innocentio
1445 94 1610 181 IV.

1996 122 2104 208 23

151 258 277 306 tant&
299 249 426 309 quieti
457 245 590 293 vestrae
630 245 821 294 libentius
846 249 1135 303 providemus,
1196 250 1369 294 DileHis
1387 251 1530 299 File't'r,
1560 248 1775 293 Geni-ruli,
1804 247 2051 305 &universis
2072 255 2164 294 Pro·

148 333 207 362 „e
236 313 352 371 pedes
385 338 400 364 ,
441 321 540 365 quos
571 304 706 350 laviffe
740 306 931 350 videmini
962 306 1132 357 affeetu,

143 370 195 418 ’ὅε
222 371 360 416 effectu
391 368 528 409 omnia
571 363 836 421 relinquendo
867 394 881 416 ,
926 366 1128 423 cogamini

151 434 173 491 (
203 431 312 488 quod
344 426 443 471 abfit
476 427 498 484 )
528 426 671 468 iterum
700 423 906 477 inquinare
936 454 948 466 .
979 427 1128 467 Cum..-

153 491 262 535 enim
275 517 289 542 2
304 487 404 530 ficut
420 484 522 528 lefla
547 483 664 527 nobis
677 481 826 538 petitio
850 483 978 525 vestra
993 482 1129 525 conti·

150 549 287 600 nebat,
298 547 350 590 de
363 545 478 588 rebus
491 542 674 586 omnibus
698 540 846 583 Ordini
867 541 1001 584 vestro
1027 554 1127 583 con-

150 608 261 654 cenis
279 635 294 659 ‚
314 604 381 649 vel
409 603 653 660 inposterum
677 599 948 642 concedendis
963 613 1034 653 per
1049 613 1124 642 vos

147 667 257 723 ipsos
271 695 286 719 ,
300 673 424 721 prout
439 662 559 718 exigit
572 659 805 716 frequenter
822 657 1025 701 neceffitas
1036 687 1051 710 ,
1063 657 1126 714 ju-

147 737 218 771 xta
244 726 364 769 vestri
393 721 561 766 Ordinis
593 719 776 762 instituta
802 717 1022 773 disponere
1055 732 1122 759 ne-

150 784 306 845 queatis
323 813 337 837 ‚
352 798 425 827 nec
442 779 572 825 velitis
587 792 668 836 pro
689 777 1042 820 Constitutionum
1059 790 1126 819 ve-

148 847 318 889 strarum
340 842 534 894 puritate,
560 835 860 881 &conscientia
888 837 1124 878 constanter

146 901 369 952 servanda,
396 914 446 943 ne
472 898 585 941 vobis
614 895 754 939 odiosa
782 896 1123 950 vaganditribua-

125 973 214 1009 ,tur
230 959 426 1008 materia,
451 958 478 998 st
501 964 695 1015 oporteat
723 968 794 997 vos
822 956 975 1011 semper
989 955 1027 996 in
1044 955 1124 996 hoc

146 1020 201 1064 'ad
216 1019 363 1063 Sedem
377 1016 650 1074 Apostolicam
665 1043 679 1068 ,
693 1013 744 1057 ad
768 1027 889 1071 quam
913 1027 1047 1056 rerum
1063 1014 1125 1070 ip·

149 1081 285 1124 sarum
301 1076 450 1136 spectat
465 1075 692 1132 proprietas
709 1102 724 1127 ,
739 1074 888 1116 habere
903 1072 1124 1116 recursum.

140 1141 237 1183 Nos
257 1136 382 1194 quieti
411 1135 509 1178 dieti
537 1132 706 1176 Ordinis
726 1161 740 1184 ‚
764 1133 804 1175 δι
828 1130 1125 1176 neceffitatibus

137 1195 284 1247 ,vestris
301 1203 466 1252 paterna
491 1192 678 1237 volentes
692 1190 970 1234 sollicitudine
985 1192 1126 1248 provi-

144 1254 245 1299 dere
274 1280 290 1305 ‚
316 1249 500 1311 praesenti
524 1251 643 1294 vobis
672 1251 916 1295 aufioritate
942 1250 1131 1293 concedi-

91 1330 95 1347 2
154 1326 245 1358 mus
257 1338 272 1363 ,
283 1321 477 1369 quatenus
492 1339 507 1364 ,
523 1319 566 1353 ut
581 1310 742 1366 singulis
760 1307 932 1353 vestrum
952 1310 1071 1353 liceat
1086 1309 1127 1351 in

141 1371 375 1420 Provinciis
388 1371 445 1414 eis
459 1368 672 1413 commistis
685 1383 756 1426 per
773 1368 808 1412 se
819 1398 833 1421 ,
850 1368 914 1412 vel
932 1383 1006 1424 per
1026 1370 1130 1412 alios

142 1434 315 1477 fratres
347 1428 439 1473 suos
467 1456 483 1482 ,
525 1428 670 1486 quibus
710 1427 896 1471 duxerint
933 1430 1125 1472 commit.

146 1489 346 1542 tendum,
366 1487 611 1533 constituere
635 1487 789 1547 aliquos
818 1486 925 1529 viros
956 1487 1127 1531 idoneos

149 1550 282 1594 Deum
304 1548 497 1592 timentes
511 1575 526 1601 ,
539 1547 615 1607 qui
629 1562 705 1605 pro
721 1548 914 1590 locorum
937 1546 1121 1604 indigen-

142 1609 206 1652 tia
233 1607 480 1664 singulorum
497 1621 560 1651 res
588 1605 846 1665 hujusmodi,
866 1616 948 1648 tam
964 1608 1124 1650 conces-

147 1666 367 1723 fits,qusm
394 1669 513 1710 etiam
539 1662 824 1710 concedendas
845 1666 1127 1712 anamim-„2

142 1725 283 1771 nostra
294 1734 459 1783 petere,
475 1725 721 1779 vendere‚&
735 1734 1016 1774 commutare,
1033 1726 1128 1770 alie·

142 1799 272 1834 nare,
304 1785 502 1835 trafitare,
531 1784 791 1842 expendere,
812 1795 1043 1840 permutare
1057 1816 1071 1837 ‚
1087 1787 1128 1827 &

146 1844 192 1889 in
207 1847 396 1889 Fratrum
413 1846 522 1889 usum
538 1855 781 1890 convertere
809 1843 959 1887 valeat.
974 1844 1127 1899 Quod-

68 1912 87 1926 ‘
147 1917 227 1963 que
251 1902 365 1947 vobis
387 1903 508 1948 liceat
522 1906 680 1950 eosdem
695 1905 804 1947 viros
819 1901 869 1946 fic
885 1904 1127 1948 constitutos

152 1967 397 2013 removere,
421 1964 600 2022 aliosque
628 1965 678 2008 ad
697 1964 768 2007 illa
785 1965 1020 2022 exequenda
1047 1965 1127 2009 fine

152 2017 401 2062 difficultate
424 2021 609 2074 qualibet
637 2022 878 2073 subrogare,
892 2024 1049 2075 quoties
1065 2026 1120 2065 vi—

152 2077 319 2123 debitur
343 2086 624 2130 opportunum
651 2104 662 2116 .
695 2076 808 2117 Nulli
834 2088 935 2130 ergo
959 2079 1128 2116 omnino

148 2134 361 2179 hominum
390 2133 514 2172 liceat
527 2135 632 2173 hauc
656 2133 841 2182 paginam
865 2134 1007 2172 nostra:
1028 2147 1123 2175 con.

152 2187 302 2233 ceffion
310 2187 341 2228 is
358 2183 581 2241 infringere
594 2213 608 2237 ,
625 2186 706 2227 &c-

268 2247 420 2288 Datum
449 2244 635 2301 Lugduni
663 2239 828 2284 decimo
858 2248 1007 2296 quarto
1039 2244 1124 2285 Ka-

145 2302 289 2352 lendas
302 2303 583 2358 Septembris,
600 2298 864 2346 Pontificattis
886 2300 1012 2345 nostri
1035 2305 1123 2345 Au-

141 2374 207 2412 ¹uo
219 2364 366 2423 quinto
378 2389 391 2404 .

202 2479 800 2598 fflasszzzffzzf‘frg‘rzfiessfjs
817 2481 1122 2595 ῗῑ-«ὲίῖῑῖἵζκ

235 2626 242 2628 -
260 2596 501 2657 Butler-fil.
524 2599 586 2642 16.
599 2600 670 2642 col.
686 2612 724 2642 2.
741 2598 954 2655 Wadding.
970 2609 1062 2642 torn.
1080 2612 1122 2654 3.

257 2655 588 2715 Annal.fil.489,

144 2795 379 2819 —u—

149 2895 358 2950 Fratrem
403 2898 640 2948 Minorem
687 2911 815 2948 extra
865 2896 1123 2949 Claustra...

215 2982 460 3040 vagantem
494 3003 511 3027 ,
548 2968 623 3019 vel
666 2970 803 3018 etiam
846 2967 1122 3037 expulsum,

216 3057 304 3091 nec
348 3039 609 3089 concionari
640 3072 657 3096 ,
703 3051 782 3089 aut
822 3036 1119 3090 confeffiones

124 3126 129 3133 ·
217 3111 459 3178 excipere,
488 3126 572 3159 nec
619 3110 760 3158 etiam
791 3105 882 3159 fine
920 3109 1117 3178 Aposto-

55 3195 97 3247 ,μ-
129 3171 152 3237 ³,
215 3181 308 3232 lica
336 3181 521 3231 licentia
554 3179 613 3230 ad
653 3182 800 3230 alium
844 3180 1115 3232 Ordinem..

54 3247 103 3314 '‘if-53
172 3278 174 3280 v
213 3249 404 3302 tranfire
432 3249 555 3320 posse
578 3250 784 3301 decernit
802 3285 819 3309 ,
859 3250 910 3304 ὅ(
933 3254 977 3302 in
1010 3271 1114 3302 con-

152 3344 155 3345 ’
215 3319 503 3372 trasacientes
519 3323 1005 3372 excommunicationis
1021 3322 1115 3373 sen-

150 3412 165 3462 2.
218 3394 410 3443 tentiam
440 3393 765 3463 promulgandi
792 3394 1114 3464 Superioribus

151 3479 183 3534 'tv
220 3458 486 3523 facultatem
507 3464 719 3515 concedit
736 3500 749 3514 .

137 3566 674 3693 J'22‘n5m001m1us
711 3608 1080 3667 EPISCOPUS

292 3724 497 3775 ιςιδιεείνυε
530 3730 784 3776 Ssavoaum
816 3731 930 3784 Det.

279 3775 381 3839 TU}
397 3787 456 3847 fl:
546 3785 561 3788 „
639 3784 644 3786 ¹
923 3783 928 3785 Δ

1282 306 1515 349 vincialibus
1543 305 1703 346 Ordinis
1732 308 1926 347 Fratrum
1947 316 2078 354 Mino.

1362 377 1455 406 rum
1472 392 1484 413 ,
1498 361 1700 419 fislaca-m,
1730 362 1778 408 ές
1799 364 1988 417 Apostoli.

1447 423 1565 464 licam
1576 419 1886 464 Benedtelzonem
1902 448 1912 461 .

1284 604 1370 644 Νος
1387 600 1547 644 facilem
1570 602 1749 656 praebere
1775 598 2077 647 consensum‚&
2093 618 2168 645 vo-

1274 669 1343 711 ta,
1375 661 1494 716 quaei
1518 661 1687 702 rationis
1712 659 1878 713 *tramite
1904 671 1985 699 non
2009 657 2166 702 discor-

1185 720 1287 762 dant
1303 746 1317 767 ,
1332 718 1473 761 effectu
1489 718 1762 776 consequente
1779 717 1987 773 complere
2004 744 2015 756 .
2043 717 2168 769 Cum,

1185 781 1285 821 ficut
1308 779 1432 835 igitur
1461 793 1509 822 ex
1537 790 1652 835 parte
1680 779 1806 822 vestra
1822 777 1894 819 suit
1915 778 2169 834 propositum

1183 852 1322 881 coram
1337 837 1467 881 Nobis
1483 868 1499 889 ,
1514 840 1637 896 aliqui
1650 840 1673 882 a
1687 838 1826 880 vestris
1841 837 1959 879 sacris
1972 836 2169 891 Colltsgiis

1183 896 1358 955 ipsorum
1376 897 1505 953 culpis
1520 900 1775 954 exigentibus
1790 897 2064 952 repellantur,
2079 895 2172 950 qui-

1185 958 1280 1000 dam
1294 970 1395 999 onus
1410 957 1651 1000 obedieutiae
1667 958 1900 1000 temeritate
1918 953 2084 1013 propria
2100 954 2170 996 de·

1186 1028 1400 1074 ponentes,
1416 1016 1525 1073 quafi
1541 1018 1641 1074 pulli
1655 1018 1797 1074 onagri
1811 1017 1933 1058 vitam
1952 1015 2080 1058 velint
2095 1014 2173 1054 du-

1186 1091 1281 1120 cere
1303 1075 1452 1132 absque
1470 1075 1566 1133 jugo
1582 1091 1596 1120 t
1617 1092 1664 1120 ac
1689 1078 1811 1120 iidem
1837 1087 1954 1119 extra
1980 1073 2170 1118 Claustra

1187 1136 1308 1180 vestri
1321 1135 1492 1178 Ordinis
1512 1147 1783 1193 pervagantes
1807 1134 2173 1191 praedicationum,

1193 1194 1510 1243 comestionum,
1534 1197 1576 1239 δι
1594 1195 1773 1239 docendi
1790 1194 1923 1239 officia
1939 1207 2174 1238 exercerea

1191 1257 1431 1310 praesumant
1477 1254 1517 1296 in
1549 1254 1710 1298 suarum
1750 1257 1975 1298 animarum
2011 1252 2174 1308 dispen-

1190 1314 1302 1356 dium
1316 1343 1331 1365 ‚
1363 1314 1403 1355 &
1418 1313 1648 1358 scandalum
1667 1315 1938 1371 plurimorum
1955 1342 1965 1353 .
1996 1316 2084 1356 Nos
2101 1324 2173 1354 ve-

1189 1373 1278 1416 stris
1295 1373 1487 1429 precibus
1502 1373 1715 1425 inclinati,
1745 1388 1796 1418 ne
1825 1372 2002 1430 proediffi
2021 1399 2036 1422 ,
2066 1383 2171 1426 quos

1188 1434 1237 1473 ab
1268 1431 1426 1474 Ordine
1449 1444 1526 1486 pro
1557 1432 1633 1473 suis
1663 1433 1795 1488 culpis
1829 1446 1901 1486 per
1927 1444 1997 1473 vos
2031 1428 2175 1484 expel-

1189 1490 1220 1533 li
1247 1489 1474 1545 contigerit
1500 1515 1515 1538 ,
1555 1492 1620 1534 vel
1653 1489 1794 1546 cgreffi
1828 1490 1977 1533 fuerint
2012 1487 2175 1545 proprio

1186 1548 1258 1593 suo
1275 1559 1415 1601 motu,
1438 1548 1691 1606 praedicare‚
1723 1550 1787 1594 seu
1815 1548 2083 1593 confessiones
2108 1562 2176 1589 au-

1188 1610 1303 1661 dire,
1318 1606 1381 1652 seu
1398 1609 1554 1654 docere
1570 1613 1835 1666 praesumant,
1852 1610 1920 1653 nifi
1946 1609 1999 1652 de
2025 1606 2173 1656 nostra,

1190 1671 1258 1714 vel
1275 1668 1401 1713 vestr&
1420 1668 1589 1714 licentii
1614 1670 1666 1714 sd
1683 1671 1812 1714 alium
1836 1668 2066 1713 transierint
2093 1668 2175 1709 Or-

1187 1731 1353 1780 dinem,
1365 1729 1585 1774 distriains
1604 1731 1831 1775 inhibemus
1845 1759 1857 1771 .
1873 1728 2001 1784 Quod
2026 1727 2049 1770 fi
2066 1723 2175 1770 sorte

1187 1802 1333 1834 contra
1350 1790 1523 1834 nostram
1540 1792 1829 1835 inhibitionem
1844 1790 1952 1833 aliud
1970 1788 2091 1830 suerit
2111 1795 2178 1827 tc-

1191 1850 1305 1894 ωτι-ὲ
1331 1860 1605 1900 attentatum,
1630 1851 1754 1894 liceat
1781 1850 1898 1893 vobis
1916 1850 1956 1889 in
1984 1846 2087 1902 ipsos
2105 1857 2177 1886 ex-

1185 1911 1573 1958 communicationis
1613 1909 1855 1954 sententiam
1889 1904 2176 1963 promulgare.

1188 1971 1307 2017 Nulli
1334 1985 1438 2026 ergo
1469 1970 1681 2014 hominum
1710 1970 1832 2013 liceat
1862 1969 1965 2009 banc
1992 1965 2177 2021 paginam

1184 2032 1321 2075 nostr:
1335 2030 1605 2073 inhibitionis
1620 2058 1634 2082 ,
1648 2031 1688 2072 δι
1706 2026 1971 2072 concessionis
1988 2021 2179 2078 infringe.

1186 2098 1231 2126 re
1245 2113 1260 2135 ,
1277 2088 1352 2124 'vel
1368 2088 1407 2126 ei
1419 2089 1517 2128 ausu
1531 2090 1755 2132 temerario
1773 2085 1982 2130 contraire
1996 2097 2012 2136 3
2028 2087 2067 2126 Si
2084 2082 2174 2138 quis

1185 2151 1319 2184 autem
1350 2139 1430 2180 hoc
1448 2149 1655 2182 attentare
1682 2141 1975 2196 praesumpserit
1991 2166 2007 2186 ,
2032 2143 2111 2183 διε.

1312 2195 1465 2254 ᾨιωηι
1501 2199 1688 2244 Lugduni
1715 2225 1731 2243 ,
1763 2201 1911 2248 quinto
1944 2197 2040 2237 Idus
2074 2201 2175 2254 Sep-

1184 2246 1356 2291 tembns
1370 2275 1386 2300 ,
1419 2247 1686 2291 Pontificatfis
1708 2251 1837 2294 nostri
1852 2254 1976 2292 Auno
1989 2254 2174 2302 Quarto·

1188 539 1374 694 JUstis
1407 540 1635 596 petentium
1664 538 1872 583 desideriis
1899 537 2065 594 dignum
2084 545 2169 597 est,'

1245 2365 1403 2467 Rege-l
1421 2366 1750 2469 Vaticlan.6EpislI.
1767 2368 1867 2412 888.
1885 2369 2057 2469 Zdriq’
2073 2370 2173 2418 im

1305 2424 1649 2542 Aetna-fads
1667 2440 1708 2470 co
1725 2444 1781 2473 α.
1802 2431 1884 2470 Wa
1952 2442 2018 2485 ng.
2034 2440 2125 2472 tom.
2130 2446 2172 2489 3.

1743 2621 2175 2643 0———.-

1184 2714 1458 2769 concessam
1500 2715 1825 2784 Superioribus
1852 2717 2048 2768 Ordinis
2080 2721 2169 2769 Mi-

1253 2806 1425 2838 norum
1444 2784 1711 2837 facultatem
1733 2789 2054 2858 aggregandos
2074 2794 2171 2841 Or-

1252 2859 1348 2910 dini
1367 2860 1393 2908 a
1407 2856 1606 2909 censuris
1617 2856 1884 2909 absolvendi
1901 2858 2055 2909 firmat
2066 2897 2080 2918 ,
2098 2861 2168 2922 ὅτ,

1255 2946 1309 2981 ut
1326 2930 1386 2980 ob
1404 2928 1556 2979 debita
1569 2924 1692 2978 hisce
1710 2931 1839 2998 ligati
1855 2930 1982 2998 prius
1995 2931 2164 2984 satisfa-

1253 3003 1375 3052 ciant
1387 3037 1404 3060 ,
1432 2998 1685 3070 praescribit
1698 3036 1712 3051 .

1211 3133 1707 3187 INNOCENTIUS
1755 3136 2125 3194 EPISCOPUS

1366 3253 1542 3297 Seavus
1575 3253 1834 3299 seavoaum
1868 3271 1967 3300 ner.

1175 3371 1344 3415 Dilems
1371 3372 1486 3415 Filiis
1502 3400 1517 3422 ,
1534 3373 1724 3416 Generali
1738 3404 1752 3425 ‚
1769 3374 1817 3422 ὅ
1851 3374 2158 3418 Provinciatibus

1236 3431 1438 3489 Ministris
1452 3460 1465 3481 ,
1491 3433 1546 3482 ἀι
1563 3433 1787 3483 Custodibus
1806 3434 1965 3475 Ordinis
1995 3438 2099 3477 Fra-

1290 3499 1400 3533 trum
1413 3492 1617 3534 Minorum
1625 3494 1797 3546 sulutem
1818 3493 1868 3540 ὅ
1885 3493 2041 3551 qusto-

1422 3549 1542 3593 licam
1566 3550 1876 3594 Benediffionem
1890 3579 1900 3591 .

1296 3667 1449 3710 (Elestis
1464 3684 1580 3711 amor
1593 3671 1734 3725 patriae
1755 3682 1907 3716 mentes
1938 3673 2084 3716 vestras
2102 3672 2151 3713 fic

1314 3726 1488 3789 allexiffc
1502 3730 1772 3834 perspicmg³
1797 3743 1842 3775 ut
1870 3734 1975 3790 quafi
1995 3730 2151 3832 blot-nso·
