2444 4192
869 170 1028 251 Sub
1090 173 1165 253 S.

1206 173 1368 252 Pio
1407 168 1509 254 V·

1936 174 2091 254 281

216 328 330 363 merae
356 310 596 368 Apostolicae
626 311 711 370 ipso
737 311 842 354 fano
869 317 1095 369 applican.-,
1125 321 1165 360 8(
1226 318 1403 372 praefidio
1416 317 1660 363 affluentes,
1685 325 1766 354 non
1792 318 2054 368 permittant,
2083 324 2168 375 illa,

211 376 298 419 aliis
324 372 477 413 arbitrii
512 373 636 416 nostri
660 372 816 428 poenis,
843 375 984 425 quovis
1000 376 1164 428 quaefito
1223 374 1288 416 seu
1304 387 1444 413 eorum
1458 369 1673 424 personas,
1694 372 1714 410 a
1730 374 1923 424 praedietis
1945 378 2166 428 Militibus,

210 431 353 474 colore
369 458 383 481 ,
398 429 511 471 causa
528 460 542 483 ‚
562 432 726 486 ingenio
739 455 753 479 ,
768 429 845 471 five
859 440 1051 482 praetextu
1065 460 1077 482 ‚
1091 433 1152 473 di-

208 490 402 532 stribuere
418 516 433 539 ‚
448 487 525 531 five
541 489 727 544 affignare
742 516 755 538 ‚
776 486 838 529 vel
862 487 912 527 ad
927 489 1020 529 illos
1047 490 1152 530 reci-

205 547 397 604 piendum
411 575 424 599 ,
438 549 477 588 δι
493 549 665 604 hospitio
678 545 955 601 excipiendum
981 558 1155 599 cogere:

204 603 378 661 ipsisque
410 607 508 649 vero
531 606 759 662 Capitancis
774 633 788 655 ‚
817 605 856 645 δι
872 603 1078 651 Ducibus,
1103 616 1152 644 ne

204 662 367 707 eosdem
397 663 484 706 suos
516 667 683 721 Equites
707 662 934 712 &Milites‚
960 661 1031 703 sub
1046 660 1151 702 indi-

201 723 398 778 gnationis
411 723 549 766 nostrae
563 748 578 772 ,
605 737 652 767 ac
670 721 909 778 privationis
922 720 1151 762 officiorum

202 781 394 831 suorum,
411 780 573 836 aliisque
587 782 707 826 etiam
733 779 890 822 arbitrii
918 779 1041 822 nostri
1062 792 1154 833 poe·

203 840 289 888 nis,
312 841 352 881 in
383 840 496 880 dictis
513 839 787 887 Monasteriis‚
811 838 1051 888 coenobiis,
1069 839 1154 878 Do·

203 898 333 939 mibus
347 924 362 948 ,
388 898 427 938 &
450 898 534 940 aliis
550 897 836 941 Ecclefiasticis
848 924 863 946 ,
886 899 927 939 δι
942 897 1013 952 piis
1028 895 1128 937 locis
1139 923 1154 946 ‚

199 955 268 998 etfi
293 957 618 999 Communitates
647 955 731 1012 ipsae
756 982 771 1005 ,
796 957 833 997 δι
866 955 1152 1000 Uni'verfitates

197 1014 339 1057 eadem
369 1013 456 1056 loca
479 1015 624 1058 eisdem
646 1013 862 1070 affignent,
887 1013 1149 1058 distribuant:

198 1074 553 1117 Gubernatoribus
586 1075 682 1117 vero
698 1102 711 1125 ‚
737 1071 960 1129 &ipsarum
989 1073 1149 1116 Civita-

195 1141 282 1174 tum
297 1159 312 1181 ,
338 1132 378 1172 &
402 1130 583 1173 locorum
599 1133 839 1175 Praetoribus
851 1157 867 1180 ,
893 1134 932 1174 δι
945 1132 1033 1175 aliis
1048 1130 1150 1186 Offi-

197 1189 362 1234 cialibus
389 1188 690 1244 quibuscunque
704 1217 718 1239 ,
736 1189 948 1244 quominus
978 1187 1149 1244 premis·

194 1247 233 1291 (it
255 1247 305 1288 ab
321 1245 409 1301 ipsu
423 1246 796 1289 communitatibus
809 1274 824 1297 ,
838 1251 879 1289 δι
899 1248 1148 1290 Univerfita-

194 1305 322 1352 tibus,
335 1317 380 1346 ac
395 1303 629 1359 capitaneis
644 1331 659 1354 ,
674 1305 712 1345 &
729 1305 909 1347 Ducibus
933 1304 1030 1346 fiant
1042 1331 1060 1356 ,
1076 1305 1145 1346 sub

196 1363 371 1422 ejusdem
385 1362 672 1419 indignationis
694 1362 833 1405 nostra
845 1391 860 1415 ,
875 1364 914 1405 δι
925 1363 1048 1406 etiam
1063 1364 1146 1417 pri·

197 1419 606 1466 vationisofficiorum
628 1422 786 1464 suorum
807 1418 1062 1478 prefatorum
1077 1435 1146 1464 re·

196 1479 367 1539 spemve
392 1479 552 1535 poenis,
577 1480 817 1523 auctoritate
843 1480 1075 1536 Apostolica
1102 1479 1149 1524 fi·

195 1549 296 1585 nant
308 1566 324 1589 ,
338 1539 402 1582 vel
420 1538 656 1594 permittant
670 1564 685 1590 ,
698 1538 926 1583 inhibemus
939 1565 954 1589 ,
968 1538 1147 1595 precipi-

196 1613 284 1642 mus
295 1627 312 1650 ,
323 1598 608 1640 committimus
625 1598 690 1646 ,δι
703 1596 933 1640 mandamus
949 1626 960 1639 .
978 1600 1031 1642 Et
1044 1598 1151 1641 insu·

196 1670 270 1715 per
299 1667 381 1699 tam
409 1654 514 1707 illis,
540 1657 656 1708 quim
692 1655 901 1710 Equitibus
916 1683 930 1706 ,
952 1656 1151 1699 &Militi-

197 1718 268 1760 bus
282 1710 452 1770 praefatis
463 1739 477 1763 ,
493 1727 542 1756 ne
555 1712 795 1756 Monasteria
811 1741 825 1764 ,
851 1715 1055 1756 Coenobia
1072 1743 1085 1765 ‚
1110 1716 1150 1756 δι

197 1776 286 1820 loca
315 1773 380 1830 pia
407 1770 634 1829 hujusmodi
656 1770 694 1813 in
718 1770 895 1827 personis
910 1800 925 1823 ,
941 1774 1090 1821 rebus,
1108 1775 1147 1815 82

200 1831 316 1876 bonis
328 1857 345 1880 ,
355 1841 419 1872 snt
432 1831 532 1876 alias
540 1831 709 1884 desuper
724 1830 936 1876 molestare
947 1861 962 1884 ,
989 1843 1149 1887 pertur-

199 1892 297 1935 bare
308 1912 323 1939 2
335 1888 527 1943 impedire
539 1903 555 1936 ·,
571 1888 796 1943 inquietare
809 1917 824 1939 ‚
837 1888 905 1933 seu
925 1890 1153 1941 molestari,

189 1959 193 1964 ’
199 1947 428 2008 perturbari
445 1973 460 1997 ,
491 1945 555 1988 vel
582 1945 677 1989 aliis
706 1945 918 2002 inquietari
934 1947 1065 1991 facere
1083 1962 1150 1989 au·

200 2009 323 2052 deant
351 2033 364 2057 ,
395 2003 458 2049 seu
483 2001 716 2060 praesumant
743 2031 758 2056 ‚
779 2004 818 2046 in
844 2007 995 2048 virtute
1017 2004 1151 2047 saneta·

202 2065 452 2110 Obediennoe
462 2091 478 2115 ,
494 2065 534 2105 δι
546 2061 613 2104 sub
625 2061 703 2116 jam
715 2063 832 2106 dictis
847 2064 996 2119 poenis,
1011 2063 1153 2106 eadem

201 2124 442 2168 auctoritate
467 2121 694 2163 inhibemus
713 2147 728 2170 ,
747 2123 998 2177 praecipimus
1011 2149 1026 2172 ‚
1039 2135 1155 2164 com-

199 2181 425 2230 mittimus,
439 2180 478 2219 &
495 2177 756 2227 mandamus,
778 2177 857 2231 ipsa
884 2180 1123 2220 Mon-steria
1137 2203 1152 2226 ‚

198 2237 400 2284 coenobia
417 2263 431 2287 ,
446 2238 600 2284 Dornos
613 2261 626 2284 ‚
641 2234 681 2275 δι
700 2233 775 2276 alia
794 2235 1069 2278 Ecclefiastica
1083 2265 1099 2286 ‚
1112 2237 1152 2277 δι

227 2298 263 2340 ia
280 2297 371 2340 loca
385 2319 400 2343 ‚
425 2307 475 2336 ex
488 2296 594 2337 nu'nc
610 2292 659 2334 ab
673 2291 818 2335 eisdem
850 2293 1052 2337 Militibus
1068 2322 1082 2344 ‚
1112 2295 1154 2336 δι

195 2313 410 2413 Εᾳιιὶιίδιις
422 2377 438 2402 ,
458 2353 506 2394 ab
518 2364 645 2395 onere
658 2350 752 2393 illos
767 2351 942 2406 hospitio
951 2352 1153 2408 excipien-

197 2417 270 2465 di,
282 2423 396 2459 motu
410 2438 424 2463 ,
446 2412 486 2453 ez
499 2408 740 2453 auctoritate
757 2410 948 2454 similibus
973 2411 1151 2454 eximen-

195 2472 280 2524 ὼ,
308 2470 494 2516 totaliter
509 2468 725 2514 liberando
742 2498 756 2522 ‚
785 2483 831 2512 ac
847 2470 997 2518 libera,
1017 2472 1057 2512 δι
1077 2470 1151 2512 im-

194 2531 329 2576 munia
342 2528 551 2573 faciendo.
573 2531 746 2571 Necnon
771 2527 926 2572 dilectis
944 2528 1054 2571 Filiis
1080 2542 1152 2571 no-

195 2591 283 2636 ssris
298 2588 513 2637 Vitellotio
524 2586 734 2630 Cardinali
759 2587 933 2631 Vitellio
946 2601 1152 2643 nuncupa-

192 2658 240 2694 to
253 2679 269 2702 ,
279 2651 319 2692 δι
331 2661 406 2706 pro
427 2655 616 2703 tempore
630 2645 810 2689 existenti
835 2647 990 2690 S.R.E.
1003 2649 1151 2691 Came-

193 2710 298 2753 rsrio
312 2735 330 2759 ,
341 2719 385 2748 sc
403 2704 703 2748 Praestdentibus
713 2731 728 2757 ,
751 2704 792 2745 δι
809 2704 983 2748 Clericis
998 2709 1149 2749 Came-

193 2781 246 2811 γε
273 2761 543 2820 apostolice,
564 2772 611 2803 ut
624 2759 771 2804 eisdem
798 2762 1048 2806 Monasteriis
1062 2789 1078 2811 ,
1106 2765 1145 2806 &

193 2827 269 2884 piis
283 2821 386 2873 locis
400 2847 418 2873 ,
442 2822 484 2863 in
509 2817 704 2875 praemiffis
719 2817 892 2862 efficacis
904 2817 1144 2864 defensionis

1213 433 1253 472 &
1275 429 1514 484 Equitibus,
1535 427 1780 482 illorumque
1811 431 1984 484 hospitio
2007 441 2166 485 gravari

1212 499 1354 529 contra
1387 483 1632 539 praesentium
1659 494 1839 527 tenorem
1855 512 1867 534 ,
1896 486 1960 529 sed
1982 489 2136 530 litteras
2155 521 2169 542 ,

1214 546 1251 586 &
1266 543 1543 598 exemptiones
1562 540 1784 593 huiusmodi
1799 546 1855 586 eis
1878 545 2045 600 desuper
2069 561 2169 588 con-

1212 604 1357 645 cedant
1369 631 1384 652 ,
1397 615 1442 641 ac
1457 597 1732 643 favorabiliter
1746 600 1966 647 defendant
1982 633 1997 654 ,
2013 605 2171 646 etiam.»

1212 662 1458 717 praecipimus
1473 689 1488 709 ,
1500 661 1538 700 &
1556 660 1788 703 mandamus
1804 691 1814 699 .
1835 663 1885 703 Et
1906 665 1955 704 iic
1969 676 2040 718 per
2054 662 2172 717 quos-

1210 733 1369 775 cunque
1389 718 1581 774 judices,
1607 718 1760 762 sublata
1789 722 1866 762 &c-
1894 721 2062 775 judicari
2091 721 2170 761 &c-

1215 780 1365 822 debere
1380 807 1396 828 ,
1428 776 1584 819 irritum
1610 791 1770 833 quoque
1783 781 1861 822 &c-
1892 781 2143 822 decernimus
2157 805 2170 818 .

1215 842 1310 881 Non
1342 834 1591 878 obstantibus
1631 834 1831 890 quibusvis
1858 837 2170 881 constitutioni-

1215 898 1284 938 bus
1301 897 1364 947 ,δι
1379 894 1716 936 ordinationibus
1745 897 1981 950 Apostolicis
1997 926 2010 949 ,
2043 897 2165 938 statu-

1214 957 1263 997 tis
1280 984 1295 1006 .,
1309 954 1428 996 etiam
1445 951 1672 1002 juramento
1685 954 1765 996 &c.
1788 955 1989 998 roboratis
2006 969 2166 1011 quoque

1210 1013 1379 1057 indultis
1396 1012 1460 1063 ‚&
1475 1010 1622 1052 litteris
1647 1012 1891 1065 Apostolicis
1907 1041 1920 1062 ,
1950 1012 2168 1070 quibusvis,

1209 1074 1329 1115 etiam
1346 1069 1538 1126 praedietis
1549 1098 1565 1120 ,
1580 1083 1625 1111 ac
1640 1069 1729 1112 aliis
1744 1071 1945 1127 quibusvis
1972 1072 2167 1128 personis,

1210 1130 1279 1174 sub
1308 1126 1609 1185 quibuscunque
1641 1131 1846 1173 tenoribus
1874 1156 1888 1179 ,
1919 1146 1964 1173 ac
1996 1130 2095 1173 alias
2127 1133 2167 1171 in

1210 1187 1459 1231 eontrarium
1475 1186 1784 1242 quomodolibet
1798 1190 2005 1239 concertis,
2017 1190 2056 1231 ἃ
2071 1202 2168 1231 con-

1207 1246 1398 1290 cedendis
1410 1273 1424 1289 .
1445 1247 1606 1304 Qibus
1622 1247 1810 1290 omnibus
1825 1275 1840 1298 ,
1864 1248 2029 1291 illorum
2045 1259 2170 1290 teno-

1203 1320 1269 1347 res
1299 1307 1377 1346 διε.
1409 1304 1593 1346 Ιειιὲίῐίιιιὲ
1625 1303 1870 1360 derogamus
1897 1335 1912 1357 ,
1941 1309 2171 1360 caterisque

1205 1361 1421 1406 contrariis
1435 1360 1735 1414 quibuscunque
1748 1391 1762 1412 ,
1776 1377 1868 1405 cum
1883 1363 2072 1406 clausulis
2087 1376 2163 1416 op-

1206 1420 1421 1477 portunis,
1445 1421 1485 1460 &
1512 1432 1601 1460 cum
1630 1417 1883 1463 absolutione
1900 1422 1949 1464 ad
1981 1422 2168 1464 effectum

1207 1482 1284 1524 διο.
1299 1480 1367 1532 ,δι
1384 1477 1436 1521 dc
1446 1478 1721 1522 commissione
1733 1504 1748 1527 ,
1771 1480 1961 1522 mandato
1973 1507 1989 1530 ,
2014 1480 2167 1522 inhibi-

1209 1540 1324 1582 tione
1338 1566 1352 1588 ,
1370 1546 1575 1592 precepto
1591 1565 1607 1589 ,
1635 1539 1922 1593 exemptione,
1954 1539 2163 1582 liberatio-

1212 1612 1261 1639 ne
1274 1622 1288 1645 ,
1302 1596 1471 1638 decreto
1482 1621 1498 1645 ,
1511 1595 1800 1651 derogatione,
1813 1596 1979 1652 aliisque
1995 1596 2169 1652 premis-

1211 1656 1256 1699 fis
1271 1652 1535 1698 extendendis
1554 1657 1752 1710 perpetuo
1764 1654 1802 1696 in
1818 1653 1951 1698 forma
1975 1656 2168 1711 gratiosa,

1208 1717 1273 1764 δι,
1299 1715 1325 1754 fi
1358 1711 1586 1764 videbitur,
1612 1728 1702 1756 cum
1732 1724 1960 1769 opportuna
1975 1725 2173 1757 executo-

1209 1788 1296 1816 rum
1308 1771 1570 1824 deputatione
1583 1800 1598 1822 ,
1611 1774 1680 1827 qui
1692 1771 1862 1816 affistant
1876 1802 1892 1824 ,
1922 1787 1967 1815 ac
1984 1773 2051 1815 sub
2069 1787 2168 1815 cen-

1210 1831 1387 1881 suris,&
1401 1831 1532 1884 poenis
1549 1833 1693 1876 ,etiam
1715 1831 1957 1883 pecuniariis
1978 1833 2056 1872 dcc.
2076 1844 2170 1872 cum

1211 1888 1407 1933 facultate
1420 1889 1614 1944 gravandi
1631 1891 1709 1931 8ος.
1736 1890 1931 1930 invocato
1945 1890 2022 1931 dcc.
2049 1886 2170 1931 saecu-

1216 1949 1322 1997 lari,
1349 1960 1441 1990 cum
1462 1958 1696 2000 opportuna
1723 1947 1918 1989 dietarum
1934 1947 2171 2002 derogatio-

1213 2018 1290 2051 ne,
1305 2002 1486 2044 latiffime
1512 2004 1765 2046 extendenda
1779 2029 1794 2052 ,
1821 2006 1862 2046 ἃ
1881 2007 1990 2059 quod
2005 2005 2171 2060 praemifi

1214 2061 1343 2104 sorum
1360 2060 1557 2109 omnium,
1570 2062 1611 2101 δι
1623 2061 1866 2117 singulorum
1888 2064 2007 2104 etiam
2023 2064 2173 2117 major,

1213 2123 1253 2162 δι
1284 2119 1453 2161 uberior
1483 2116 1727 2173 specificatio
1749 2144 1764 2167 ,
1798 2119 1839 2159 δε
1863 2119 2056 2174 expreffio
2083 2120 2170 2164 fieri

1215 2176 1329 2232 poffit
1358 2178 1397 2217 in
1413 2176 1586 2227 litteris,
1604 2179 1725 2220 etiam
1739 2176 1787 2217 ad
1803 2187 1957 2231 partem
1975 2193 2050 2232 pro
2065 2194 2174 2235 quo-

1213 2235 1311 2278 libet
1337 2233 1607 2283 Monasterio,
1631 2237 1670 2276 &
1692 2236 1758 2289 pio
1782 2235 1904 2287 loco,
1921 2235 1947 2278 fi
1966 2237 2172 2281 videbitur

1215 2306 1284 2348 pet
1304 2293 1433 2334 Breve
1445 2292 1620 2333 nostrum
1639 2292 1867 2348 expediem,
1882 2294 1963 2344 (eu,
1978 2296 2003 2336 fi
2020 2296 2171 2340 videbi·

1214 2363 1296 2402 tur,
1307 2349 1506 2406 praesentis
1526 2352 1652 2394 nostri
1673 2350 1806 2394 Motus
1823 2353 1974 2408 proprii
2001 2355 2083 2396 iola
2104 2356 2169 2399 si-

1213 2420 1385 2465 gnatura
1406 2405 1571 2452 sufficiat
1589 2438 1603 2462 ‚
1628 2411 1668 2452 8ι
1682 2410 1828 2466 ubique
1851 2409 1971 2453 fidem
1991 2409 2110 2457 saciat
2128 2417 2170 2457 in

1212 2468 1392 2524 judicio,
1413 2477 1606 2523 extraque
1630 2497 1645 2520 ‚
1674 2469 1834 2523 Regula
1860 2474 2061 2512 contraria
2088 2488 2170 2516 non

1211 2528 1391 2571 obstante
1406 2554 1415 2563 .
1429 2526 1568 2569 Placet
1584 2530 1703 2571 Motu
1717 2528 1886 2584 proprio
1899 2555 1915 2580 ,
1930 2530 1970 2570 &
1985 2533 2040 2571 ita
2055 2544 2170 2573 man·

1213 2588 1351 2631 damus
1367 2586 1445 2629 dte.

1271 2704 1427 2748 Bullar·
1444 2706 1608 2745 Roman.
1622 2714 1717 2746 tons·
1730 2718 1770 2758 4.
1790 2713 1902 2758 part.
1917 2716 1955 2745 2.
1969 2704 2051 2762 fol.
2069 2722 2088 2762 3
2098 2723 2117 2762 3
2132 2722 2166 2750 ι.

1322 2761 1546 2817 Radriq.1n
1563 2764 1657 2806 Call.
1666 2762 1995 2820 privil-fil444-
2008 2768 2168 2808 Bullar.

1323 2821 1418 2864 ord.
1435 2823 1558 2864 Pred-
1571 2821 1792 2878 tompfol.
1804 2836 1818 2864 ι
1830 2825 1880 2873 85
1892 2851 1905 2863 .

371 2960 1540 3206 samm-{ms
1622 3051 1965 3192 xm*

200 3291 454 3362 Bononietfis
468 3328 484 3352 ,
521 3292 642 3360 Hugo
665 3290 994 3360 Boncompaegnus
1021 3306 1141 3342 antea
1163 3306 1413 3358 nuncupatus
1427 3327 1442 3350 ,
1476 3290 1647 3341 S.R.E.
1675 3291 1914 3342 Cardinalis
1929 3294 2002 3341 tit.
2017 3289 2053 3339 S
2067 3291 2168 3341 Six-

212 3358 402 3424 ''''''es‘saed
423 3359 698 3432 Apoflolatiss
740 3361 894 3411 culmen
927 3381 1004 3425 13.
1035 3362 1160 3428 Masi
1193 3381 1338 3426 1572.
1365 3363 1569 3431 ostendit.
1598 3361 1724 3412 obite
1751 3381 1826 3411 ιο.
1849 3363 1991 3428 April.
2018 3367 2162 3427 ¹585·

227 3427 235 3433 ’
264 3429 470 3502 ,ςιὶεηι-ὶοΥ
485 3433 669 3503 ΕιτΙςβι
698 3433 755 3484 ad
776 3451 899 3482 annos
932 3452 1007 3496 13.
1030 3440 1121 3484 &c.
1142 3434 1356 3499 protraHo
1384 3470 1400 3493 ,
1414 3432 1590 3504 finitque
1617 3437 1664 3484 in
1703 3432 1897 3483 Vaticani
1925 3431 2083 3484 sacello
2109 3434 2161 3484 ab

271 3501 356 3567 ipso
376 3505 590 3573 consimile
605 3540 624 3566 ,
656 3506 711 3557 (7
735 3505 988 3575 Gregoriano
1009 3518 1236 3572 nuncupato
1250 3504 1441 3572 fipultus
1455 3539 1469 3554 .

318 3802 419 3843 Tom.
430 3802 486 3844 Vl-

1973 3803 2103 3845 Litte-
