<?xml version="1.0" encoding="UTF-8"?>
<!DOCTYPE html PUBLIC "-//W3C//DTD XHTML 1.0 Transitional//EN"
    "http://www.w3.org/TR/xhtml1/DTD/xhtml1-transitional.dtd">
<html xmlns="http://www.w3.org/1999/xhtml" xml:lang="en" lang="en">
 <head>
  <title>
</title>
<meta http-equiv="Content-Type" content="text/html;charset=utf-8" />
  <meta name='ocr-system' content='tesseract 3.04.00' />
  <meta name='ocr-capabilities' content='ocr_page ocr_carea ocr_par ocr_line ocrx_word'/>
</head>
<body>
  <div class='ocr_page' id='page_1' title='image "./bullariumordinis06cath_0034.png"; bbox 0 0 2444 4192; ppageno 0'>
   <div class='ocr_carea' id='block_1_1' title="bbox 363 165 469 221">
    <p class='ocr_par' dir='ltr' id='par_1_1' title="bbox 363 165 469 221">
     <span class='ocr_line' id='line_1_1' title="bbox 363 165 469 221; baseline -0.066 0"><span class='ocrx_word' id='word_1_1' title='bbox 363 165 469 221; x_wconf 81' lang='lat'>12</span> 
     </span>
    </p>
   </div>
   <div class='ocr_carea' id='block_1_2' title="bbox 299 292 1286 358">
    <p class='ocr_par' dir='ltr' id='par_1_2' title="bbox 299 292 1286 358">
     <span class='ocr_line' id='line_1_2' title="bbox 299 292 1286 358; baseline 0.004 -18"><span class='ocrx_word' id='word_1_2' title='bbox 299 294 372 340; x_wconf 83' lang='lat' dir='ltr'>nifi</span> <span class='ocrx_word' id='word_1_3' title='bbox 387 292 578 338; x_wconf 70' lang='lat' dir='ltr'>Ecclefiae</span> <span class='ocrx_word' id='word_1_4' title='bbox 601 294 801 341; x_wconf 68' lang='lat' dir='ltr'>Romane</span> <span class='ocrx_word' id='word_1_5' title='bbox 816 295 1052 342; x_wconf 82' lang='lat' dir='ltr'>cardinalis</span> <span class='ocrx_word' id='word_1_6' title='bbox 1066 328 1082 353; x_wconf 84' lang='lat'>,</span> <span class='ocrx_word' id='word_1_7' title='bbox 1107 302 1178 358; x_wconf 89' lang='lat' dir='ltr'>qui</span> <span class='ocrx_word' id='word_1_8' title='bbox 1204 300 1286 344; x_wconf 84' lang='lat' dir='ltr'>fue-</span> 
     </span>
    </p>
   </div>
   <div class='ocr_carea' id='block_1_3' title="bbox 928 136 1738 260">
    <p class='ocr_par' dir='ltr' id='par_1_3' title="bbox 928 136 1738 260">
     <span class='ocr_line' id='line_1_3' title="bbox 928 136 1738 260; baseline 0 -33"><span class='ocrx_word' id='word_1_9' title='bbox 928 136 1096 227; x_wconf 79' lang='lat' dir='ltr'>Sub</span> <span class='ocrx_word' id='word_1_10' title='bbox 1160 140 1515 260; x_wconf 81' lang='lat' dir='ltr'><em>Gregorio</em></span> <span class='ocrx_word' id='word_1_11' title='bbox 1579 139 1620 225; x_wconf 95' lang='lat' dir='ltr'><em>I</em></span> <span class='ocrx_word' id='word_1_12' title='bbox 1637 139 1738 229; x_wconf 86' lang='lat' dir='ltr'>X.</span> 
     </span>
    </p>
   </div>
   <div class='ocr_carea' id='block_1_4' title="bbox 1354 294 2344 344">
    <p class='ocr_par' dir='ltr' id='par_1_4' title="bbox 1354 294 2344 344">
     <span class='ocr_line' id='line_1_4' title="bbox 1354 294 2344 344; baseline -0.005 -1"><span class='ocrx_word' id='word_1_13' title='bbox 1354 311 1439 343; x_wconf 86' lang='lat' dir='ltr'>tem</span> <span class='ocrx_word' id='word_1_14' title='bbox 1470 301 1618 342; x_wconf 85' lang='lat' dir='ltr'>habent</span> <span class='ocrx_word' id='word_1_15' title='bbox 1647 299 1925 344; x_wconf 81' lang='lat' dir='ltr'>Provinciales</span> <span class='ocrx_word' id='word_1_16' title='bbox 1952 298 2128 344; x_wconf 81' lang='lat' dir='ltr'>Ministri</span> <span class='ocrx_word' id='word_1_17' title='bbox 2150 297 2230 340; x_wconf 88' lang='lat' dir='ltr'>hoc</span> <span class='ocrx_word' id='word_1_18' title='bbox 2257 294 2344 341; x_wconf 83' lang='lat' dir='ltr'>aliis</span> 
     </span>
    </p>
   </div>
   <div class='ocr_carea' id='block_1_5' title="bbox 296 354 2345 417">
    <p class='ocr_par' dir='ltr' id='par_1_5' title="bbox 296 354 2345 417">
     <span class='ocr_line' id='line_1_5' title="bbox 296 354 2345 417; baseline 0 -20"><span class='ocrx_word' id='word_1_19' title='bbox 296 358 352 398; x_wconf 82' lang='lat' dir='ltr'>rit</span> <span class='ocrx_word' id='word_1_20' title='bbox 371 355 541 397; x_wconf 83' lang='lat' dir='ltr'>Ordinis</span> <span class='ocrx_word' id='word_1_21' title='bbox 554 356 846 410; x_wconf 84' lang='lat' dir='ltr'>Gubernator,</span> <span class='ocrx_word' id='word_1_22' title='bbox 858 359 1161 412; x_wconf 86' lang='lat' dir='ltr'>Generali‚seu</span> <span class='ocrx_word' id='word_1_23' title='bbox 1188 363 1290 404; x_wconf 87' lang='lat' dir='ltr'>Pro·</span> <span class='ocrx_word' id='word_1_24' title='bbox 1351 359 1671 412; x_wconf 89' lang='lat' dir='ltr'>committendi,</span> <span class='ocrx_word' id='word_1_25' title='bbox 1697 361 1842 417; x_wconf 88' lang='lat' dir='ltr'>quibus</span> <span class='ocrx_word' id='word_1_26' title='bbox 1881 359 1921 403; x_wconf 90' lang='lat' dir='ltr'>id</span> <span class='ocrx_word' id='word_1_27' title='bbox 1950 386 1964 411; x_wconf 92' lang='lat'>,</span> <span class='ocrx_word' id='word_1_28' title='bbox 1996 361 2034 401; x_wconf 84' lang='lat'>&amp;</span> <span class='ocrx_word' id='word_1_29' title='bbox 2061 373 2142 403; x_wconf 88' lang='lat' dir='ltr'>non</span> <span class='ocrx_word' id='word_1_30' title='bbox 2170 357 2260 400; x_wconf 86' lang='lat' dir='ltr'>aliis</span> <span class='ocrx_word' id='word_1_31' title='bbox 2286 354 2345 417; x_wconf 83' lang='lat' dir='ltr'>est</span> 
     </span>
    </p>
   </div>
   <div class='ocr_carea' id='block_1_6' title="bbox 268 415 1285 2023">
    <p class='ocr_par' dir='ltr' id='par_1_6' title="bbox 270 415 1285 1650">
     <span class='ocr_line' id='line_1_6' title="bbox 290 415 1285 477; baseline 0.007 -21"><span class='ocrx_word' id='word_1_32' title='bbox 290 415 550 458; x_wconf 74' lang='lat' dir='ltr'>vincialibus</span> <span class='ocrx_word' id='word_1_33' title='bbox 571 415 767 460; x_wconf 68' lang='lat' dir='ltr'>ministris</span> <span class='ocrx_word' id='word_1_34' title='bbox 775 418 1060 462; x_wconf 59' lang='lat' dir='ltr'>austeritatem</span> <span class='ocrx_word' id='word_1_35' title='bbox 1075 419 1194 477; x_wconf 88' lang='lat' dir='ltr'>super</span> <span class='ocrx_word' id='word_1_36' title='bbox 1206 423 1285 464; x_wconf 85' lang='lat' dir='ltr'>hoc</span> 
     </span>
     <span class='ocr_line' id='line_1_7' title="bbox 290 474 1285 536; baseline 0.01 -21"><span class='ocrx_word' id='word_1_37' title='bbox 290 475 546 531; x_wconf 81' lang='lat' dir='ltr'>praebuerit,</span> <span class='ocrx_word' id='word_1_38' title='bbox 571 474 637 518; x_wconf 82' lang='lat' dir='ltr'>vel</span> <span class='ocrx_word' id='word_1_39' title='bbox 662 474 854 522; x_wconf 79' lang='lat' dir='ltr'>affensum</span> <span class='ocrx_word' id='word_1_40' title='bbox 872 506 886 519; x_wconf 88' lang='lat'><strong>.</strong></span> <span class='ocrx_word' id='word_1_41' title='bbox 908 480 1016 534; x_wconf 85' lang='lat' dir='ltr'>Quia</span> <span class='ocrx_word' id='word_1_42' title='bbox 1045 480 1083 522; x_wconf 91' lang='lat' dir='ltr'>in</span> <span class='ocrx_word' id='word_1_43' title='bbox 1110 481 1285 536; x_wconf 88' lang='lat' dir='ltr'>quodam</span> 
     </span>
     <span class='ocr_line' id='line_1_8' title="bbox 289 533 1283 595; baseline 0.007 -20"><span class='ocrx_word' id='word_1_44' title='bbox 289 533 473 590; x_wconf 88' lang='lat' dir='ltr'>ejusdem</span> <span class='ocrx_word' id='word_1_45' title='bbox 490 535 660 592; x_wconf 76' lang='lat' dir='ltr'>Regulae</span> <span class='ocrx_word' id='word_1_46' title='bbox 683 537 881 595; x_wconf 89' lang='lat' dir='ltr'>Capitulo</span> <span class='ocrx_word' id='word_1_47' title='bbox 908 539 1178 591; x_wconf 80' lang='lat' dir='ltr'>continetur,</span> <span class='ocrx_word' id='word_1_48' title='bbox 1207 551 1252 582; x_wconf 91' lang='lat' dir='ltr'>ut</span> <span class='ocrx_word' id='word_1_49' title='bbox 1268 567 1283 588; x_wconf 87' lang='lat'>,</span> 
     </span>
     <span class='ocr_line' id='line_1_9' title="bbox 287 593 1279 654; baseline 0.003 -17"><span class='ocrx_word' id='word_1_50' title='bbox 287 593 318 637; x_wconf 84' lang='lat' dir='ltr'>fi</span> <span class='ocrx_word' id='word_1_51' title='bbox 345 594 415 650; x_wconf 90' lang='lat' dir='ltr'>qui</span> <span class='ocrx_word' id='word_1_52' title='bbox 445 597 633 638; x_wconf 79' lang='lat' dir='ltr'>Fratrum</span> <span class='ocrx_word' id='word_1_53' title='bbox 659 596 872 654; x_wconf 80' lang='lat' dir='ltr'>instigante</span> <span class='ocrx_word' id='word_1_54' title='bbox 916 599 1079 640; x_wconf 86' lang='lat' dir='ltr'>humani</span> <span class='ocrx_word' id='word_1_55' title='bbox 1120 601 1279 654; x_wconf 88' lang='lat' dir='ltr'>generis</span> 
     </span>
     <span class='ocr_line' id='line_1_10' title="bbox 289 653 1284 714; baseline 0.005 -18"><span class='ocrx_word' id='word_1_56' title='bbox 289 653 462 697; x_wconf 86' lang='lat' dir='ltr'>inimico</span> <span class='ocrx_word' id='word_1_57' title='bbox 485 655 721 699; x_wconf 73' lang='lat' dir='ltr'>mortaliter</span> <span class='ocrx_word' id='word_1_58' title='bbox 748 657 1016 713; x_wconf 84' lang='lat' dir='ltr'>peccaverint</span> <span class='ocrx_word' id='word_1_59' title='bbox 1045 685 1061 709; x_wconf 93' lang='lat'>,</span> <span class='ocrx_word' id='word_1_60' title='bbox 1100 672 1178 714; x_wconf 88' lang='lat' dir='ltr'>pro</span> <span class='ocrx_word' id='word_1_61' title='bbox 1201 659 1284 702; x_wconf 90' lang='lat' dir='ltr'>illis</span> 
     </span>
     <span class='ocr_line' id='line_1_11' title="bbox 287 714 1281 770; baseline 0.004 -14"><span class='ocrx_word' id='word_1_62' title='bbox 287 715 503 770; x_wconf 86' lang='lat' dir='ltr'>peccatis,</span> <span class='ocrx_word' id='word_1_63' title='bbox 529 715 583 758; x_wconf 92' lang='lat' dir='ltr'>de</span> <span class='ocrx_word' id='word_1_64' title='bbox 605 717 750 770; x_wconf 89' lang='lat' dir='ltr'>quibus</span> <span class='ocrx_word' id='word_1_65' title='bbox 778 715 1017 759; x_wconf 86' lang='lat' dir='ltr'>ordinatum</span> <span class='ocrx_word' id='word_1_66' title='bbox 1047 714 1173 760; x_wconf 89' lang='lat' dir='ltr'>fuerit</span> <span class='ocrx_word' id='word_1_67' title='bbox 1218 718 1281 760; x_wconf 88' lang='lat' dir='ltr'>in-</span> 
     </span>
     <span class='ocr_line' id='line_1_12' title="bbox 286 775 1281 824; baseline 0.004 -9"><span class='ocrx_word' id='word_1_68' title='bbox 286 782 356 816; x_wconf 82' lang='lat' dir='ltr'>ter</span> <span class='ocrx_word' id='word_1_69' title='bbox 380 775 572 824; x_wconf 82' lang='lat' dir='ltr'>Fratres,</span> <span class='ocrx_word' id='word_1_70' title='bbox 606 785 651 817; x_wconf 82' lang='lat' dir='ltr'>ut</span> <span class='ocrx_word' id='word_1_71' title='bbox 678 788 920 820; x_wconf 80' lang='lat' dir='ltr'>recurratur</span> <span class='ocrx_word' id='word_1_72' title='bbox 945 776 996 818; x_wconf 92' lang='lat' dir='ltr'>ad</span> <span class='ocrx_word' id='word_1_73' title='bbox 1023 775 1131 819; x_wconf 90' lang='lat' dir='ltr'>solos</span> <span class='ocrx_word' id='word_1_74' title='bbox 1158 776 1281 819; x_wconf 85' lang='lat' dir='ltr'>Mini-</span> 
     </span>
     <span class='ocr_line' id='line_1_13' title="bbox 286 832 1281 889; baseline 0.002 -13"><span class='ocrx_word' id='word_1_75' title='bbox 286 832 390 876; x_wconf 74' lang='lat' dir='ltr'>ssros</span> <span class='ocrx_word' id='word_1_76' title='bbox 410 834 696 877; x_wconf 81' lang='lat' dir='ltr'>Provinciales</span> <span class='ocrx_word' id='word_1_77' title='bbox 712 866 727 889; x_wconf 88' lang='lat'>,</span> <span class='ocrx_word' id='word_1_78' title='bbox 754 845 971 879; x_wconf 86' lang='lat' dir='ltr'>teneantur</span> <span class='ocrx_word' id='word_1_79' title='bbox 984 835 1034 878; x_wconf 90' lang='lat' dir='ltr'>ad</span> <span class='ocrx_word' id='word_1_80' title='bbox 1050 849 1122 878; x_wconf 90' lang='lat' dir='ltr'>eos</span> <span class='ocrx_word' id='word_1_81' title='bbox 1137 849 1281 879; x_wconf 86' lang='lat' dir='ltr'>recur-</span> 
     </span>
     <span class='ocr_line' id='line_1_14' title="bbox 286 893 1278 951; baseline 0.003 -16"><span class='ocrx_word' id='word_1_82' title='bbox 286 905 380 935; x_wconf 76' lang='lat' dir='ltr'>rere</span> <span class='ocrx_word' id='word_1_83' title='bbox 402 920 418 942; x_wconf 87' lang='lat'>,</span> <span class='ocrx_word' id='word_1_84' title='bbox 444 893 690 949; x_wconf 76' lang='lat' dir='ltr'>quamcitius</span> <span class='ocrx_word' id='word_1_85' title='bbox 727 903 930 951; x_wconf 87' lang='lat' dir='ltr'>poterunt</span> <span class='ocrx_word' id='word_1_86' title='bbox 974 894 1056 936; x_wconf 86' lang='lat' dir='ltr'>fine</span> <span class='ocrx_word' id='word_1_87' title='bbox 1094 908 1241 938; x_wconf 77' lang='lat' dir='ltr'>mora-›</span> <span class='ocrx_word' id='word_1_88' title='bbox 1262 922 1278 945; x_wconf 82' lang='lat'>,</span> 
     </span>
     <span class='ocr_line' id='line_1_15' title="bbox 282 945 1277 1010; baseline 0.001 -17"><span class='ocrx_word' id='word_1_89' title='bbox 282 945 358 1008; x_wconf 74' lang='lat' dir='ltr'>ipsi</span> <span class='ocrx_word' id='word_1_90' title='bbox 384 953 451 1006; x_wconf 74' lang='lat' dir='ltr'>pie</span> <span class='ocrx_word' id='word_1_91' title='bbox 478 952 672 995; x_wconf 91' lang='lat' dir='ltr'>dubitant</span> <span class='ocrx_word' id='word_1_92' title='bbox 694 982 711 1005; x_wconf 91' lang='lat'>,</span> <span class='ocrx_word' id='word_1_93' title='bbox 747 964 886 998; x_wconf 88' lang='lat' dir='ltr'>utrum</span> <span class='ocrx_word' id='word_1_94' title='bbox 913 953 989 995; x_wconf 82' lang='lat' dir='ltr'>hoc</span> <span class='ocrx_word' id='word_1_95' title='bbox 1010 952 1066 995; x_wconf 91' lang='lat' dir='ltr'>de</span> <span class='ocrx_word' id='word_1_96' title='bbox 1094 954 1277 1010; x_wconf 88' lang='lat' dir='ltr'>peccatis</span> 
     </span>
     <span class='ocr_line' id='line_1_16' title="bbox 278 1011 1278 1068; baseline 0.003 -17"><span class='ocrx_word' id='word_1_97' title='bbox 278 1011 457 1068; x_wconf 85' lang='lat' dir='ltr'>publicis</span> <span class='ocrx_word' id='word_1_98' title='bbox 492 1012 652 1052; x_wconf 78' lang='lat' dir='ltr'>tantum</span> <span class='ocrx_word' id='word_1_99' title='bbox 692 1011 869 1068; x_wconf 77' lang='lat' dir='ltr'>intelligi</span> <span class='ocrx_word' id='word_1_100' title='bbox 919 1011 1077 1054; x_wconf 85' lang='lat' dir='ltr'>debeat</span> <span class='ocrx_word' id='word_1_101' title='bbox 1113 1041 1127 1064; x_wconf 89' lang='lat'>,</span> <span class='ocrx_word' id='word_1_102' title='bbox 1155 1027 1201 1054; x_wconf 89' lang='lat' dir='ltr'>an</span> <span class='ocrx_word' id='word_1_103' title='bbox 1224 1012 1278 1055; x_wconf 91' lang='lat' dir='ltr'>de</span> 
     </span>
     <span class='ocr_line' id='line_1_17' title="bbox 276 1069 1277 1126; baseline 0.002 -14"><span class='ocrx_word' id='word_1_104' title='bbox 276 1069 457 1126; x_wconf 81' lang='lat' dir='ltr'>publicis</span> <span class='ocrx_word' id='word_1_105' title='bbox 494 1070 649 1125; x_wconf 89' lang='lat' dir='ltr'>pariter</span> <span class='ocrx_word' id='word_1_106' title='bbox 673 1070 713 1111; x_wconf 75' lang='grc' dir='ltr'>δι</span> <span class='ocrx_word' id='word_1_107' title='bbox 741 1069 910 1125; x_wconf 82' lang='lat' dir='ltr'>privatis</span> <span class='ocrx_word' id='word_1_108' title='bbox 937 1072 954 1112; x_wconf 80' lang='lat'><em>2</em></span> <span class='ocrx_word' id='word_1_109' title='bbox 982 1070 1277 1126; x_wconf 85' lang='lat' dir='ltr'>respondemus</span> 
     </span>
     <span class='ocr_line' id='line_1_18' title="bbox 277 1126 1281 1184; baseline 0.003 -14"><span class='ocrx_word' id='word_1_110' title='bbox 277 1130 516 1184; x_wconf 69' lang='lat' dir='ltr'>praedicftum</span> <span class='ocrx_word' id='word_1_111' title='bbox 545 1128 787 1184; x_wconf 85' lang='lat' dir='ltr'>Capitulum</span> <span class='ocrx_word' id='word_1_112' title='bbox 803 1129 855 1173; x_wconf 85' lang='lat' dir='ltr'>ad</span> <span class='ocrx_word' id='word_1_113' title='bbox 867 1126 1075 1172; x_wconf 81' lang='lat' dir='ltr'>manifesta</span> <span class='ocrx_word' id='word_1_114' title='bbox 1099 1131 1281 1184; x_wconf 76' lang='lat' dir='ltr'>tantum,</span> 
     </span>
     <span class='ocr_line' id='line_1_19' title="bbox 280 1186 1280 1244; baseline 0.003 -14"><span class='ocrx_word' id='word_1_115' title='bbox 280 1189 325 1230; x_wconf 72' lang='grc' dir='ltr'><strong>ἃ</strong></span> <span class='ocrx_word' id='word_1_116' title='bbox 351 1188 516 1243; x_wconf 89' lang='lat' dir='ltr'>publica</span> <span class='ocrx_word' id='word_1_117' title='bbox 542 1186 785 1244; x_wconf 86' lang='lat' dir='ltr'>pertinere,</span> <span class='ocrx_word' id='word_1_118' title='bbox 815 1187 1032 1238; x_wconf 81' lang='lat' dir='ltr'>volentes,</span> <span class='ocrx_word' id='word_1_119' title='bbox 1057 1198 1101 1230; x_wconf 89' lang='lat' dir='ltr'>ut</span> <span class='ocrx_word' id='word_1_120' title='bbox 1134 1192 1280 1233; x_wconf 85' lang='lat' dir='ltr'>Gene-</span> 
     </span>
     <span class='ocr_line' id='line_1_20' title="bbox 274 1246 1284 1301; baseline 0.004 -12"><span class='ocrx_word' id='word_1_121' title='bbox 274 1246 377 1289; x_wconf 80' lang='lat' dir='ltr'>ralis</span> <span class='ocrx_word' id='word_1_122' title='bbox 397 1246 579 1290; x_wconf 75' lang='lat' dir='ltr'>Minister</span> <span class='ocrx_word' id='word_1_123' title='bbox 600 1248 821 1292; x_wconf 79' lang='lat' dir='ltr'>constituat</span> <span class='ocrx_word' id='word_1_124' title='bbox 843 1277 860 1301; x_wconf 86' lang='lat'>,</span> <span class='ocrx_word' id='word_1_125' title='bbox 883 1250 925 1291; x_wconf 86' lang='lat'>&amp;</span> <span class='ocrx_word' id='word_1_126' title='bbox 946 1249 1139 1291; x_wconf 83' lang='lat' dir='ltr'>constitui</span> <span class='ocrx_word' id='word_1_127' title='bbox 1160 1249 1284 1294; x_wconf 85' lang='lat' dir='ltr'>faciat</span> 
     </span>
     <span class='ocr_line' id='line_1_21' title="bbox 277 1307 1283 1365; baseline 0.005 -17"><span class='ocrx_word' id='word_1_128' title='bbox 277 1315 345 1348; x_wconf 83' lang='lat' dir='ltr'>tot</span> <span class='ocrx_word' id='word_1_129' title='bbox 363 1319 436 1362; x_wconf 87' lang='lat' dir='ltr'>per</span> <span class='ocrx_word' id='word_1_130' title='bbox 452 1307 691 1351; x_wconf 78' lang='lat' dir='ltr'>Provincias</span> <span class='ocrx_word' id='word_1_131' title='bbox 706 1320 835 1365; x_wconf 87' lang='lat' dir='ltr'>,quot</span> <span class='ocrx_word' id='word_1_132' title='bbox 849 1322 988 1351; x_wconf 86' lang='lat' dir='ltr'>earum</span> <span class='ocrx_word' id='word_1_133' title='bbox 1018 1309 1192 1352; x_wconf 81' lang='lat' dir='ltr'>Ministri</span> <span class='ocrx_word' id='word_1_134' title='bbox 1224 1311 1283 1353; x_wconf 80' lang='lat' dir='ltr'>vi-</span> 
     </span>
     <span class='ocr_line' id='line_1_22' title="bbox 277 1364 1279 1423; baseline 0.006 -16"><span class='ocrx_word' id='word_1_135' title='bbox 277 1364 418 1408; x_wconf 88' lang='lat' dir='ltr'>dernit</span> <span class='ocrx_word' id='word_1_136' title='bbox 445 1366 639 1423; x_wconf 83' lang='lat' dir='ltr'>expedire</span> <span class='ocrx_word' id='word_1_137' title='bbox 664 1367 717 1411; x_wconf 90' lang='lat' dir='ltr'>de</span> <span class='ocrx_word' id='word_1_138' title='bbox 741 1368 1032 1411; x_wconf 79' lang='lat' dir='ltr'>maturioribus</span> <span class='ocrx_word' id='word_1_139' title='bbox 1058 1370 1099 1410; x_wconf 86' lang='lat'>&amp;</span> <span class='ocrx_word' id='word_1_140' title='bbox 1126 1368 1279 1413; x_wconf 84' lang='lat' dir='ltr'>discre-</span> 
     </span>
     <span class='ocr_line' id='line_1_23' title="bbox 273 1424 1278 1485; baseline 0.006 -19"><span class='ocrx_word' id='word_1_141' title='bbox 273 1424 452 1468; x_wconf 76' lang='lat' dir='ltr'>tioribus</span> <span class='ocrx_word' id='word_1_142' title='bbox 491 1426 783 1471; x_wconf 65' lang='lat' dir='ltr'>sacerdotibus</span> <span class='ocrx_word' id='word_1_143' title='bbox 808 1455 824 1480; x_wconf 88' lang='lat'>,</span> <span class='ocrx_word' id='word_1_144' title='bbox 849 1427 919 1484; x_wconf 88' lang='lat' dir='ltr'>qui</span> <span class='ocrx_word' id='word_1_145' title='bbox 955 1426 1076 1485; x_wconf 89' lang='lat' dir='ltr'>super</span> <span class='ocrx_word' id='word_1_146' title='bbox 1108 1429 1278 1483; x_wconf 84' lang='lat' dir='ltr'>privatis</span> 
     </span>
     <span class='ocr_line' id='line_1_24' title="bbox 281 1484 1276 1541; baseline 0.006 -16"><span class='ocrx_word' id='word_1_147' title='bbox 281 1484 448 1528; x_wconf 88' lang='lat' dir='ltr'>audiant</span> <span class='ocrx_word' id='word_1_148' title='bbox 464 1488 716 1539; x_wconf 80' lang='lat' dir='ltr'>poenitentes</span> <span class='ocrx_word' id='word_1_149' title='bbox 732 1515 746 1539; x_wconf 87' lang='lat'>,</span> <span class='ocrx_word' id='word_1_150' title='bbox 774 1486 842 1530; x_wconf 86' lang='lat' dir='ltr'>nili</span> <span class='ocrx_word' id='word_1_151' title='bbox 866 1489 1028 1531; x_wconf 78' lang='lat' dir='ltr'>Fratres</span> <span class='ocrx_word' id='word_1_152' title='bbox 1052 1486 1243 1532; x_wconf 87' lang='lat' dir='ltr'>Ministris</span> <span class='ocrx_word' id='word_1_153' title='bbox 1260 1520 1276 1541; x_wconf 91' lang='lat'>,</span> 
     </span>
     <span class='ocr_line' id='line_1_25' title="bbox 272 1545 1275 1596; baseline 0.005 -10"><span class='ocrx_word' id='word_1_154' title='bbox 272 1554 344 1587; x_wconf 91' lang='lat' dir='ltr'>aut</span> <span class='ocrx_word' id='word_1_155' title='bbox 374 1545 624 1589; x_wconf 77' lang='lat' dir='ltr'>custodibus</span> <span class='ocrx_word' id='word_1_156' title='bbox 642 1548 749 1596; x_wconf 86' lang='lat' dir='ltr'>suis,</span> <span class='ocrx_word' id='word_1_157' title='bbox 775 1546 826 1590; x_wconf 92' lang='lat' dir='ltr'>ad</span> <span class='ocrx_word' id='word_1_158' title='bbox 854 1546 948 1590; x_wconf 90' lang='lat' dir='ltr'>loca</span> <span class='ocrx_word' id='word_1_159' title='bbox 970 1561 1116 1594; x_wconf 89' lang='lat' dir='ltr'>eorum</span> <span class='ocrx_word' id='word_1_160' title='bbox 1142 1548 1275 1592; x_wconf 85' lang='lat' dir='ltr'>decli-</span> 
     </span>
     <span class='ocr_line' id='line_1_26' title="bbox 270 1603 937 1650; baseline 0 -2"><span class='ocrx_word' id='word_1_161' title='bbox 270 1603 467 1648; x_wconf 78' lang='lat' dir='ltr'>nantibus</span> <span class='ocrx_word' id='word_1_162' title='bbox 480 1605 702 1649; x_wconf 87' lang='lat' dir='ltr'>maluerint</span> <span class='ocrx_word' id='word_1_163' title='bbox 719 1605 937 1650; x_wconf 83' lang='lat' dir='ltr'>confiteri.</span> 
     </span>
    </p>

    <p class='ocr_par' dir='ltr' id='par_1_7' title="bbox 268 1665 1275 2023">
     <span class='ocr_line' id='line_1_27' title="bbox 391 1665 1269 1725; baseline 0.003 -17"><span class='ocrx_word' id='word_1_164' title='bbox 391 1665 603 1709; x_wconf 66' lang='lat' dir='ltr'>Ceterum</span> <span class='ocrx_word' id='word_1_165' title='bbox 627 1695 643 1717; x_wconf 83' lang='lat'>‚</span> <span class='ocrx_word' id='word_1_166' title='bbox 668 1681 763 1710; x_wconf 90' lang='lat' dir='ltr'>cum</span> <span class='ocrx_word' id='word_1_167' title='bbox 789 1667 1040 1722; x_wconf 87' lang='lat' dir='ltr'>prohibente</span> <span class='ocrx_word' id='word_1_168' title='bbox 1071 1667 1234 1725; x_wconf 70' lang='lat' dir='ltr'>Reguli</span> <span class='ocrx_word' id='word_1_169' title='bbox 1253 1694 1269 1718; x_wconf 88' lang='lat'>,</span> 
     </span>
     <span class='ocr_line' id='line_1_28' title="bbox 272 1724 1267 1784; baseline 0.001 -15"><span class='ocrx_word' id='word_1_170' title='bbox 272 1724 378 1769; x_wconf 80' lang='lat' dir='ltr'>nulli</span> <span class='ocrx_word' id='word_1_171' title='bbox 399 1726 587 1770; x_wconf 74' lang='lat' dir='ltr'>Fratrum</span> <span class='ocrx_word' id='word_1_172' title='bbox 605 1726 726 1769; x_wconf 90' lang='lat' dir='ltr'>liceat</span> <span class='ocrx_word' id='word_1_173' title='bbox 745 1725 900 1782; x_wconf 89' lang='lat' dir='ltr'>populo</span> <span class='ocrx_word' id='word_1_174' title='bbox 913 1728 1164 1784; x_wconf 81' lang='lat' dir='ltr'>praedicare,</span> <span class='ocrx_word' id='word_1_175' title='bbox 1198 1727 1267 1771; x_wconf 82' lang='lat' dir='ltr'>uifi</span> 
     </span>
     <span class='ocr_line' id='line_1_29' title="bbox 273 1783 1265 1844; baseline 0.001 -14"><span class='ocrx_word' id='word_1_176' title='bbox 273 1786 300 1830; x_wconf 73' lang='grc' dir='ltr'><strong>ὶ</strong></span> <span class='ocrx_word' id='word_1_177' title='bbox 315 1783 501 1827; x_wconf 76' lang='lat' dir='ltr'>Ministro</span> <span class='ocrx_word' id='word_1_178' title='bbox 516 1786 711 1829; x_wconf 89' lang='lat' dir='ltr'>Generali</span> <span class='ocrx_word' id='word_1_179' title='bbox 726 1784 853 1829; x_wconf 81' lang='lat' dir='ltr'>fuerit</span> <span class='ocrx_word' id='word_1_180' title='bbox 866 1787 1119 1831; x_wconf 83' lang='lat' dir='ltr'>examinatus</span> <span class='ocrx_word' id='word_1_181' title='bbox 1130 1789 1171 1831; x_wconf 72' lang='grc' dir='ltr'>δι</span> <span class='ocrx_word' id='word_1_182' title='bbox 1193 1802 1265 1844; x_wconf 92' lang='lat' dir='ltr'>ap·</span> 
     </span>
     <span class='ocr_line' id='line_1_30' title="bbox 275 1842 1264 1903; baseline 0.006 -18"><span class='ocrx_word' id='word_1_183' title='bbox 275 1842 476 1900; x_wconf 83' lang='lat' dir='ltr'>probatus</span> <span class='ocrx_word' id='word_1_184' title='bbox 490 1872 506 1896; x_wconf 91' lang='lat'>,</span> <span class='ocrx_word' id='word_1_185' title='bbox 528 1846 570 1887; x_wconf 70' lang='lat' dir='ltr'>ec</span> <span class='ocrx_word' id='word_1_186' title='bbox 585 1845 655 1889; x_wconf 84' lang='lat' dir='ltr'>fibi</span> <span class='ocrx_word' id='word_1_187' title='bbox 677 1843 858 1890; x_wconf 84' lang='lat' dir='ltr'>officium</span> <span class='ocrx_word' id='word_1_188' title='bbox 885 1847 1186 1903; x_wconf 67' lang='lat' dir='ltr'>predicationis</span> <span class='ocrx_word' id='word_1_189' title='bbox 1213 1848 1264 1891; x_wconf 92' lang='lat' dir='ltr'>ab</span> 
     </span>
     <span class='ocr_line' id='line_1_31' title="bbox 269 1902 1263 1963; baseline 0.005 -18"><span class='ocrx_word' id='word_1_190' title='bbox 269 1902 359 1958; x_wconf 86' lang='lat' dir='ltr'>ipso</span> <span class='ocrx_word' id='word_1_191' title='bbox 387 1903 649 1949; x_wconf 79' lang='lat' dir='ltr'>concellum:</span> <span class='ocrx_word' id='word_1_192' title='bbox 676 1904 895 1949; x_wconf 86' lang='lat' dir='ltr'>certificari</span> <span class='ocrx_word' id='word_1_193' title='bbox 921 1907 1102 1963; x_wconf 75' lang='lat' dir='ltr'>petistis,</span> <span class='ocrx_word' id='word_1_194' title='bbox 1125 1916 1263 1950; x_wconf 88' lang='lat' dir='ltr'>utrum</span> 
     </span>
     <span class='ocr_line' id='line_1_32' title="bbox 268 1961 1275 2023; baseline 0.008 -19"><span class='ocrx_word' id='word_1_195' title='bbox 268 1974 348 2019; x_wconf 86' lang='lat' dir='ltr'>pro</span> <span class='ocrx_word' id='word_1_196' title='bbox 362 1961 571 2005; x_wconf 73' lang='lat' dir='ltr'>tabor-bus</span> <span class='ocrx_word' id='word_1_197' title='bbox 591 1964 798 2016; x_wconf 70' lang='lat' dir='ltr'>fratrum,</span> <span class='ocrx_word' id='word_1_198' title='bbox 810 1966 853 2007; x_wconf 74' lang='grc' dir='ltr'>δι</span> <span class='ocrx_word' id='word_1_199' title='bbox 869 1966 1104 2023; x_wconf 77' lang='lat' dir='ltr'>periculosis</span> <span class='ocrx_word' id='word_1_200' title='bbox 1115 1966 1275 2012; x_wconf 89' lang='lat' dir='ltr'>discur-</span> 
     </span>
    </p>
   </div>
   <div class='ocr_carea' id='block_1_7' title="bbox 265 2023 1270 2132">
    <p class='ocr_par' dir='ltr' id='par_1_8' title="bbox 265 2023 1270 2132">
     <span class='ocr_line' id='line_1_33' title="bbox 271 2023 1270 2072; baseline 0.001 -9"><span class='ocrx_word' id='word_1_201' title='bbox 271 2023 378 2063; x_wconf 75' lang='lat' dir='ltr'>sibus</span> <span class='ocrx_word' id='word_1_202' title='bbox 405 2023 639 2072; x_wconf 78' lang='lat' dir='ltr'>evitandis,</span> <span class='ocrx_word' id='word_1_203' title='bbox 659 2025 877 2067; x_wconf 80' lang='lat' dir='ltr'>Generalis</span> <span class='ocrx_word' id='word_1_204' title='bbox 904 2026 1088 2069; x_wconf 79' lang='lat' dir='ltr'>Minister</span> <span class='ocrx_word' id='word_1_205' title='bbox 1113 2025 1270 2066; x_wconf 72' lang='lat' dir='ltr'>dietam</span> 
     </span>
     <span class='ocr_line' id='line_1_34' title="bbox 265 2075 1270 2132; baseline -0.003 -10"><span class='ocrx_word' id='word_1_206' title='bbox 265 2081 615 2123; x_wconf 78' lang='lat' dir='ltr'>examinationem</span> <span class='ocrx_word' id='word_1_207' title='bbox 629 2105 645 2126; x_wconf 86' lang='lat'>,</span> <span class='ocrx_word' id='word_1_208' title='bbox 655 2081 1019 2132; x_wconf 74' lang='lat' dir='ltr'>approbationem,</span> <span class='ocrx_word' id='word_1_209' title='bbox 1029 2081 1068 2119; x_wconf 73' lang='grc' dir='ltr'>δε</span> <span class='ocrx_word' id='word_1_210' title='bbox 1082 2075 1263 2121; x_wconf 86' lang='lat' dir='ltr'>commis</span> <span class='ocrx_word' id='word_1_211' title='bbox 1259 2101 1270 2107; x_wconf 89' lang='lat'><em>-</em></span> 
     </span>
    </p>
   </div>
   <div class='ocr_carea' id='block_1_8' title="bbox 260 2131 1284 2190">
    <p class='ocr_par' dir='ltr' id='par_1_9' title="bbox 260 2131 1284 2190">
     <span class='ocr_line' id='line_1_35' title="bbox 260 2131 1284 2190; baseline -0.01 -9"><span class='ocrx_word' id='word_1_212' title='bbox 260 2137 420 2181; x_wconf 78' lang='lat' dir='ltr'>fionem</span> <span class='ocrx_word' id='word_1_213' title='bbox 443 2134 569 2179; x_wconf 83' lang='lat' dir='ltr'>offi.·ii</span> <span class='ocrx_word' id='word_1_214' title='bbox 584 2131 1102 2190; x_wconf 63' lang='lat' dir='ltr'>predimtimMismtis</span> <span class='ocrx_word' id='word_1_215' title='bbox 1114 2133 1284 2186; x_wconf 43' lang='lat' dir='ltr'>aliquia</span> 
     </span>
    </p>
   </div>
   <div class='ocr_carea' id='block_1_9' title="bbox 260 2185 1271 3854">
    <p class='ocr_par' dir='ltr' id='par_1_10' title="bbox 260 2185 1271 3854">
     <span class='ocr_line' id='line_1_36' title="bbox 264 2185 1271 2243; baseline -0.012 -1"><span class='ocrx_word' id='word_1_216' title='bbox 264 2197 343 2242; x_wconf 79' lang='lat' dir='ltr'>bus</span> <span class='ocrx_word' id='word_1_217' title='bbox 356 2194 621 2237; x_wconf 63' lang='lat' dir='ltr'>committere</span> <span class='ocrx_word' id='word_1_218' title='bbox 638 2188 793 2237; x_wconf 78' lang='lat' dir='ltr'>valeat,</span> <span class='ocrx_word' id='word_1_219' title='bbox 813 2199 892 2243; x_wconf 85' lang='lat' dir='ltr'>pro</span> <span class='ocrx_word' id='word_1_220' title='bbox 905 2185 1186 2231; x_wconf 80' lang='lat' dir='ltr'>examinandis</span> <span class='ocrx_word' id='word_1_221' title='bbox 1199 2199 1271 2242; x_wconf 87' lang='lat' dir='ltr'>ge·</span> 
     </span>
     <span class='ocr_line' id='line_1_37' title="bbox 263 2242 1269 2303; baseline -0.005 -9"><span class='ocrx_word' id='word_1_222' title='bbox 263 2251 465 2298; x_wconf 75' lang='lat' dir='ltr'>neraliter</span> <span class='ocrx_word' id='word_1_223' title='bbox 479 2245 563 2290; x_wconf 87' lang='lat' dir='ltr'>illis</span> <span class='ocrx_word' id='word_1_224' title='bbox 577 2275 594 2300; x_wconf 87' lang='lat'>,</span> <span class='ocrx_word' id='word_1_225' title='bbox 620 2245 744 2303; x_wconf 87' lang='lat' dir='ltr'>quiin</span> <span class='ocrx_word' id='word_1_226' title='bbox 762 2243 990 2289; x_wconf 75' lang='lat' dir='ltr'>Provinciis</span> <span class='ocrx_word' id='word_1_227' title='bbox 1005 2242 1094 2288; x_wconf 91' lang='lat' dir='ltr'>sunt</span> <span class='ocrx_word' id='word_1_228' title='bbox 1114 2244 1269 2299; x_wconf 76' lang='lat' dir='ltr'>statuti,</span> 
     </span>
     <span class='ocr_line' id='line_1_38' title="bbox 261 2302 1267 2367; baseline -0.01 -10"><span class='ocrx_word' id='word_1_229' title='bbox 261 2311 333 2357; x_wconf 75' lang='lat' dir='ltr'>vel</span> <span class='ocrx_word' id='word_1_230' title='bbox 347 2306 579 2367; x_wconf 81' lang='lat' dir='ltr'>specialiter</span> <span class='ocrx_word' id='word_1_231' title='bbox 593 2318 672 2363; x_wconf 91' lang='lat' dir='ltr'>pro</span> <span class='ocrx_word' id='word_1_232' title='bbox 684 2302 925 2361; x_wconf 69' lang='lat' dir='ltr'>quibusdam</span> <span class='ocrx_word' id='word_1_233' title='bbox 937 2333 954 2346; x_wconf 83' lang='lat'><strong>.</strong></span> <span class='ocrx_word' id='word_1_234' title='bbox 980 2303 1047 2349; x_wconf 73' lang='lat' dir='ltr'>Ad</span> <span class='ocrx_word' id='word_1_235' title='bbox 1061 2303 1172 2360; x_wconf 85' lang='lat' dir='ltr'>quod</span> <span class='ocrx_word' id='word_1_236' title='bbox 1192 2304 1267 2348; x_wconf 88' lang='lat' dir='ltr'>da-</span> 
     </span>
     <span class='ocr_line' id='line_1_39' title="bbox 266 2362 1265 2422; baseline -0.008 -6"><span class='ocrx_word' id='word_1_237' title='bbox 266 2384 360 2416; x_wconf 83' lang='lat' dir='ltr'>mus</span> <span class='ocrx_word' id='word_1_238' title='bbox 389 2367 474 2411; x_wconf 85' lang='lat' dir='ltr'>tale</span> <span class='ocrx_word' id='word_1_239' title='bbox 499 2362 757 2422; x_wconf 77' lang='lat' dir='ltr'>responsum3</span> <span class='ocrx_word' id='word_1_240' title='bbox 784 2362 896 2421; x_wconf 86' lang='lat' dir='ltr'>quod</span> <span class='ocrx_word' id='word_1_241' title='bbox 923 2364 1265 2416; x_wconf 82' lang='lat' dir='ltr'>hoc,Genetalis</span> 
     </span>
     <span class='ocr_line' id='line_1_40' title="bbox 266 2421 1264 2480; baseline -0.004 -6"><span class='ocrx_word' id='word_1_242' title='bbox 266 2428 453 2475; x_wconf 79' lang='lat' dir='ltr'>Minister</span> <span class='ocrx_word' id='word_1_243' title='bbox 480 2423 584 2468; x_wconf 91' lang='lat' dir='ltr'>nulli</span> <span class='ocrx_word' id='word_1_244' title='bbox 610 2421 741 2480; x_wconf 83' lang='lat' dir='ltr'>potest</span> <span class='ocrx_word' id='word_1_245' title='bbox 781 2421 935 2467; x_wconf 76' lang='lat' dir='ltr'>absenti</span> <span class='ocrx_word' id='word_1_246' title='bbox 972 2423 1264 2470; x_wconf 69' lang='lat' dir='ltr'>committeret</span> 
     </span>
     <span class='ocr_line' id='line_1_41' title="bbox 266 2483 1265 2545; baseline -0.005 -11"><span class='ocrx_word' id='word_1_247' title='bbox 266 2489 337 2533; x_wconf 85' lang='lat' dir='ltr'>sed</span> <span class='ocrx_word' id='word_1_248' title='bbox 363 2486 433 2545; x_wconf 87' lang='lat' dir='ltr'>qui</span> <span class='ocrx_word' id='word_1_249' title='bbox 454 2483 757 2527; x_wconf 75' lang='lat' dir='ltr'>examinatione</span> <span class='ocrx_word' id='word_1_250' title='bbox 784 2483 970 2540; x_wconf 78' lang='lat' dir='ltr'>indigere</span> <span class='ocrx_word' id='word_1_251' title='bbox 1002 2483 1231 2529; x_wconf 87' lang='lat' dir='ltr'>ereduntur</span> <span class='ocrx_word' id='word_1_252' title='bbox 1247 2510 1265 2537; x_wconf 88' lang='lat'>,</span> 
     </span>
     <span class='ocr_line' id='line_1_42' title="bbox 267 2541 1263 2600; baseline -0.001 -11"><span class='ocrx_word' id='word_1_253' title='bbox 267 2549 487 2594; x_wconf 78' lang='lat' dir='ltr'>mittantur</span> <span class='ocrx_word' id='word_1_254' title='bbox 498 2541 720 2600; x_wconf 80' lang='lat' dir='ltr'>adipsum,</span> <span class='ocrx_word' id='word_1_255' title='bbox 746 2541 921 2587; x_wconf 85' lang='lat' dir='ltr'>vclcum</span> <span class='ocrx_word' id='word_1_256' title='bbox 936 2542 1130 2588; x_wconf 74' lang='lat' dir='ltr'>Ministris</span> <span class='ocrx_word' id='word_1_257' title='bbox 1158 2544 1263 2588; x_wconf 86' lang='lat' dir='ltr'>Pro·</span> 
     </span>
     <span class='ocr_line' id='line_1_43' title="bbox 265 2601 1261 2661; baseline -0.001 -13"><span class='ocrx_word' id='word_1_258' title='bbox 265 2602 509 2652; x_wconf 77' lang='lat' dir='ltr'>vincialibus</span> <span class='ocrx_word' id='word_1_259' title='bbox 525 2602 772 2646; x_wconf 77' lang='lat' dir='ltr'>conveniant</span> <span class='ocrx_word' id='word_1_260' title='bbox 788 2605 904 2659; x_wconf 86' lang='lat' dir='ltr'>super</span> <span class='ocrx_word' id='word_1_261' title='bbox 918 2602 997 2647; x_wconf 81' lang='lat' dir='ltr'>boc</span> <span class='ocrx_word' id='word_1_262' title='bbox 1017 2601 1060 2649; x_wconf 87' lang='lat' dir='ltr'>in</span> <span class='ocrx_word' id='word_1_263' title='bbox 1084 2603 1261 2661; x_wconf 87' lang='lat' dir='ltr'>Capitu-</span> 
     </span>
     <span class='ocr_line' id='line_1_44' title="bbox 265 2661 1264 2719; baseline -0.005 -7"><span class='ocrx_word' id='word_1_264' title='bbox 265 2667 310 2712; x_wconf 90' lang='lat' dir='ltr'>lo</span> <span class='ocrx_word' id='word_1_265' title='bbox 319 2661 576 2718; x_wconf 57' lang='lat' dir='ltr'>Generatim</span> <span class='ocrx_word' id='word_1_266' title='bbox 590 2662 658 2719; x_wconf 73' lang='lat' dir='ltr'>qui</span> <span class='ocrx_word' id='word_1_267' title='bbox 674 2664 775 2706; x_wconf 74' lang='lat' dir='ltr'>vero</span> <span class='ocrx_word' id='word_1_268' title='bbox 790 2662 1011 2707; x_wconf 78' lang='lat' dir='ltr'>exatninari</span> <span class='ocrx_word' id='word_1_269' title='bbox 1025 2676 1108 2707; x_wconf 87' lang='lat' dir='ltr'>nnn</span> <span class='ocrx_word' id='word_1_270' title='bbox 1121 2673 1264 2719; x_wconf 78' lang='lat' dir='ltr'>egent,</span> 
     </span>
     <span class='ocr_line' id='line_1_45' title="bbox 263 2720 1262 2784; baseline 0.002 -18"><span class='ocrx_word' id='word_1_271' title='bbox 263 2740 342 2784; x_wconf 83' lang='lat' dir='ltr'>pro</span> <span class='ocrx_word' id='word_1_272' title='bbox 354 2737 407 2767; x_wconf 90' lang='lat' dir='ltr'>co</span> <span class='ocrx_word' id='word_1_273' title='bbox 420 2749 435 2771; x_wconf 86' lang='lat'>‚</span> <span class='ocrx_word' id='word_1_274' title='bbox 447 2724 558 2778; x_wconf 87' lang='lat' dir='ltr'>quod</span> <span class='ocrx_word' id='word_1_275' title='bbox 573 2723 613 2766; x_wconf 88' lang='lat' dir='ltr'>in</span> <span class='ocrx_word' id='word_1_276' title='bbox 630 2720 886 2778; x_wconf 75' lang='lat' dir='ltr'>‘theologica</span> <span class='ocrx_word' id='word_1_277' title='bbox 900 2720 1094 2767; x_wconf 78' lang='lat' dir='ltr'>facultate</span> <span class='ocrx_word' id='word_1_278' title='bbox 1108 2724 1150 2767; x_wconf 72' lang='lat' dir='ltr'>Gt</span> <span class='ocrx_word' id='word_1_279' title='bbox 1163 2737 1262 2777; x_wconf 75' lang='lat' dir='ltr'>proe·</span> 
     </span>
     <span class='ocr_line' id='line_1_46' title="bbox 263 2780 1262 2834; baseline -0.001 -7"><span class='ocrx_word' id='word_1_280' title='bbox 263 2784 484 2831; x_wconf 82' lang='lat' dir='ltr'>dicationis</span> <span class='ocrx_word' id='word_1_281' title='bbox 496 2780 634 2826; x_wconf 77' lang='lat' dir='ltr'>officio</span> <span class='ocrx_word' id='word_1_282' title='bbox 646 2782 736 2825; x_wconf 83' lang='lat' dir='ltr'>sunt</span> <span class='ocrx_word' id='word_1_283' title='bbox 753 2781 931 2826; x_wconf 73' lang='lat' dir='ltr'>instrunt</span> <span class='ocrx_word' id='word_1_284' title='bbox 944 2810 961 2834; x_wconf 89' lang='lat'>,</span> <span class='ocrx_word' id='word_1_285' title='bbox 984 2780 1009 2825; x_wconf 78' lang='lat' dir='ltr'>fi</span> <span class='ocrx_word' id='word_1_286' title='bbox 1022 2783 1153 2827; x_wconf 71' lang='lat' dir='ltr'>etatis</span> <span class='ocrx_word' id='word_1_287' title='bbox 1175 2796 1262 2828; x_wconf 90' lang='lat' dir='ltr'>ma·</span> 
     </span>
     <span class='ocr_line' id='line_1_47' title="bbox 272 2841 1258 2899; baseline -0.003 -11"><span class='ocrx_word' id='word_1_288' title='bbox 272 2844 447 2895; x_wconf 85' lang='lat' dir='ltr'>turitas,</span> <span class='ocrx_word' id='word_1_289' title='bbox 473 2843 515 2885; x_wconf 73' lang='grc' dir='ltr'>δι</span> <span class='ocrx_word' id='word_1_290' title='bbox 541 2841 621 2885; x_wconf 87' lang='lat' dir='ltr'>alia</span> <span class='ocrx_word' id='word_1_291' title='bbox 639 2869 656 2894; x_wconf 87' lang='lat'>,</span> <span class='ocrx_word' id='word_1_292' title='bbox 722 2854 781 2885; x_wconf 68' lang='lat' dir='ltr'>ut</span> <span class='ocrx_word' id='word_1_293' title='bbox 805 2841 1073 2899; x_wconf 86' lang='lat' dir='ltr'>requiruntur</span> <span class='ocrx_word' id='word_1_294' title='bbox 1100 2841 1138 2886; x_wconf 87' lang='lat' dir='ltr'>in</span> <span class='ocrx_word' id='word_1_295' title='bbox 1164 2842 1258 2886; x_wconf 84' lang='lat' dir='ltr'>tali-</span> 
     </span>
     <span class='ocr_line' id='line_1_48' title="bbox 265 2898 1256 2961; baseline -0.001 -15"><span class='ocrx_word' id='word_1_296' title='bbox 265 2903 340 2947; x_wconf 80' lang='lat' dir='ltr'>bus</span> <span class='ocrx_word' id='word_1_297' title='bbox 354 2903 629 2956; x_wconf 76' lang='lat' dir='ltr'>,conveniant</span> <span class='ocrx_word' id='word_1_298' title='bbox 644 2901 680 2946; x_wconf 87' lang='lat' dir='ltr'>ci</span> <span class='ocrx_word' id='word_1_299' title='bbox 700 2901 796 2945; x_wconf 85' lang='lat' dir='ltr'>dem</span> <span class='ocrx_word' id='word_1_300' title='bbox 810 2929 828 2955; x_wconf 85' lang='lat'>‚</span> <span class='ocrx_word' id='word_1_301' title='bbox 848 2898 1002 2959; x_wconf 80' lang='lat' dir='ltr'>poll&#39;unt</span> <span class='ocrx_word' id='word_1_302' title='bbox 1030 2901 1053 2959; x_wconf 87' lang='lat'><strong>(</strong></span> <span class='ocrx_word' id='word_1_303' title='bbox 1080 2901 1151 2946; x_wconf 83' lang='lat' dir='ltr'>nili</span> <span class='ocrx_word' id='word_1_304' title='bbox 1164 2901 1256 2961; x_wconf 85' lang='lat' dir='ltr'>qui-</span> 
     </span>
     <span class='ocr_line' id='line_1_49' title="bbox 265 2959 1255 3020; baseline 0 -14"><span class='ocrx_word' id='word_1_305' title='bbox 265 2962 342 3006; x_wconf 84' lang='lat' dir='ltr'>bus</span> <span class='ocrx_word' id='word_1_306' title='bbox 370 2962 553 3007; x_wconf 72' lang='lat' dir='ltr'>Minister</span> <span class='ocrx_word' id='word_1_307' title='bbox 579 2959 798 3005; x_wconf 84' lang='lat' dir='ltr'>Generalis</span> <span class='ocrx_word' id='word_1_308' title='bbox 822 2959 1122 3006; x_wconf 79' lang='lat' dir='ltr'>contradixerit</span> <span class='ocrx_word' id='word_1_309' title='bbox 1157 2966 1175 3020; x_wconf 91' lang='lat'>)</span> <span class='ocrx_word' id='word_1_310' title='bbox 1202 2976 1255 3006; x_wconf 89' lang='lat' dir='ltr'>eo</span> 
     </span>
     <span class='ocr_line' id='line_1_50' title="bbox 267 3016 1257 3078; baseline -0.001 -13"><span class='ocrx_word' id='word_1_311' title='bbox 267 3020 397 3066; x_wconf 87' lang='lat' dir='ltr'>modo</span> <span class='ocrx_word' id='word_1_312' title='bbox 413 3050 431 3075; x_wconf 86' lang='lat'>,</span> <span class='ocrx_word' id='word_1_313' title='bbox 446 3035 530 3078; x_wconf 81' lang='lat' dir='ltr'>quo</span> <span class='ocrx_word' id='word_1_314' title='bbox 547 3020 701 3065; x_wconf 65' lang='lat' dir='ltr'>dietim</span> <span class='ocrx_word' id='word_1_315' title='bbox 722 3016 778 3064; x_wconf 78' lang='lat' dir='ltr'>cll</span> <span class='ocrx_word' id='word_1_316' title='bbox 792 3045 808 3070; x_wconf 87' lang='lat'><strong>‚</strong></span> <span class='ocrx_word' id='word_1_317' title='bbox 835 3019 991 3078; x_wconf 81' lang='lat' dir='ltr'>populo</span> <span class='ocrx_word' id='word_1_318' title='bbox 1013 3020 1257 3078; x_wconf 72' lang='lat' dir='ltr'>predicare.</span> 
     </span>
     <span class='ocr_line' id='line_1_51' title="bbox 383 3078 1260 3138; baseline 0.001 -13"><span class='ocrx_word' id='word_1_319' title='bbox 383 3082 512 3138; x_wconf 79' lang='lat' dir='ltr'>Super</span> <span class='ocrx_word' id='word_1_320' title='bbox 527 3095 578 3125; x_wconf 90' lang='lat' dir='ltr'>eo</span> <span class='ocrx_word' id='word_1_321' title='bbox 592 3078 868 3137; x_wconf 83' lang='lat' dir='ltr'>autem,quod</span> <span class='ocrx_word' id='word_1_322' title='bbox 882 3079 1071 3124; x_wconf 79' lang='lat' dir='ltr'>dubitant</span> <span class='ocrx_word' id='word_1_323' title='bbox 1082 3083 1260 3135; x_wconf 75' lang='lat' dir='ltr'>Fratres,</span> 
     </span>
     <span class='ocr_line' id='line_1_52' title="bbox 264 3138 1253 3201; baseline 0.004 -18"><span class='ocrx_word' id='word_1_324' title='bbox 264 3153 315 3183; x_wconf 83' lang='lat' dir='ltr'>an</span> <span class='ocrx_word' id='word_1_325' title='bbox 331 3141 487 3184; x_wconf 80' lang='lat' dir='ltr'>vicarii</span> <span class='ocrx_word' id='word_1_326' title='bbox 506 3138 820 3188; x_wconf 74' lang='lat' dir='ltr'>Provincialium</span> <span class='ocrx_word' id='word_1_327' title='bbox 832 3138 1107 3186; x_wconf 65' lang='lat' dir='ltr'>Ministrorum</span> <span class='ocrx_word' id='word_1_328' title='bbox 1119 3171 1133 3194; x_wconf 81' lang='lat'>,</span> <span class='ocrx_word' id='word_1_329' title='bbox 1148 3154 1253 3201; x_wconf 79' lang='lat' dir='ltr'>quos</span> 
     </span>
     <span class='ocr_line' id='line_1_53' title="bbox 265 3198 1233 3256; baseline 0.002 -13"><span class='ocrx_word' id='word_1_330' title='bbox 265 3200 335 3256; x_wconf 77' lang='lat' dir='ltr'>ipsi</span> <span class='ocrx_word' id='word_1_331' title='bbox 357 3200 425 3243; x_wconf 75' lang='lat' dir='ltr'>libi</span> <span class='ocrx_word' id='word_1_332' title='bbox 446 3198 716 3253; x_wconf 78' lang='lat' dir='ltr'>substituunt,</span> <span class='ocrx_word' id='word_1_333' title='bbox 741 3213 836 3244; x_wconf 88' lang='lat' dir='ltr'>eum</span> <span class='ocrx_word' id='word_1_334' title='bbox 851 3198 902 3242; x_wconf 88' lang='lat' dir='ltr'>ad</span> <span class='ocrx_word' id='word_1_335' title='bbox 925 3202 987 3243; x_wconf 88' lang='lat' dir='ltr'>Ca</span> <span class='ocrx_word' id='word_1_336' title='bbox 1020 3200 1166 3245; x_wconf 81' lang='lat' dir='ltr'>itulum</span> <span class='ocrx_word' id='word_1_337' title='bbox 1183 3213 1233 3245; x_wconf 76' lang='lat' dir='ltr'>ve</span> 
     </span>
     <span class='ocr_line' id='line_1_54' title="bbox 262 3214 1256 3318; baseline 0.002 -15"><span class='ocrx_word' id='word_1_338' title='bbox 262 3262 384 3305; x_wconf 84' lang='lat' dir='ltr'>niunt</span> <span class='ocrx_word' id='word_1_339' title='bbox 413 3259 649 3315; x_wconf 82' lang='lat' dir='ltr'>Genetale,</span> <span class='ocrx_word' id='word_1_340' title='bbox 676 3258 816 3318; x_wconf 74' lang='lat' dir='ltr'>poilint</span> <span class='ocrx_word' id='word_1_341' title='bbox 842 3257 893 3303; x_wconf 87' lang='lat' dir='ltr'>ad</span> <span class='ocrx_word' id='word_1_342' title='bbox 914 3214 1117 3304; x_wconf 73' lang='lat' dir='ltr'>Ordinem</span> <span class='ocrx_word' id='word_1_343' title='bbox 1143 3259 1256 3305; x_wconf 85' lang='lat' dir='ltr'>reci·</span> 
     </span>
     <span class='ocr_line' id='line_1_55' title="bbox 262 3317 1254 3379; baseline 0.002 -16"><span class='ocrx_word' id='word_1_344' title='bbox 262 3333 361 3377; x_wconf 83' lang='lat' dir='ltr'>pere</span> <span class='ocrx_word' id='word_1_345' title='bbox 380 3322 620 3375; x_wconf 76' lang='lat' dir='ltr'>venientes,</span> <span class='ocrx_word' id='word_1_346' title='bbox 644 3319 712 3364; x_wconf 74' lang='lat' dir='ltr'>vel</span> <span class='ocrx_word' id='word_1_347' title='bbox 729 3318 901 3362; x_wconf 86' lang='lat' dir='ltr'>reiiccre</span> <span class='ocrx_word' id='word_1_348' title='bbox 923 3317 1004 3375; x_wconf 82' lang='lat' dir='ltr'>jam</span> <span class='ocrx_word' id='word_1_349' title='bbox 1029 3330 1219 3379; x_wconf 87' lang='lat' dir='ltr'>receptos</span> <span class='ocrx_word' id='word_1_350' title='bbox 1239 3332 1254 3365; x_wconf 78' lang='lat' dir='ltr'>t</span> 
     </span>
     <span class='ocr_line' id='line_1_56' title="bbox 261 3375 1256 3438; baseline 0.003 -16"><span class='ocrx_word' id='word_1_351' title='bbox 261 3379 437 3422; x_wconf 75' lang='lat' dir='ltr'>dicimus</span> <span class='ocrx_word' id='word_1_352' title='bbox 450 3405 464 3428; x_wconf 84' lang='lat'><strong>‚</strong></span> <span class='ocrx_word' id='word_1_353' title='bbox 488 3379 599 3438; x_wconf 71' lang='lat' dir='ltr'>quod</span> <span class='ocrx_word' id='word_1_354' title='bbox 616 3393 696 3425; x_wconf 89' lang='lat' dir='ltr'>non</span> <span class='ocrx_word' id='word_1_355' title='bbox 713 3375 893 3436; x_wconf 69' lang='lat' dir='ltr'>pritinos.</span> <span class='ocrx_word' id='word_1_356' title='bbox 908 3378 1003 3435; x_wconf 82' lang='lat' dir='ltr'>quia</span> <span class='ocrx_word' id='word_1_357' title='bbox 1020 3380 1097 3425; x_wconf 79' lang='lat' dir='ltr'>hoc</span> <span class='ocrx_word' id='word_1_358' title='bbox 1123 3394 1256 3437; x_wconf 84' lang='lat' dir='ltr'>neque</span> 
     </span>
     <span class='ocr_line' id='line_1_57' title="bbox 262 3436 1250 3496; baseline 0.003 -15"><span class='ocrx_word' id='word_1_359' title='bbox 262 3437 857 3495; x_wconf 68' lang='lat' dir='ltr'>Miniorisiplispermittitur‚</span> <span class='ocrx_word' id='word_1_360' title='bbox 885 3436 953 3481; x_wconf 76' lang='lat' dir='ltr'>nili</span> <span class='ocrx_word' id='word_1_361' title='bbox 985 3439 1042 3482; x_wconf 88' lang='lat' dir='ltr'>eis</span> <span class='ocrx_word' id='word_1_362' title='bbox 1068 3438 1250 3496; x_wconf 83' lang='lat' dir='ltr'>specialis</span> 
     </span>
     <span class='ocr_line' id='line_1_58' title="bbox 260 3494 1248 3553; baseline 0.003 -13"><span class='ocrx_word' id='word_1_363' title='bbox 260 3494 380 3553; x_wconf 80' lang='lat' dir='ltr'>snper</span> <span class='ocrx_word' id='word_1_364' title='bbox 392 3498 468 3540; x_wconf 74' lang='lat' dir='ltr'>hoc</span> <span class='ocrx_word' id='word_1_365' title='bbox 482 3497 645 3542; x_wconf 74' lang='lat' dir='ltr'>licentia</span> <span class='ocrx_word' id='word_1_366' title='bbox 656 3495 935 3542; x_wconf 75' lang='lat' dir='ltr'>concedatur:</span> <span class='ocrx_word' id='word_1_367' title='bbox 961 3498 1106 3553; x_wconf 83' lang='lat' dir='ltr'>quibus</span> <span class='ocrx_word' id='word_1_368' title='bbox 1120 3500 1248 3544; x_wconf 82' lang='lat' dir='ltr'>etiam</span> 
     </span>
     <span class='ocr_line' id='line_1_59' title="bbox 263 3555 1250 3610; baseline 0.002 -9"><span class='ocrx_word' id='word_1_369' title='bbox 263 3555 480 3601; x_wconf 72' lang='lat' dir='ltr'>Generalis</span> <span class='ocrx_word' id='word_1_370' title='bbox 495 3557 678 3601; x_wconf 70' lang='lat' dir='ltr'>Minister</span> <span class='ocrx_word' id='word_1_371' title='bbox 693 3582 708 3606; x_wconf 68' lang='lat' dir='ltr'>s</span> <span class='ocrx_word' id='word_1_372' title='bbox 722 3556 817 3601; x_wconf 74' lang='lat' dir='ltr'>ficut</span> <span class='ocrx_word' id='word_1_373' title='bbox 832 3557 1064 3602; x_wconf 82' lang='lat' dir='ltr'>concedere</span> <span class='ocrx_word' id='word_1_374' title='bbox 1076 3587 1091 3610; x_wconf 83' lang='lat'><strong>‚</strong></span> <span class='ocrx_word' id='word_1_375' title='bbox 1111 3560 1162 3603; x_wconf 77' lang='lat' dir='ltr'>iic</span> <span class='ocrx_word' id='word_1_376' title='bbox 1177 3571 1250 3603; x_wconf 86' lang='lat' dir='ltr'>ne·</span> 
     </span>
     <span class='ocr_line' id='line_1_60' title="bbox 318 3615 1246 3671; baseline 0.002 -12"><span class='ocrx_word' id='word_1_377' title='bbox 318 3615 502 3671; x_wconf 65' lang='lat' dir='ltr'>reposcit</span> <span class='ocrx_word' id='word_1_378' title='bbox 519 3615 726 3660; x_wconf 75' lang='lat' dir='ltr'>licentiam</span> <span class='ocrx_word' id='word_1_379' title='bbox 753 3615 1047 3670; x_wconf 68' lang='lat' dir='ltr'>supradictam·</span> <span class='ocrx_word' id='word_1_380' title='bbox 1073 3619 1126 3664; x_wconf 77' lang='lat' dir='ltr'>Et</span> <span class='ocrx_word' id='word_1_381' title='bbox 1151 3631 1246 3661; x_wconf 81' lang='lat' dir='ltr'>cum</span> 
     </span>
     <span class='ocr_line' id='line_1_61' title="bbox 362 3673 1248 3735; baseline 0.006 -18"><span class='ocrx_word' id='word_1_382' title='bbox 362 3673 485 3718; x_wconf 79' lang='lat' dir='ltr'>nditm</span> <span class='ocrx_word' id='word_1_383' title='bbox 526 3675 726 3730; x_wconf 73' lang='lat' dir='ltr'>Regulam</span> <span class='ocrx_word' id='word_1_384' title='bbox 756 3675 927 3721; x_wconf 76' lang='lat' dir='ltr'>cande-m</span> <span class='ocrx_word' id='word_1_385' title='bbox 963 3676 1051 3721; x_wconf 77' lang='lat' dir='ltr'>aliis</span> <span class='ocrx_word' id='word_1_386' title='bbox 1074 3706 1089 3729; x_wconf 81' lang='lat'><strong>‚</strong></span> <span class='ocrx_word' id='word_1_387' title='bbox 1125 3678 1248 3735; x_wconf 60' lang='lat' dir='ltr'>quim</span> 
     </span>
     <span class='ocr_line' id='line_1_62' title="bbox 264 3732 1250 3792; baseline 0 -13"><span class='ocrx_word' id='word_1_388' title='bbox 264 3732 461 3779; x_wconf 66' lang='lat' dir='ltr'>Mioissris</span> <span class='ocrx_word' id='word_1_389' title='bbox 495 3733 817 3779; x_wconf 75' lang='lat' dir='ltr'>Provincialilms</span> <span class='ocrx_word' id='word_1_390' title='bbox 850 3736 1037 3778; x_wconf 73' lang='lat' dir='ltr'>Fratrum</span> <span class='ocrx_word' id='word_1_391' title='bbox 1065 3737 1250 3792; x_wconf 75' lang='lat' dir='ltr'>receptio</span> 
     </span>
     <span class='ocr_line' id='line_1_63' title="bbox 261 3790 1250 3854; baseline 0.001 -17"><span class='ocrx_word' id='word_1_392' title='bbox 261 3794 562 3840; x_wconf 66' lang='lat' dir='ltr'>commutans</span> <span class='ocrx_word' id='word_1_393' title='bbox 588 3790 902 3848; x_wconf 61' lang='lat' dir='ltr'>summum&gt;</span> <span class='ocrx_word' id='word_1_394' title='bbox 916 3795 1047 3839; x_wconf 82' lang='lat' dir='ltr'>minus</span> <span class='ocrx_word' id='word_1_395' title='bbox 1076 3795 1250 3854; x_wconf 68' lang='lat' dir='ltr'>potessa-</span> 
     </span>
    </p>
   </div>
   <div class='ocr_carea' id='block_1_10' title="bbox 1326 416 2344 1959">
    <p class='ocr_par' dir='ltr' id='par_1_11' title="bbox 1349 416 1625 462">
     <span class='ocr_line' id='line_1_64' title="bbox 1349 416 1625 462; baseline 0.011 -3"><span class='ocrx_word' id='word_1_396' title='bbox 1349 416 1625 462; x_wconf 76' lang='lat' dir='ltr'>commissum.</span> 
     </span>
    </p>

    <p class='ocr_par' dir='ltr' id='par_1_12' title="bbox 1466 476 2334 533">
     <span class='ocr_line' id='line_1_65' title="bbox 1466 476 2334 533; baseline -0.003 -14"><span class='ocrx_word' id='word_1_397' title='bbox 1466 478 1635 533; x_wconf 77' lang='lat' dir='ltr'>insuper</span> <span class='ocrx_word' id='word_1_398' title='bbox 1650 478 1929 523; x_wconf 85' lang='lat' dir='ltr'>dubitantibus</span> <span class='ocrx_word' id='word_1_399' title='bbox 1946 476 2065 520; x_wconf 83' lang='lat' dir='ltr'>vobis</span> <span class='ocrx_word' id='word_1_400' title='bbox 2079 506 2093 529; x_wconf 91' lang='lat'><strong>‚</strong></span> <span class='ocrx_word' id='word_1_401' title='bbox 2111 491 2161 518; x_wconf 87' lang='lat' dir='ltr'>an</span> <span class='ocrx_word' id='word_1_402' title='bbox 2179 489 2254 533; x_wconf 86' lang='lat' dir='ltr'>pro</span> <span class='ocrx_word' id='word_1_403' title='bbox 2266 486 2334 524; x_wconf 82' lang='lat' dir='ltr'>ec,</span> 
     </span>
    </p>

    <p class='ocr_par' dir='ltr' id='par_1_13' title="bbox 1339 536 2344 1363">
     <span class='ocr_line' id='line_1_66' title="bbox 1343 536 2336 592; baseline -0.003 -15"><span class='ocrx_word' id='word_1_404' title='bbox 1343 537 1455 592; x_wconf 93' lang='lat' dir='ltr'>quod</span> <span class='ocrx_word' id='word_1_405' title='bbox 1471 537 1510 580; x_wconf 91' lang='lat' dir='ltr'>in</span> <span class='ocrx_word' id='word_1_406' title='bbox 1529 537 1691 592; x_wconf 84' lang='lat' dir='ltr'>Regula</span> <span class='ocrx_word' id='word_1_407' title='bbox 1702 540 1870 591; x_wconf 85' lang='lat' dir='ltr'>dicitur,</span> <span class='ocrx_word' id='word_1_408' title='bbox 1884 550 1927 580; x_wconf 88' lang='lat' dir='ltr'>ut</span> <span class='ocrx_word' id='word_1_409' title='bbox 1942 536 2173 580; x_wconf 86' lang='lat' dir='ltr'>decedente</span> <span class='ocrx_word' id='word_1_410' title='bbox 2194 537 2336 577; x_wconf 89' lang='lat' dir='ltr'>Gene-</span> 
     </span>
     <span class='ocr_line' id='line_1_67' title="bbox 1343 593 2340 645; baseline -0.004 -8"><span class='ocrx_word' id='word_1_411' title='bbox 1343 596 1416 638; x_wconf 88' lang='lat' dir='ltr'>rali</span> <span class='ocrx_word' id='word_1_412' title='bbox 1465 597 1651 640; x_wconf 84' lang='lat' dir='ltr'>Ministro</span> <span class='ocrx_word' id='word_1_413' title='bbox 1682 600 1703 640; x_wconf 72' lang='lat' dir='ltr'>a</span> <span class='ocrx_word' id='word_1_414' title='bbox 1741 596 2062 642; x_wconf 83' lang='lat' dir='ltr'>Provincialibus</span> <span class='ocrx_word' id='word_1_415' title='bbox 2114 593 2310 645; x_wconf 26' lang='lat' dir='ltr'>*Ministris</span> <span class='ocrx_word' id='word_1_416' title='bbox 2323 619 2340 644; x_wconf 81' lang='lat'>,</span> 
     </span>
     <span class='ocr_line' id='line_1_68' title="bbox 1346 649 2344 714; baseline -0.005 -17"><span class='ocrx_word' id='word_1_417' title='bbox 1346 656 1388 697; x_wconf 75' lang='grc' dir='ltr'>δι</span> <span class='ocrx_word' id='word_1_418' title='bbox 1416 656 1667 700; x_wconf 80' lang='lat' dir='ltr'>Custodibus</span> <span class='ocrx_word' id='word_1_419' title='bbox 1694 657 1735 699; x_wconf 91' lang='lat' dir='ltr'>in</span> <span class='ocrx_word' id='word_1_420' title='bbox 1763 657 1957 714; x_wconf 89' lang='lat' dir='ltr'>Capitulo</span> <span class='ocrx_word' id='word_1_421' title='bbox 1987 655 2243 697; x_wconf 82' lang='lat' dir='ltr'>Pentecostes</span> <span class='ocrx_word' id='word_1_422' title='bbox 2271 649 2344 693; x_wconf 85' lang='lat' dir='ltr'>fiat</span> 
     </span>
     <span class='ocr_line' id='line_1_69' title="bbox 1344 708 2343 767; baseline -0.004 -12"><span class='ocrx_word' id='word_1_423' title='bbox 1344 714 1491 756; x_wconf 71' lang='lat' dir='ltr'>electio</span> <span class='ocrx_word' id='word_1_424' title='bbox 1503 714 1737 759; x_wconf 76' lang='lat' dir='ltr'>succefloris</span> <span class='ocrx_word' id='word_1_425' title='bbox 1753 745 1769 767; x_wconf 91' lang='lat'>,</span> <span class='ocrx_word' id='word_1_426' title='bbox 1796 716 1978 760; x_wconf 71' lang='lat' dir='ltr'>omnium</span> <span class='ocrx_word' id='word_1_427' title='bbox 1991 713 2218 757; x_wconf 74' lang='lat' dir='ltr'>Custodum</span> <span class='ocrx_word' id='word_1_428' title='bbox 2232 708 2343 752; x_wconf 83' lang='lat' dir='ltr'>mul-</span> 
     </span>
     <span class='ocr_line' id='line_1_70' title="bbox 1342 770 2342 828; baseline -0.002 -14"><span class='ocrx_word' id='word_1_429' title='bbox 1342 773 1567 816; x_wconf 87' lang='lat' dir='ltr'>titudinem</span> <span class='ocrx_word' id='word_1_430' title='bbox 1579 786 1767 828; x_wconf 87' lang='lat' dir='ltr'>oporteat</span> <span class='ocrx_word' id='word_1_431' title='bbox 1782 777 1835 818; x_wconf 91' lang='lat' dir='ltr'>ad</span> <span class='ocrx_word' id='word_1_432' title='bbox 1858 773 2069 818; x_wconf 85' lang='lat' dir='ltr'>Generale</span> <span class='ocrx_word' id='word_1_433' title='bbox 2098 770 2342 827; x_wconf 87' lang='lat' dir='ltr'>Capitulum</span> 
     </span>
     <span class='ocr_line' id='line_1_71' title="bbox 1340 829 2342 884; baseline -0.005 -10"><span class='ocrx_word' id='word_1_434' title='bbox 1340 846 1417 874; x_wconf 92' lang='lat' dir='ltr'>con</span> <span class='ocrx_word' id='word_1_435' title='bbox 1427 833 1598 876; x_wconf 74' lang='lat' dir='ltr'>venire?</span> <span class='ocrx_word' id='word_1_436' title='bbox 1629 847 1701 883; x_wconf 87' lang='lat' dir='ltr'>an,</span> <span class='ocrx_word' id='word_1_437' title='bbox 1724 845 1769 877; x_wconf 89' lang='lat' dir='ltr'>ut</span> <span class='ocrx_word' id='word_1_438' title='bbox 1797 834 1934 876; x_wconf 89' lang='lat' dir='ltr'>omnia</span> <span class='ocrx_word' id='word_1_439' title='bbox 1952 834 2043 876; x_wconf 77' lang='lat' dir='ltr'>cum</span> <span class='ocrx_word' id='word_1_440' title='bbox 2063 829 2209 884; x_wconf 82' lang='lat' dir='ltr'>majori</span> <span class='ocrx_word' id='word_1_441' title='bbox 2223 839 2342 872; x_wconf 89' lang='lat' dir='ltr'>tran-</span> 
     </span>
     <span class='ocr_line' id='line_1_72' title="bbox 1343 887 2338 948; baseline -0.002 -16"><span class='ocrx_word' id='word_1_442' title='bbox 1343 891 1555 946; x_wconf 81' lang='lat' dir='ltr'>quillitate</span> <span class='ocrx_word' id='word_1_443' title='bbox 1572 894 1827 945; x_wconf 63' lang='lat' dir='ltr'>tractentur,</span> <span class='ocrx_word' id='word_1_444' title='bbox 1842 891 2023 935; x_wconf 83' lang='lat' dir='ltr'>sufficere</span> <span class='ocrx_word' id='word_1_445' title='bbox 2039 890 2156 948; x_wconf 85' lang='lat' dir='ltr'>poffit</span> <span class='ocrx_word' id='word_1_446' title='bbox 2169 917 2184 942; x_wconf 82' lang='lat'>‚</span> <span class='ocrx_word' id='word_1_447' title='bbox 2201 897 2244 930; x_wconf 90' lang='lat' dir='ltr'>ut</span> <span class='ocrx_word' id='word_1_448' title='bbox 2260 887 2338 930; x_wconf 85' lang='lat' dir='ltr'>ali-</span> 
     </span>
     <span class='ocr_line' id='line_1_73' title="bbox 1339 948 2343 1007; baseline -0.001 -17"><span class='ocrx_word' id='word_1_449' title='bbox 1339 950 1408 1006; x_wconf 91' lang='lat' dir='ltr'>qui</span> <span class='ocrx_word' id='word_1_450' title='bbox 1423 949 1476 992; x_wconf 92' lang='lat' dir='ltr'>de</span> <span class='ocrx_word' id='word_1_451' title='bbox 1488 949 1648 1006; x_wconf 80' lang='lat' dir='ltr'>(iugulis</span> <span class='ocrx_word' id='word_1_452' title='bbox 1663 952 1893 995; x_wconf 87' lang='lat' dir='ltr'>Provinciis</span> <span class='ocrx_word' id='word_1_453' title='bbox 1905 977 1921 999; x_wconf 75' lang='lat' dir='ltr'>s</span> <span class='ocrx_word' id='word_1_454' title='bbox 1943 952 2014 1007; x_wconf 91' lang='lat' dir='ltr'>qui</span> <span class='ocrx_word' id='word_1_455' title='bbox 2042 963 2189 993; x_wconf 89' lang='lat' dir='ltr'>vocem</span> <span class='ocrx_word' id='word_1_456' title='bbox 2216 948 2343 991; x_wconf 86' lang='lat' dir='ltr'>habe-</span> 
     </span>
     <span class='ocr_line' id='line_1_74' title="bbox 1340 1007 2339 1064; baseline -0.004 -12"><span class='ocrx_word' id='word_1_457' title='bbox 1340 1019 1410 1052; x_wconf 88' lang='lat' dir='ltr'>ant</span> <span class='ocrx_word' id='word_1_458' title='bbox 1426 1007 1621 1059; x_wconf 76' lang='lat' dir='ltr'>aliorum,</span> <span class='ocrx_word' id='word_1_459' title='bbox 1634 1009 1819 1051; x_wconf 87' lang='lat' dir='ltr'>interfint</span> <span class='ocrx_word' id='word_1_460' title='bbox 1834 1011 1850 1050; x_wconf 76' lang='grc' dir='ltr'><strong><em>ἓ</em></strong></span> <span class='ocrx_word' id='word_1_461' title='bbox 1864 1009 2007 1051; x_wconf 90' lang='lat' dir='ltr'>taliter</span> <span class='ocrx_word' id='word_1_462' title='bbox 2029 1007 2339 1064; x_wconf 83' lang='lat' dir='ltr'>respondemus,</span> 
     </span>
     <span class='ocr_line' id='line_1_75' title="bbox 1340 1066 2334 1123; baseline 0.001 -14"><span class='ocrx_word' id='word_1_463' title='bbox 1340 1079 1386 1113; x_wconf 90' lang='lat' dir='ltr'>ut</span> <span class='ocrx_word' id='word_1_464' title='bbox 1401 1067 1648 1123; x_wconf 81' lang='lat' dir='ltr'>lingularum</span> <span class='ocrx_word' id='word_1_465' title='bbox 1663 1068 1972 1110; x_wconf 82' lang='lat' dir='ltr'>Provinciarum</span> <span class='ocrx_word' id='word_1_466' title='bbox 1986 1066 2190 1114; x_wconf 85' lang='lat' dir='ltr'>Custodes</span> <span class='ocrx_word' id='word_1_467' title='bbox 2204 1078 2334 1110; x_wconf 84' lang='lat' dir='ltr'>unum</span> 
     </span>
     <span class='ocr_line' id='line_1_76' title="bbox 1342 1124 2338 1184; baseline -0.006 -14"><span class='ocrx_word' id='word_1_468' title='bbox 1342 1143 1391 1173; x_wconf 81' lang='lat' dir='ltr'>ex</span> <span class='ocrx_word' id='word_1_469' title='bbox 1406 1126 1446 1170; x_wconf 91' lang='lat' dir='ltr'>se</span> <span class='ocrx_word' id='word_1_470' title='bbox 1460 1126 1707 1170; x_wconf 83' lang='lat' dir='ltr'>constituant</span> <span class='ocrx_word' id='word_1_471' title='bbox 1720 1152 1736 1176; x_wconf 67' lang='lat'>2</span> <span class='ocrx_word' id='word_1_472' title='bbox 1747 1140 1868 1184; x_wconf 88' lang='lat' dir='ltr'>quem</span> <span class='ocrx_word' id='word_1_473' title='bbox 1889 1140 1984 1170; x_wconf 90' lang='lat' dir='ltr'>cum</span> <span class='ocrx_word' id='word_1_474' title='bbox 1997 1125 2067 1168; x_wconf 90' lang='lat' dir='ltr'>suo</span> <span class='ocrx_word' id='word_1_475' title='bbox 2086 1124 2338 1170; x_wconf 83' lang='lat' dir='ltr'>Provincia-</span> 
     </span>
     <span class='ocr_line' id='line_1_77' title="bbox 1343 1184 2339 1243; baseline -0.005 -11"><span class='ocrx_word' id='word_1_476' title='bbox 1343 1189 1371 1232; x_wconf 90' lang='lat' dir='ltr'>li</span> <span class='ocrx_word' id='word_1_477' title='bbox 1388 1186 1574 1231; x_wconf 84' lang='lat' dir='ltr'>Ministro</span> <span class='ocrx_word' id='word_1_478' title='bbox 1586 1200 1662 1243; x_wconf 90' lang='lat' dir='ltr'>pro</span> <span class='ocrx_word' id='word_1_479' title='bbox 1683 1185 1774 1243; x_wconf 88' lang='lat' dir='ltr'>ipfis</span> <span class='ocrx_word' id='word_1_480' title='bbox 1791 1186 1843 1230; x_wconf 88' lang='lat' dir='ltr'>ad</span> <span class='ocrx_word' id='word_1_481' title='bbox 1856 1185 2091 1242; x_wconf 84' lang='lat' dir='ltr'>Capitulum</span> <span class='ocrx_word' id='word_1_482' title='bbox 2122 1184 2308 1241; x_wconf 79' lang='lat' dir='ltr'>dirigant</span> <span class='ocrx_word' id='word_1_483' title='bbox 2322 1212 2339 1239; x_wconf 88' lang='lat'>,</span> 
     </span>
     <span class='ocr_line' id='line_1_78' title="bbox 1347 1244 2336 1303; baseline -0.005 -11"><span class='ocrx_word' id='word_1_484' title='bbox 1347 1261 1475 1292; x_wconf 84' lang='lat' dir='ltr'>voces</span> <span class='ocrx_word' id='word_1_485' title='bbox 1488 1246 1572 1289; x_wconf 83' lang='lat' dir='ltr'>suas</span> <span class='ocrx_word' id='word_1_486' title='bbox 1588 1248 1897 1290; x_wconf 89' lang='lat' dir='ltr'>committentes</span> <span class='ocrx_word' id='word_1_487' title='bbox 1923 1247 2086 1299; x_wconf 79' lang='lat' dir='ltr'>eidem3</span> <span class='ocrx_word' id='word_1_488' title='bbox 2110 1244 2219 1303; x_wconf 90' lang='lat' dir='ltr'>quod</span> <span class='ocrx_word' id='word_1_489' title='bbox 2238 1258 2336 1287; x_wconf 89' lang='lat' dir='ltr'>cum</span> 
     </span>
     <span class='ocr_line' id='line_1_79' title="bbox 1344 1305 2337 1363; baseline -0.006 -11"><span class='ocrx_word' id='word_1_490' title='bbox 1344 1309 1470 1352; x_wconf 90' lang='lat' dir='ltr'>etiam</span> <span class='ocrx_word' id='word_1_491' title='bbox 1485 1306 1780 1350; x_wconf 80' lang='lat' dir='ltr'>constitueritis</span> <span class='ocrx_word' id='word_1_492' title='bbox 1791 1321 1866 1363; x_wconf 88' lang='lat' dir='ltr'>per</span> <span class='ocrx_word' id='word_1_493' title='bbox 1881 1319 1951 1349; x_wconf 83' lang='lat' dir='ltr'>vos</span> <span class='ocrx_word' id='word_1_494' title='bbox 1978 1306 2084 1362; x_wconf 85' lang='lat' dir='ltr'>ipsos</span> <span class='ocrx_word' id='word_1_495' title='bbox 2101 1335 2115 1359; x_wconf 92' lang='lat'>,</span> <span class='ocrx_word' id='word_1_496' title='bbox 2139 1305 2337 1349; x_wconf 85' lang='lat' dir='ltr'>statutum</span> 
     </span>
    </p>

    <p class='ocr_par' dir='ltr' id='par_1_14' title="bbox 1345 1365 2148 1426">
     <span class='ocr_line' id='line_1_80' title="bbox 1345 1365 2148 1426; baseline -0.002 -14"><span class='ocrx_word' id='word_1_497' title='bbox 1345 1366 1580 1426; x_wconf 88' lang='lat' dir='ltr'>hujusmodi</span> <span class='ocrx_word' id='word_1_498' title='bbox 1601 1365 1794 1411; x_wconf 85' lang='lat' dir='ltr'>duximus</span> <span class='ocrx_word' id='word_1_499' title='bbox 1807 1365 2118 1423; x_wconf 91' lang='lat' dir='ltr'>approbandum</span> <span class='ocrx_word' id='word_1_500' title='bbox 2135 1396 2148 1410; x_wconf 87' lang='lat'><strong>.</strong></span> 
     </span>
    </p>

    <p class='ocr_par' dir='ltr' id='par_1_15' title="bbox 1326 1422 2337 1959">
     <span class='ocr_line' id='line_1_81' title="bbox 1462 1422 2337 1484; baseline -0.006 -14"><span class='ocrx_word' id='word_1_501' title='bbox 1462 1428 1678 1484; x_wconf 81' lang='lat' dir='ltr'>Denique,</span> <span class='ocrx_word' id='word_1_502' title='bbox 1702 1428 1798 1483; x_wconf 88' lang='lat' dir='ltr'>quia</span> <span class='ocrx_word' id='word_1_503' title='bbox 1821 1426 2057 1469; x_wconf 89' lang='lat' dir='ltr'>continetur</span> <span class='ocrx_word' id='word_1_504' title='bbox 2096 1426 2137 1468; x_wconf 91' lang='lat' dir='ltr'>in</span> <span class='ocrx_word' id='word_1_505' title='bbox 2174 1422 2337 1479; x_wconf 88' lang='lat' dir='ltr'>Regula</span> 
     </span>
     <span class='ocr_line' id='line_1_82' title="bbox 1340 1483 2335 1544; baseline -0.004 -14"><span class='ocrx_word' id='word_1_506' title='bbox 1340 1486 1567 1544; x_wconf 75' lang='lat' dir='ltr'>supradiaeSta</span> <span class='ocrx_word' id='word_1_507' title='bbox 1579 1514 1594 1535; x_wconf 83' lang='lat'>‚</span> <span class='ocrx_word' id='word_1_508' title='bbox 1624 1488 1734 1542; x_wconf 90' lang='lat' dir='ltr'>quod</span> <span class='ocrx_word' id='word_1_509' title='bbox 1767 1489 1931 1530; x_wconf 82' lang='lat' dir='ltr'>Fratres</span> <span class='ocrx_word' id='word_1_510' title='bbox 1946 1498 2028 1528; x_wconf 90' lang='lat' dir='ltr'>non</span> <span class='ocrx_word' id='word_1_511' title='bbox 2047 1483 2335 1542; x_wconf 86' lang='lat' dir='ltr'>ingrediantur</span> 
     </span>
     <span class='ocr_line' id='line_1_83' title="bbox 1338 1541 2337 1600; baseline -0.007 -9"><span class='ocrx_word' id='word_1_512' title='bbox 1338 1546 1380 1591; x_wconf 88' lang='lat' dir='ltr'>in</span> <span class='ocrx_word' id='word_1_513' title='bbox 1392 1546 1639 1591; x_wconf 73' lang='lat' dir='ltr'>Monasteria</span> <span class='ocrx_word' id='word_1_514' title='bbox 1657 1546 1900 1590; x_wconf 88' lang='lat' dir='ltr'>Monialium</span> <span class='ocrx_word' id='word_1_515' title='bbox 1912 1572 1927 1595; x_wconf 79' lang='lat'>,</span> <span class='ocrx_word' id='word_1_516' title='bbox 1943 1554 2089 1600; x_wconf 83' lang='lat' dir='ltr'>praeter</span> <span class='ocrx_word' id='word_1_517' title='bbox 2105 1544 2198 1586; x_wconf 88' lang='lat' dir='ltr'>illos</span> <span class='ocrx_word' id='word_1_518' title='bbox 2215 1572 2227 1594; x_wconf 85' lang='lat'>,</span> <span class='ocrx_word' id='word_1_519' title='bbox 2241 1541 2337 1599; x_wconf 84' lang='lat' dir='ltr'>qui-</span> 
     </span>
     <span class='ocr_line' id='line_1_84' title="bbox 1332 1602 2332 1662; baseline -0.008 -10"><span class='ocrx_word' id='word_1_520' title='bbox 1332 1606 1446 1652; x_wconf 72' lang='lat' dir='ltr'>busa</span> <span class='ocrx_word' id='word_1_521' title='bbox 1463 1607 1570 1651; x_wconf 82' lang='lat' dir='ltr'>Sede</span> <span class='ocrx_word' id='word_1_522' title='bbox 1599 1604 1839 1662; x_wconf 63' lang='lat' dir='ltr'>Apostolici</span> <span class='ocrx_word' id='word_1_523' title='bbox 1862 1602 2042 1648; x_wconf 82' lang='lat' dir='ltr'>conceffa</span> <span class='ocrx_word' id='word_1_524' title='bbox 2060 1602 2332 1647; x_wconf 65' lang='lat' dir='ltr'>suerit&#39;lieen-</span> 
     </span>
     <span class='ocr_line' id='line_1_85' title="bbox 1331 1660 2327 1724; baseline -0.006 -13"><span class='ocrx_word' id='word_1_525' title='bbox 1331 1667 1388 1711; x_wconf 90' lang='lat' dir='ltr'>tia</span> <span class='ocrx_word' id='word_1_526' title='bbox 1404 1666 1611 1724; x_wconf 77' lang='lat' dir='ltr'>specialis:</span> <span class='ocrx_word' id='word_1_527' title='bbox 1639 1678 1867 1723; x_wconf 85' lang='lat' dir='ltr'>quanquam</span> <span class='ocrx_word' id='word_1_528' title='bbox 1893 1666 1971 1707; x_wconf 87' lang='lat' dir='ltr'>hoc</span> <span class='ocrx_word' id='word_1_529' title='bbox 1999 1662 2052 1706; x_wconf 89' lang='lat' dir='ltr'>de</span> <span class='ocrx_word' id='word_1_530' title='bbox 2068 1660 2327 1705; x_wconf 84' lang='lat' dir='ltr'>Monasteriis</span> 
     </span>
     <span class='ocr_line' id='line_1_86' title="bbox 1329 1719 2327 1784; baseline -0.007 -13"><span class='ocrx_word' id='word_1_531' title='bbox 1329 1740 1551 1784; x_wconf 85' lang='lat' dir='ltr'>pauperum</span> <span class='ocrx_word' id='word_1_532' title='bbox 1583 1725 1827 1770; x_wconf 85' lang='lat' dir='ltr'>Monialium</span> <span class='ocrx_word' id='word_1_533' title='bbox 1858 1719 2102 1767; x_wconf 85' lang='lat' dir='ltr'>inclusarum</span> <span class='ocrx_word' id='word_1_534' title='bbox 2121 1751 2136 1775; x_wconf 89' lang='lat'>,</span> <span class='ocrx_word' id='word_1_535' title='bbox 2162 1723 2327 1766; x_wconf 81' lang='lat' dir='ltr'>Fratres</span> 
     </span>
     <span class='ocr_line' id='line_1_87' title="bbox 1329 1781 2328 1843; baseline -0.01 -11"><span class='ocrx_word' id='word_1_536' title='bbox 1329 1789 1520 1832; x_wconf 67' lang='lat' dir='ltr'>haetenus</span> <span class='ocrx_word' id='word_1_537' title='bbox 1533 1784 1849 1843; x_wconf 81' lang='lat' dir='ltr'>intelligendum</span> <span class='ocrx_word' id='word_1_538' title='bbox 1859 1782 1946 1827; x_wconf 89' lang='lat' dir='ltr'>esse</span> <span class='ocrx_word' id='word_1_539' title='bbox 1955 1781 2328 1832; x_wconf 86' lang='lat' dir='ltr'>crediderint,cum</span> 
     </span>
     <span class='ocr_line' id='line_1_88' title="bbox 1326 1839 2330 1899; baseline -0.01 -7"><span class='ocrx_word' id='word_1_540' title='bbox 1326 1861 1467 1892; x_wconf 82' lang='lat' dir='ltr'>earum</span> <span class='ocrx_word' id='word_1_541' title='bbox 1476 1847 1602 1891; x_wconf 84' lang='lat' dir='ltr'>Sedes</span> <span class='ocrx_word' id='word_1_542' title='bbox 1613 1844 1843 1899; x_wconf 77' lang='lat' dir='ltr'>Apostolica</span> <span class='ocrx_word' id='word_1_543' title='bbox 1855 1857 1997 1887; x_wconf 86' lang='lat' dir='ltr'>curam</span> <span class='ocrx_word' id='word_1_544' title='bbox 2014 1843 2159 1887; x_wconf 83' lang='lat' dir='ltr'>habeat</span> <span class='ocrx_word' id='word_1_545' title='bbox 2170 1839 2330 1896; x_wconf 61' lang='lat' dir='ltr'>specian&#39;</span> 
     </span>
     <span class='ocr_line' id='line_1_89' title="bbox 1336 1900 2335 1959; baseline -0.01 -8"><span class='ocrx_word' id='word_1_546' title='bbox 1336 1907 1478 1955; x_wconf 70' lang='lat' dir='ltr'>lem,&amp;</span> <span class='ocrx_word' id='word_1_547' title='bbox 1491 1905 1725 1951; x_wconf 69' lang='lat' dir='ltr'>intelleetus</span> <span class='ocrx_word' id='word_1_548' title='bbox 1741 1901 1968 1959; x_wconf 84' lang='lat' dir='ltr'>hujusmodi</span> <span class='ocrx_word' id='word_1_549' title='bbox 1982 1915 2054 1957; x_wconf 89' lang='lat' dir='ltr'>per</span> <span class='ocrx_word' id='word_1_550' title='bbox 2068 1900 2335 1944; x_wconf 79' lang='lat' dir='ltr'>constitutio·</span> 
     </span>
    </p>
   </div>
   <div class='ocr_carea' id='block_1_11' title="bbox 1336 1958 2333 2072">
    <p class='ocr_par' dir='ltr' id='par_1_16' title="bbox 1336 1958 2333 2072">
     <span class='ocr_line' id='line_1_90' title="bbox 1337 1958 2333 2024; baseline -0.016 -11"><span class='ocrx_word' id='word_1_551' title='bbox 1337 1983 1430 2012; x_wconf 88' lang='lat' dir='ltr'>nem</span> <span class='ocrx_word' id='word_1_552' title='bbox 1446 1967 1650 2022; x_wconf 86' lang='lat' dir='ltr'>quandam</span> <span class='ocrx_word' id='word_1_553' title='bbox 1666 1976 1856 2016; x_wconf 88' lang='lat' dir='ltr'>tempore</span> <span class='ocrx_word' id='word_1_554' title='bbox 1880 1962 1983 2003; x_wconf 84' lang='lat' dir='ltr'>datae</span> <span class='ocrx_word' id='word_1_555' title='bbox 1998 1960 2169 2014; x_wconf 82' lang='lat' dir='ltr'>Regulae</span> <span class='ocrx_word' id='word_1_556' title='bbox 2185 1958 2333 2024; x_wconf 69' lang='lat' dir='ltr'>viven-</span> 
     </span>
     <span class='ocr_line' id='line_1_91' title="bbox 1336 2016 2332 2072; baseline -0.01 -6"><span class='ocrx_word' id='word_1_557' title='bbox 1336 2037 1381 2066; x_wconf 83' lang='lat' dir='ltr'>te</span> <span class='ocrx_word' id='word_1_558' title='bbox 1394 2026 1529 2063; x_wconf 76' lang='lat' dir='ltr'>adhuc</span> <span class='ocrx_word' id='word_1_559' title='bbox 1542 2020 1807 2062; x_wconf 77' lang='lat' dir='ltr'>ts·1²raneisco</span> <span class='ocrx_word' id='word_1_560' title='bbox 1819 2029 1894 2072; x_wconf 89' lang='lat' dir='ltr'>per</span> <span class='ocrx_word' id='word_1_561' title='bbox 1904 2016 2185 2060; x_wconf 68' lang='lat' dir='ltr'>provinciales</span> <span class='ocrx_word' id='word_1_562' title='bbox 2202 2017 2332 2059; x_wconf 81' lang='lat' dir='ltr'>Mini-</span> 
     </span>
    </p>
   </div>
   <div class='ocr_carea' id='block_1_12' title="bbox 1334 2071 2329 2131">
    <p class='ocr_par' dir='ltr' id='par_1_17' title="bbox 1334 2071 2329 2131">
     <span class='ocr_line' id='line_1_92' title="bbox 1334 2071 2329 2131; baseline -0.003 -9"><span class='ocrx_word' id='word_1_563' title='bbox 1334 2079 1439 2123; x_wconf 79' lang='lat' dir='ltr'>ssros</span> <span class='ocrx_word' id='word_1_564' title='bbox 1458 2075 1580 2121; x_wconf 86' lang='lat' dir='ltr'>fuisse</span> <span class='ocrx_word' id='word_1_565' title='bbox 1605 2076 1801 2120; x_wconf 84' lang='lat' dir='ltr'>credatur</span> <span class='ocrx_word' id='word_1_566' title='bbox 1826 2075 1868 2117; x_wconf 92' lang='lat' dir='ltr'>in</span> <span class='ocrx_word' id='word_1_567' title='bbox 1899 2072 2096 2118; x_wconf 86' lang='lat' dir='ltr'>Generali</span> <span class='ocrx_word' id='word_1_568' title='bbox 2126 2071 2329 2131; x_wconf 84' lang='lat' dir='ltr'>Capitulo</span> 
     </span>
    </p>
   </div>
   <div class='ocr_carea' id='block_1_13' title="bbox 1300 2127 2332 2187">
    <p class='ocr_par' dir='ltr' id='par_1_18' title="bbox 1300 2127 2332 2187">
     <span class='ocr_line' id='line_1_93' title="bbox 1300 2127 2332 2187; baseline -0.003 -15"><span class='ocrx_word' id='word_1_569' title='bbox 1300 2136 1302 2138; x_wconf 83' lang='lat'>&#39;</span> <span class='ocrx_word' id='word_1_570' title='bbox 1333 2132 1575 2173; x_wconf 80' lang='lat' dir='ltr'>declaratus</span> <span class='ocrx_word' id='word_1_571' title='bbox 1594 2156 1611 2181; x_wconf 92' lang='lat'>,</span> <span class='ocrx_word' id='word_1_572' title='bbox 1639 2127 1856 2172; x_wconf 76' lang='lat' dir='ltr'>certificari</span> <span class='ocrx_word' id='word_1_573' title='bbox 1882 2128 2152 2173; x_wconf 72' lang='lat' dir='ltr'>nihilominus</span> <span class='ocrx_word' id='word_1_574' title='bbox 2191 2130 2332 2187; x_wconf 77' lang='lat' dir='ltr'>postu..</span> 
     </span>
    </p>
   </div>
   <div class='ocr_carea' id='block_1_14' title="bbox 1330 2184 2327 2365">
    <p class='ocr_par' dir='ltr' id='par_1_19' title="bbox 1330 2184 2327 2365">
     <span class='ocr_line' id='line_1_94' title="bbox 1334 2184 2327 2243; baseline -0.001 -10"><span class='ocrx_word' id='word_1_575' title='bbox 1334 2187 1528 2238; x_wconf 61' lang='lat' dir='ltr'>tamtan</span> <span class='ocrx_word' id='word_1_576' title='bbox 1546 2186 1626 2229; x_wconf 78' lang='lat' dir='ltr'>hoc</span> <span class='ocrx_word' id='word_1_577' title='bbox 1649 2184 1706 2230; x_wconf 90' lang='lat' dir='ltr'>dc</span> <span class='ocrx_word' id='word_1_578' title='bbox 1730 2185 1925 2231; x_wconf 85' lang='lat' dir='ltr'>omnibus</span> <span class='ocrx_word' id='word_1_579' title='bbox 1941 2187 2215 2243; x_wconf 76' lang='lat' dir='ltr'>generaliter,</span> <span class='ocrx_word' id='word_1_580' title='bbox 2229 2201 2327 2235; x_wconf 83' lang='lat' dir='ltr'>eum</span> 
     </span>
     <span class='ocr_line' id='line_1_95' title="bbox 1335 2245 2327 2304; baseline 0 -13"><span class='ocrx_word' id='word_1_581' title='bbox 1335 2247 1497 2304; x_wconf 84' lang='lat' dir='ltr'>Regula</span> <span class='ocrx_word' id='word_1_582' title='bbox 1520 2245 1681 2291; x_wconf 85' lang='lat' dir='ltr'>nullum</span> <span class='ocrx_word' id='word_1_583' title='bbox 1695 2245 1896 2302; x_wconf 79' lang='lat' dir='ltr'>excipiat,</span> <span class='ocrx_word' id='word_1_584' title='bbox 1931 2258 1979 2289; x_wconf 91' lang='lat' dir='ltr'>an</span> <span class='ocrx_word' id='word_1_585' title='bbox 1993 2246 2047 2292; x_wconf 91' lang='lat' dir='ltr'>de</span> <span class='ocrx_word' id='word_1_586' title='bbox 2059 2246 2153 2291; x_wconf 89' lang='lat' dir='ltr'>solis</span> <span class='ocrx_word' id='word_1_587' title='bbox 2180 2250 2327 2294; x_wconf 84' lang='lat' dir='ltr'>Mona-</span> 
     </span>
     <span class='ocr_line' id='line_1_96' title="bbox 1330 2304 2325 2365; baseline 0.001 -13"><span class='ocrx_word' id='word_1_588' title='bbox 1330 2306 1460 2352; x_wconf 81' lang='lat' dir='ltr'>lleriis</span> <span class='ocrx_word' id='word_1_589' title='bbox 1479 2306 1723 2351; x_wconf 85' lang='lat' dir='ltr'>Monialium</span> <span class='ocrx_word' id='word_1_590' title='bbox 1738 2304 2022 2363; x_wconf 68' lang='lat' dir='ltr'>predi-flatum</span> <span class='ocrx_word' id='word_1_591' title='bbox 2045 2305 2223 2365; x_wconf 90' lang='lat' dir='ltr'>intelligi</span> <span class='ocrx_word' id='word_1_592' title='bbox 2248 2307 2325 2353; x_wconf 89' lang='lat' dir='ltr'>de-</span> 
     </span>
    </p>
   </div>
   <div class='ocr_carea' id='block_1_15' title="bbox 1307 2363 2323 2424">
    <p class='ocr_par' dir='ltr' id='par_1_20' title="bbox 1307 2363 2323 2424">
     <span class='ocr_line' id='line_1_97' title="bbox 1307 2363 2323 2424; baseline 0 -13"><span class='ocrx_word' id='word_1_593' title='bbox 1307 2368 1549 2412; x_wconf 68' lang='lat' dir='ltr'>‘beatiNos</span> <span class='ocrx_word' id='word_1_594' title='bbox 1567 2366 1710 2424; x_wconf 87' lang='lat' dir='ltr'>utique</span> <span class='ocrx_word' id='word_1_595' title='bbox 1731 2364 1982 2423; x_wconf 85' lang='lat' dir='ltr'>generaliter</span> <span class='ocrx_word' id='word_1_596' title='bbox 1995 2365 2037 2411; x_wconf 90' lang='lat' dir='ltr'>id</span> <span class='ocrx_word' id='word_1_597' title='bbox 2064 2363 2150 2411; x_wconf 89' lang='lat' dir='ltr'>esse</span> <span class='ocrx_word' id='word_1_598' title='bbox 2180 2367 2323 2424; x_wconf 86' lang='lat' dir='ltr'>prohi-</span> 
     </span>
    </p>
   </div>
   <div class='ocr_carea' id='block_1_16' title="bbox 1317 2425 2319 3257">
    <p class='ocr_par' dir='ltr' id='par_1_21' title="bbox 1317 2425 2319 3257">
     <span class='ocr_line' id='line_1_98' title="bbox 1327 2425 2319 2484; baseline 0 -13"><span class='ocrx_word' id='word_1_599' title='bbox 1327 2427 1458 2472; x_wconf 89' lang='lat' dir='ltr'>bitum</span> <span class='ocrx_word' id='word_1_600' title='bbox 1471 2426 1527 2471; x_wconf 90' lang='lat' dir='ltr'>de</span> <span class='ocrx_word' id='word_1_601' title='bbox 1551 2425 1827 2484; x_wconf 85' lang='lat' dir='ltr'>quarumlibet</span> <span class='ocrx_word' id='word_1_602' title='bbox 1855 2425 2054 2470; x_wconf 80' lang='lat' dir='ltr'>coenobiis</span> <span class='ocrx_word' id='word_1_603' title='bbox 2079 2427 2319 2472; x_wconf 85' lang='lat' dir='ltr'>monialium</span> 
     </span>
     <span class='ocr_line' id='line_1_99' title="bbox 1327 2483 2318 2544; baseline -0.002 -12"><span class='ocrx_word' id='word_1_604' title='bbox 1327 2486 1649 2544; x_wconf 86' lang='lat' dir='ltr'>respondemus,</span> <span class='ocrx_word' id='word_1_605' title='bbox 1675 2487 1718 2530; x_wconf 76' lang='grc' dir='ltr'>δι</span> <span class='ocrx_word' id='word_1_606' title='bbox 1743 2483 1908 2527; x_wconf 90' lang='lat' dir='ltr'>nomine</span> <span class='ocrx_word' id='word_1_607' title='bbox 1935 2483 2169 2529; x_wconf 82' lang='lat' dir='ltr'>Monasterii</span> <span class='ocrx_word' id='word_1_608' title='bbox 2196 2484 2318 2530; x_wconf 75' lang='lat' dir='ltr'>volu·</span> 
     </span>
     <span class='ocr_line' id='line_1_100' title="bbox 1325 2542 2316 2600; baseline -0.001 -9"><span class='ocrx_word' id='word_1_609' title='bbox 1325 2560 1414 2591; x_wconf 86' lang='lat' dir='ltr'>mus</span> <span class='ocrx_word' id='word_1_610' title='bbox 1440 2544 1659 2591; x_wconf 75' lang='lat' dir='ltr'>claustrum</span> <span class='ocrx_word' id='word_1_611' title='bbox 1685 2573 1700 2599; x_wconf 85' lang='lat'>,</span> <span class='ocrx_word' id='word_1_612' title='bbox 1726 2543 1873 2587; x_wconf 88' lang='lat' dir='ltr'>domos</span> <span class='ocrx_word' id='word_1_613' title='bbox 1890 2572 1906 2597; x_wconf 92' lang='lat'>,</span> <span class='ocrx_word' id='word_1_614' title='bbox 1930 2544 1972 2587; x_wconf 78' lang='grc' dir='ltr'>δι</span> <span class='ocrx_word' id='word_1_615' title='bbox 1996 2542 2178 2600; x_wconf 70' lang='lat' dir='ltr'>officinas</span> <span class='ocrx_word' id='word_1_616' title='bbox 2209 2548 2316 2590; x_wconf 85' lang='lat' dir='ltr'>inte·</span> 
     </span>
     <span class='ocr_line' id='line_1_101' title="bbox 1326 2602 2318 2664; baseline -0.001 -13"><span class='ocrx_word' id='word_1_617' title='bbox 1326 2607 1456 2652; x_wconf 76' lang='lat' dir='ltr'>riores</span> <span class='ocrx_word' id='word_1_618' title='bbox 1469 2605 1676 2664; x_wconf 73' lang='lat' dir='ltr'>intelligis</span> <span class='ocrx_word' id='word_1_619' title='bbox 1699 2618 1776 2661; x_wconf 86' lang='lat' dir='ltr'>pro</span> <span class='ocrx_word' id='word_1_620' title='bbox 1789 2602 1962 2661; x_wconf 88' lang='lat' dir='ltr'>eoquod</span> <span class='ocrx_word' id='word_1_621' title='bbox 1978 2602 2028 2646; x_wconf 88' lang='lat' dir='ltr'>ad</span> <span class='ocrx_word' id='word_1_622' title='bbox 2048 2602 2123 2646; x_wconf 79' lang='lat' dir='ltr'>alia</span> <span class='ocrx_word' id='word_1_623' title='bbox 2138 2603 2318 2660; x_wconf 86' lang='lat' dir='ltr'>loca,ubi</span> 
     </span>
     <span class='ocr_line' id='line_1_102' title="bbox 1325 2662 2316 2723; baseline -0.004 -12"><span class='ocrx_word' id='word_1_624' title='bbox 1325 2666 1451 2712; x_wconf 87' lang='lat' dir='ltr'>ctiam</span> <span class='ocrx_word' id='word_1_625' title='bbox 1484 2665 1666 2709; x_wconf 82' lang='lat' dir='ltr'>homines</span> <span class='ocrx_word' id='word_1_626' title='bbox 1692 2665 1894 2709; x_wconf 83' lang='lat' dir='ltr'>seculares</span> <span class='ocrx_word' id='word_1_627' title='bbox 1920 2662 2198 2716; x_wconf 76' lang='lat' dir='ltr'>conveniunt,</span> <span class='ocrx_word' id='word_1_628' title='bbox 2224 2664 2316 2723; x_wconf 82' lang='lat' dir='ltr'>pos·</span> 
     </span>
     <span class='ocr_line' id='line_1_103' title="bbox 1325 2722 2315 2779; baseline 0.001 -10"><span class='ocrx_word' id='word_1_629' title='bbox 1325 2724 1416 2771; x_wconf 89' lang='lat' dir='ltr'>sunt</span> <span class='ocrx_word' id='word_1_630' title='bbox 1450 2723 1511 2769; x_wconf 90' lang='lat' dir='ltr'>illi</span> <span class='ocrx_word' id='word_1_631' title='bbox 1545 2728 1705 2771; x_wconf 74' lang='lat' dir='ltr'>Fratres</span> <span class='ocrx_word' id='word_1_632' title='bbox 1731 2723 1846 2768; x_wconf 82' lang='lat' dir='ltr'>causa</span> <span class='ocrx_word' id='word_1_633' title='bbox 1878 2722 2178 2779; x_wconf 71' lang='lat' dir='ltr'>predicationis</span> <span class='ocrx_word' id='word_1_634' title='bbox 2204 2754 2221 2779; x_wconf 87' lang='lat'>,</span> <span class='ocrx_word' id='word_1_635' title='bbox 2249 2723 2315 2770; x_wconf 79' lang='lat' dir='ltr'>vel</span> 
     </span>
     <span class='ocr_line' id='line_1_104' title="bbox 1321 2782 2315 2842; baseline -0.003 -11"><span class='ocrx_word' id='word_1_636' title='bbox 1321 2782 1589 2841; x_wconf 71' lang='lat' dir='ltr'>eleemosyn·</span> <span class='ocrx_word' id='word_1_637' title='bbox 1604 2782 1786 2842; x_wconf 65' lang='lat' dir='ltr'>petenda</span> <span class='ocrx_word' id='word_1_638' title='bbox 1800 2782 1996 2827; x_wconf 84' lang='lat' dir='ltr'>accedere</span> <span class='ocrx_word' id='word_1_639' title='bbox 2012 2783 2191 2840; x_wconf 87' lang='lat' dir='ltr'>,quibus</span> <span class='ocrx_word' id='word_1_640' title='bbox 2221 2784 2263 2828; x_wconf 90' lang='lat' dir='ltr'>id</span> <span class='ocrx_word' id='word_1_641' title='bbox 2291 2782 2315 2828; x_wconf 63' lang='lat' dir='ltr'>a</span> 
     </span>
     <span class='ocr_line' id='line_1_105' title="bbox 1319 2842 2315 2901; baseline -0.004 -9"><span class='ocrx_word' id='word_1_642' title='bbox 1319 2844 1607 2900; x_wconf 77' lang='lat' dir='ltr'>Superioribus</span> <span class='ocrx_word' id='word_1_643' title='bbox 1622 2843 1699 2889; x_wconf 88' lang='lat' dir='ltr'>suis</span> <span class='ocrx_word' id='word_1_644' title='bbox 1714 2858 1791 2901; x_wconf 87' lang='lat' dir='ltr'>pro</span> <span class='ocrx_word' id='word_1_645' title='bbox 1806 2843 1874 2888; x_wconf 89' lang='lat' dir='ltr'>sua</span> <span class='ocrx_word' id='word_1_646' title='bbox 1889 2842 2124 2888; x_wconf 85' lang='lat' dir='ltr'>maturitate</span> <span class='ocrx_word' id='word_1_647' title='bbox 2137 2842 2205 2887; x_wconf 78' lang='lat' dir='ltr'>vel</span> <span class='ocrx_word' id='word_1_648' title='bbox 2224 2844 2315 2888; x_wconf 89' lang='lat' dir='ltr'>ido-</span> 
     </span>
     <span class='ocr_line' id='line_1_106' title="bbox 1317 2901 2309 2960; baseline -0.001 -10"><span class='ocrx_word' id='word_1_649' title='bbox 1317 2905 1472 2950; x_wconf 85' lang='lat' dir='ltr'>neitate</span> <span class='ocrx_word' id='word_1_650' title='bbox 1500 2901 1620 2949; x_wconf 80' lang='lat' dir='ltr'>suerit</span> <span class='ocrx_word' id='word_1_651' title='bbox 1640 2901 1904 2955; x_wconf 78' lang='lat' dir='ltr'>concessum,</span> <span class='ocrx_word' id='word_1_652' title='bbox 1935 2903 2117 2960; x_wconf 85' lang='lat' dir='ltr'>exceptis</span> <span class='ocrx_word' id='word_1_653' title='bbox 2146 2901 2309 2960; x_wconf 81' lang='lat' dir='ltr'>semper</span> 
     </span>
     <span class='ocr_line' id='line_1_107' title="bbox 1358 2961 2311 3009; baseline 0 -2"><span class='ocrx_word' id='word_1_654' title='bbox 1358 2964 1614 3009; x_wconf 68' lang='lat' dir='ltr'>rediflorum</span> <span class='ocrx_word' id='word_1_655' title='bbox 1675 2962 2017 3009; x_wconf 79' lang='lat' dir='ltr'>Monaneriorum</span> <span class='ocrx_word' id='word_1_656' title='bbox 2068 2961 2311 3007; x_wconf 81' lang='lat' dir='ltr'>inclusarum</span> 
     </span>
     <span class='ocr_line' id='line_1_108' title="bbox 1340 3018 2311 3081; baseline 0 -13"><span class='ocrx_word' id='word_1_657' title='bbox 1340 3024 1440 3068; x_wconf 82' lang='lat' dir='ltr'>ocis:</span> <span class='ocrx_word' id='word_1_658' title='bbox 1467 3024 1517 3067; x_wconf 86' lang='lat' dir='ltr'>ad</span> <span class='ocrx_word' id='word_1_659' title='bbox 1534 3038 1624 3081; x_wconf 68' lang='lat' dir='ltr'>que</span> <span class='ocrx_word' id='word_1_660' title='bbox 1639 3023 1738 3068; x_wconf 85' lang='lat' dir='ltr'>nulli</span> <span class='ocrx_word' id='word_1_661' title='bbox 1755 3022 1879 3066; x_wconf 86' lang='lat' dir='ltr'>datur</span> <span class='ocrx_word' id='word_1_662' title='bbox 1896 3022 2121 3067; x_wconf 85' lang='lat' dir='ltr'>accedendi</span> <span class='ocrx_word' id='word_1_663' title='bbox 2138 3018 2311 3068; x_wconf 81' lang='lat' dir='ltr'>facultas</span> 
     </span>
     <span class='ocr_line' id='line_1_109' title="bbox 1322 3079 2215 3138; baseline -0.003 -10"><span class='ocrx_word' id='word_1_664' title='bbox 1322 3082 1402 3128; x_wconf 70' lang='lat' dir='ltr'>line</span> <span class='ocrx_word' id='word_1_665' title='bbox 1421 3083 1596 3129; x_wconf 68' lang='lat' dir='ltr'>licentul</span> <span class='ocrx_word' id='word_1_666' title='bbox 1613 3082 1727 3128; x_wconf 67' lang='lat' dir='ltr'>sedis</span> <span class='ocrx_word' id='word_1_667' title='bbox 1756 3079 1999 3138; x_wconf 76' lang='lat' dir='ltr'>Apostolica:</span> <span class='ocrx_word' id='word_1_668' title='bbox 2027 3080 2215 3137; x_wconf 79' lang='lat' dir='ltr'>speciali.</span> 
     </span>
     <span class='ocr_line' id='line_1_110' title="bbox 1440 3139 2301 3199; baseline -0.002 -11"><span class='ocrx_word' id='word_1_669' title='bbox 1440 3146 1592 3188; x_wconf 68' lang='lat' dir='ltr'>Datum</span> <span class='ocrx_word' id='word_1_670' title='bbox 1608 3139 1796 3199; x_wconf 71' lang='lat' dir='ltr'>Anagnioe</span> <span class='ocrx_word' id='word_1_671' title='bbox 1808 3147 1960 3198; x_wconf 82' lang='lat' dir='ltr'>quarto</span> <span class='ocrx_word' id='word_1_672' title='bbox 1988 3139 2081 3184; x_wconf 82' lang='lat' dir='ltr'>Kal:</span> <span class='ocrx_word' id='word_1_673' title='bbox 2109 3141 2301 3186; x_wconf 65' lang='lat' dir='ltr'>OEobris</span> 
     </span>
     <span class='ocr_line' id='line_1_111' title="bbox 1325 3200 2069 3257; baseline -0.008 -10"><span class='ocrx_word' id='word_1_674' title='bbox 1325 3200 1591 3249; x_wconf 73' lang='lat' dir='ltr'>Pontificatiis</span> <span class='ocrx_word' id='word_1_675' title='bbox 1606 3202 1729 3247; x_wconf 74' lang='lat' dir='ltr'>nostri</span> <span class='ocrx_word' id='word_1_676' title='bbox 1755 3201 1878 3245; x_wconf 77' lang='lat' dir='ltr'>Anno</span> <span class='ocrx_word' id='word_1_677' title='bbox 1893 3208 2041 3257; x_wconf 86' lang='lat' dir='ltr'>quarto</span> <span class='ocrx_word' id='word_1_678' title='bbox 2056 3229 2069 3242; x_wconf 91' lang='lat'><strong>.</strong></span> 
     </span>
    </p>
   </div>
   <div class='ocr_carea' id='block_1_17' title="bbox 1378 3314 2301 3420">
    <p class='ocr_par' dir='ltr' id='par_1_22' title="bbox 1378 3314 2301 3420">
     <span class='ocr_line' id='line_1_112' title="bbox 1378 3314 2301 3420; baseline -0.01 -53"><span class='ocrx_word' id='word_1_679' title='bbox 1378 3324 1438 3367; x_wconf 73' lang='lat' dir='ltr'>Ba·</span> <span class='ocrx_word' id='word_1_680' title='bbox 1466 3321 1646 3365; x_wconf 72' lang='lat' dir='ltr'>anum·</span> <span class='ocrx_word' id='word_1_681' title='bbox 1674 3321 1844 3363; x_wconf 64' lang='lat' dir='ltr'>Romano</span> <span class='ocrx_word' id='word_1_682' title='bbox 1856 3327 1951 3362; x_wconf 79' lang='lat' dir='ltr'>roas.</span> <span class='ocrx_word' id='word_1_683' title='bbox 1959 3331 2020 3420; x_wconf 37' lang='grc' dir='ltr'>ὧν</span> <span class='ocrx_word' id='word_1_684' title='bbox 2025 3324 2073 3375; x_wconf 80' lang='lat' dir='ltr'>p.</span> <span class='ocrx_word' id='word_1_685' title='bbox 2085 3330 2115 3360; x_wconf 87' lang='lat' dir='ltr'>t.</span> <span class='ocrx_word' id='word_1_686' title='bbox 2122 3314 2259 3373; x_wconf 78' lang='lat' dir='ltr'><em>f01.26</em></span> <span class='ocrx_word' id='word_1_687' title='bbox 2263 3331 2301 3375; x_wconf 86' lang='lat'>3.</span> 
     </span>
    </p>
   </div>
   <div class='ocr_carea' id='block_1_18' title="bbox 1430 3375 2303 3498">
    <p class='ocr_par' dir='ltr' id='par_1_23' title="bbox 1430 3375 2303 3498">
     <span class='ocr_line' id='line_1_113' title="bbox 1430 3375 2250 3437; baseline -0.009 -12"><span class='ocrx_word' id='word_1_688' title='bbox 1430 3380 1653 3437; x_wconf 70' lang='lat' dir='ltr'>Wadde&#39;ugs</span> <span class='ocrx_word' id='word_1_689' title='bbox 1665 3390 1757 3423; x_wconf 77' lang='lat' dir='ltr'>eous.</span> <span class='ocrx_word' id='word_1_690' title='bbox 1778 3389 1815 3420; x_wconf 81' lang='lat' dir='ltr'>a.</span> <span class='ocrx_word' id='word_1_691' title='bbox 1838 3382 1957 3423; x_wconf 79' lang='lat' dir='ltr'>Anna</span> <span class='ocrx_word' id='word_1_692' title='bbox 2022 3375 2250 3436; x_wconf 49' lang='lat' dir='ltr'>aschan.</span> 
     </span>
     <span class='ocr_line' id='line_1_114' title="bbox 1430 3435 2303 3498; baseline -0.011 -12"><span class='ocrx_word' id='word_1_693' title='bbox 1430 3438 1893 3498; x_wconf 60' lang='lat' dir='ltr'>miris-comdentem</span> <span class='ocrx_word' id='word_1_694' title='bbox 1907 3435 2156 3482; x_wconf 60' lang='grc' dir='ltr'>Μινώιον.</span> <span class='ocrx_word' id='word_1_695' title='bbox 2164 3435 2247 3498; x_wconf 70' lang='lat' dir='ltr'>fil.</span> <span class='ocrx_word' id='word_1_696' title='bbox 2263 3435 2303 3477; x_wconf 90' lang='lat'>8.</span> 
     </span>
    </p>
   </div>
   <div class='ocr_carea' id='block_1_19' title="bbox 2100 3851 2286 3896">
    <p class='ocr_par' dir='ltr' id='par_1_24' title="bbox 2100 3851 2286 3896">
     <span class='ocr_line' id='line_1_115' title="bbox 2100 3851 2286 3896; baseline -0.011 0"><span class='ocrx_word' id='word_1_697' title='bbox 2100 3851 2246 3896; x_wconf 58' lang='lat' dir='ltr'>&amp;An-</span> <span class='ocrx_word' id='word_1_698' title='bbox 2278 3882 2286 3894; x_wconf 90' lang='lat'><strong>.</strong></span> 
     </span>
    </p>
   </div>
  </div>
 </body>
</html>
