2444 4192
671 230 836 318 Sub
894 236 1214 344 Joanne
1273 240 1467 324 XX
1482 241 1522 320 I
1540 242 1598 322 I.

1976 277 2122 354 ¹03

175 398 279 440 'rum
295 392 379 441 est,
407 388 488 446 jam
516 401 595 432 non
612 388 719 433 estin
732 401 871 431 rerum
897 401 1068 444 natura,
1093 390 1161 434 sed
1221 389 1340 445 ipsius
1354 389 1668 444 consumptione
1690 388 1769 431 effe
1797 391 1931 435 valeat
1955 397 2044 438 usus
2067 403 2185 447 talis:

190 457 231 499 in
247 450 442 495 memoria
460 448 524 492 vel
541 449 858 504 apprehensione
885 452 1043 494 tantum
1068 451 1127 493 est
1145 463 1161 493 ε

183 521 310 569 quare
324 535 339 559 ‚
371 509 440 551 nifi
480 519 606 563 prout
638 509 678 551 in
694 510 885 550 memoria
899 535 916 558 ,
933 510 995 551 vel
1011 524 1157 565 appre-

180 569 372 614 heniione
408 566 569 612 tantum
594 567 677 617 est,
703 566 845 608 haberi
867 579 1156 625 nequaquam-a

181 627 334 686 potest.
368 626 498 686 Qod
516 638 651 670 autem
681 625 723 667 in
748 623 929 681 praesenti
956 624 1031 678 fit,
1061 640 1151 668 mo-

179 696 437 731 mentaneum
481 686 548 729 vel
590 685 878 728 instantaneum
905 685 988 728 est:
1019 686 1151 747 Qod

177 746 320 802 utique
337 746 466 802 magis
487 744 699 789 intellectu
712 743 835 800 quim
851 741 963 786 sensu
995 745 1150 802 percipi

173 804 335 862 potest:
362 803 470 848 unde
500 817 572 847 nec
599 803 733 860 potest
763 803 902 846 haberi
933 816 1153 861 protunc,

172 861 246 915 nifi
268 876 346 920 pro
358 872 571 908 momento
595 862 669 907 illo
696 860 941 906 stuinitanti
958 893 972 915 ,
998 865 1037 907 in
1063 877 1148 919 quo

103 928 110 938 ·
172 935 267 965 eum
280 920 354 974 fit,
380 922 512 979 potest
527 920 752 965 diciactum
775 921 865 979 post
878 926 1010 967 aetum
1036 937 1147 966 com-

170 980 330 1037 pletum
346 993 360 1022 :
394 979 491 1023 licet
517 980 543 1022 fi
560 994 611 1025 ex
635 979 741 1025 facto
765 982 850 1038 ipso
875 981 1071 1039 producta
1089 996 1150 1025 res

166 1038 301 1095 aliqua
316 1036 438 1083 fuerit
456 1065 470 1091 ‚
483 1053 547 1083 res
562 1040 643 1098 ipsa
656 1041 791 1098 aliqua
807 1039 907 1085 fasta
932 1041 1071 1085 haberi
1085 1055 1151 1085 va·

165 1094 276 1156 leat:
298 1097 446 1142 fastum
459 1108 596 1143 tamen
613 1099 738 1156 ipsum
754 1126 772 1153 ,
800 1101 911 1156 quod
941 1102 1016 1157 jam
1034 1112 1143 1144 tran·

165 1158 258 1206 fiir,
281 1157 357 1202 nifi
388 1156 430 1201 in
449 1159 682 1218 memoria(
702 1169 825 1217 prout
854 1160 970 1218 supra
990 1160 1143 1204 dietum

164 1217 257 1276 est)
284 1229 375 1260 non
395 1218 570 1260 habetur
585 1246 598 1260 .

281 1277 504 1325 Praeterea,
531 1277 558 1318 fl
583 1275 746 1334 simplex
779 1278 869 1320 usus
895 1278 1146 1336 abstinejure

162 1334 305 1381 utendi
318 1334 459 1377 haberi
475 1334 591 1390 poffit
607 1338 658 1380 ab
673 1337 831 1393 aliquo,
850 1338 1139 1396 constat‚quod

163 1407 244 1439 uon
259 1393 387 1453 julius
400 1391 497 1436 elset
512 1397 623 1440 aetus
651 1397 791 1439 utendi
818 1396 1045 1453 hujusmodi
1073 1412 1142 1441 re·

162 1452 502 1512 putanduucum
516 1454 588 1499 ille
605 1455 694 1498 usus
707 1453 835 1501 fuerit
850 1484 867 1507 ,
889 1456 1030 1512 cuijus
1058 1472 1138 1500 non

163 1513 420 1570 competebat
437 1512 598 1557 utendi:
615 1514 707 1558 talis
722 1524 859 1559 autem
873 1513 962 1560 usus
978 1531 1059 1561 uon
1075 1516 1141 1574 ju·

147 1571 241 1616 'stus
256 1570 306 1617 ad
325 1569 583 1628 perfeetionis
606 1574 752 1618 statum
773 1588 1024 1632 nequaquam
1044 1590 1138 1632 per·

158 1630 294 1681 tinet,
320 1644 398 1676 nec
414 1630 653 1688 perfectioni
685 1633 840 1692 aliquid
865 1634 1039 1693 adjicit,
1069 1634 1134 1680 sed

158 1688 227 1734 fibi
247 1703 478 1746 repugnare
490 1691 660 1747 potitis,
685 1707 732 1735 ac
754 1695 978 1737 detrahere
1004 1695 1135 1738 nosci·

159 1758 231 1793 tur
247 1748 473 1793 manifeste.
500 1751 629 1807 Quod
656 1762 797 1796 autem
821 1753 934 1795 usum
963 1767 1046 1796 non
1071 1752 1135 1810 ju-

157 1809 260 1853 stum
277 1808 486 1852 Conditor
513 1811 692 1854 Canonis
719 1813 932 1855 Fratribus
962 1812 1048 1868 ipsis
1073 1813 1133 1856 in·

157 1866 365 1926 tellexerit
379 1868 587 1912 reservare
600 1898 614 1922 ‚
640 1883 894 1930 nequaquam
910 1873 1033 1917 debet
1058 1872 1133 1915 ali-

158 1924 248 1988 quis
259 1924 412 1980 sapiens
438 1927 658 1971 estimare:
685 1933 796 1980 imo,
823 1932 935 1989 quod
961 1933 1012 1976 dc
1031 1931 1136 1988 juno

163 1981 413 2027 intellexerit
428 1998 510 2050 ‚ex
529 2001 583 2028 eo
595 1991 725 2042 potest
753 1990 988 2036 evidentius
1013 2006 1136 2048 appa-

160 2055 282 2091 rere,
306 2039 416 2098 quod
446 2053 486 2081 tn
518 2043 661 2090 eadem
683 2046 945 2089 ordinatione
970 2051 1134 2091 curavit

160 2099 341 2153 adiicere
357 2128 371 2151 ,
385 2097 496 2155 qubd
513 2099 674 2143 illarum
690 2116 824 2146 rerum
852 2102 1063 2145 dumtaxat
1094 2104 1134 2144 in

157 2158 282 2210 se‚&
301 2157 519 2201 Ecclesiam
547 2159 775 2203 Romanam
804 2161 1028 2216 recipiebat
1057 2162 1134 2203 do-

157 2215 327 2258 minium
342 2241 356 2264 ,
371 2225 542 2269 quarum
560 2213 674 2254 usum
690 2215 783 2256 facti
811 2218 955 2257 liceret
984 2218 1133 2257 habere

156 2266 401 2319 Fratribus,
428 2267 492 2312 seu
516 2267 667 2313 Ordini
693 2273 910 2315 antedictis
926 2300 943 2323 ,
969 2271 1132 2326 subjun-

155 2342 252 2389 gens
267 2328 552 2376 nihilominus,
567 2329 677 2385 quod
693 2345 774 2375 non
797 2344 934 2374 rerum
947 2344 1130 2374 omnium

154 2389 266 2434 usum
283 2389 434 2434 habere
449 2387 629 2432 debeant
647 2391 804 2434 Fratres
822 2390 889 2448 ipfi
905 2403 918 2433 :
934 2391 1131 2446 quantum

153 2459 292 2493 autem
306 2447 356 2492 ad
371 2447 482 2490 usum
502 2446 594 2490 faeti
611 2448 833 2506 (implicem
862 2449 1010 2506 absque
1020 2450 1131 2492 omni

149 2508 237 2568 jure
251 2506 389 2551 utendi
404 2506 577 2555 attinet,
592 2509 706 2552 nulla
722 2525 860 2555 rerum
881 2509 1015 2567 quoad
1032 2511 1126 2552 Fra·

150 2577 236 2612 tres
261 2565 490 2610 differentia
516 2566 574 2610 est
596 2570 793 2613 censenda
816 2585 831 2610 s
854 2568 907 2612 fic
932 2570 1037 2612 enim
1065 2569 1126 2611 uti

152 2626 206 2670 de
234 2623 340 2669 farto
368 2624 526 2682 poffunt
553 2628 801 2682 prohibitis,
829 2640 873 2671 ut
903 2627 1125 2685 permistis,

152 2697 278 2744 quare
302 2682 491 2737 proemiffa
521 2699 659 2730 rerum
674 2687 878 2733 distinctio
905 2686 955 2730 ad
973 2688 1126 2733 illunu

150 2747 262 2788 usum
274 2739 367 2786 faeti
392 2744 525 2801 potius
541 2745 597 2789 est
614 2746 824 2794 referenda
837 2775 852 2798 ,
880 2761 955 2803 pro
966 2762 1049 2804 quo
1063 2750 1124 2805 ip·

149 2802 197 2848 sis
211 2802 412 2858 competit
431 2805 640 2848 Fratribus
653 2808 716 2861 jus
739 2808 905 2851 utendi:
934 2821 1125 2863 quarum·

149 2862 246 2905 dam
265 2863 374 2905 enim
390 2875 528 2906 rerum
541 2862 632 2906 usus
651 2867 861 2909 Fratribus
883 2866 973 2921 ipfis
988 2866 1127 2923 prohi-

148 2921 262 2965 bitus
288 2918 470 2963 noscitur
495 2949 510 2972 ‚
536 2923 576 2965 &
598 2926 866 2979 quarumdam
894 2923 1125 2979 permiss'us:

60 3007 65 3013 ·
151 2994 205 3025 ex
226 2993 310 3038 quo
337 2978 545 3035 (equitur,
574 2982 685 3037 quod
712 2983 801 3026 usus
827 2982 950 3038 faeti,
970 2987 1023 3028 de
1045 2999 1127 3040 quo

151 3037 362 3084 ordinatio
377 3039 562 3095 loquitur
577 3070 593 3092 ,
605 3040 659 3084 de
673 3042 745 3084 tali
763 3043 938 3102 intelligi
953 3043 1125 3094 debeat,

29 3132 62 3155 -e
150 3097 220 3167 3¹¹³
239 3093 372 3154 'justus
397 3096 445 3141 fit
476 3128 492 3151 ‚
519 3098 562 3142 id
588 3100 671 3148 est,
696 3115 772 3155 pro
810 3115 892 3157 quo
917 3114 1125 3160 competat

147 3170 215 3218 jus
237 3157 407 3202 utendi:
434 3158 474 3200 δι
501 3158 579 3200 hoc
608 3159 821 3203 Conditor
850 3159 931 3215 ipse
943 3164 1123 3206 Canonis

149 3217 340 3276 u'primit
356 3215 598 3268 evidenter,
631 3218 725 3262 cum
749 3219 791 3262 in
803 3219 947 3264 eadem
958 3221 1123 3266 ordina·

155 3274 266 3331 §bne
275 3274 497 3334 adjecerit,
514 3276 625 3334 quod
644 3277 879 3323 moderatus
888 3277 979 3324 usus
995 3283 1034 3324 in
1049 3295 1123 3325 ex-

160 3333 289 3493 &s
303 3335 417 3394 prius
445 3337 571 3381 rebus
598 3337 687 3396 ipsss
710 3339 921 3383 Fratribus
943 3339 999 3384 est
1021 3354 1122 3384 con·

240 3457 246 3473 '¹
261 3455 498 3507 §Pretereh
509 3456 534 3501 si
546 3457 588 3500 in
603 3459 730 3503 rebus
744 3459 1016 3515 consumptibi
1021 3458 1122 3501 libus

167 3491 278 3568 Pfflt
305 3513 396 3559 usus
424 3516 612 3562 constitui
630 3546 645 3571 ,
676 3517 741 3560 vel
768 3518 905 3563 haberi
930 3546 946 3569 ,
974 3531 1123 3574 nequa·

165 3564 282 3620 qm
306 3571 505 3634 flumin,
531 3590 608 3621 nee
625 3578 647 3620 ὲ
662 3579 721 3621 rei
748 3576 962 3622 substantia
977 3609 993 3631 ,
1027 3591 1122 3632 pro-

166 3621 333 3691 Pfffissss'e
371 3631 436 3676 seu
453 3636 636 3680 dominio
649 3638 852 3693 separatus
881 3637 972 3682 usus
987 3635 1121 3694 hujus-

161 3680 278 3725 moffl
371 3743 387 3756 ..
410 3692 521 3750 Δςὶὶςίε
537 3709 628 3739 curu
647 3711 720 3752 per
751 3697 873 3742 talem
906 3696 1020 3741 usum
1035 3726 1050 3749 ,
1080 3695 1121 3738 id

163 3739 218 3783 est
244 3741 524 3814 mendicam„
537 3783 552 3806 2
566 3755 658 3797 &in
674 3755 758 3811 ipfb
770 3758 858 3801 aaa
871 3784 886 3806 ‚
901 3759 940 3800 δι
954 3771 1045 3800 cum
1062 3755 1123 3808 ip-

163 3798 206 3840 s⁰
223 3802 309 3842 ²3¹¹
327 3812 389 3844 ’θ’
405 3811 660 3859 wammam
676 3813 903 3869 hujusmodi
916 3843 931 3866 s
942 3831 990 3860 ac
1006 3817 1044 3858 in
1061 3816 1122 3871 ip-

162 3857 236 3915 s¹⁰⁵.
262 3860 322 3903 fei
348 3873 578 3926 exerceatur
602 3873 843 3934 substantia,
872 3889 946 3919 uec
963 3875 1043 3919 fine
1064 3887 1123 3931 reg

1219 461 1270 491 ex
1290 461 1373 503 quo
1385 456 1500 501 patet
1518 476 1534 498 ‚
1549 450 1659 502 quod
1675 450 1764 489 usus
1786 450 1897 496 talis,
1915 465 1990 492 nec
2006 455 2184 510 iimplex,

1217 521 1295 551 nec
1308 508 1517 562 separatus
1537 505 1558 546 a
1571 506 1757 547 dominio
1774 508 1902 560 potest
1932 509 2013 550 dici
2027 540 2041 551 .

1334 564 1493 609 Rursus
1511 564 1661 607 nedum
1681 566 1891 606 Fratribus
1916 568 2005 620 ipsis
2020 569 2184 613 ordina.

1215 626 1276 669 tio
1287 624 1476 682 predicta
1489 638 1572 666 non
1588 624 1768 679 profuit,
1785 625 1849 666 ted
1870 626 1993 666 etiam
2008 631 2186 670 occasio-

1210 686 1361 730 naliter
1378 684 1526 727 honori
1541 683 1807 727 Sacrosanctae
1824 686 2017 726 Romana:
2040 687 2187 728 Eccle-

1212 745 1271 787 fiae
1293 758 1374 786 non
1392 743 1536 786 leviter
1561 744 1745 786 detrahit
1764 772 1779 793 ,
1796 745 1836 786 δι
1851 743 2056 785 detraxit.
2076 747 2187 786 Nun-

1210 803 1310 861 quid
1325 816 1404 845 non
1421 802 1590 857 praefatae
1609 802 1797 845 Ecclefiae
1812 803 2032 857 derogatur
2055 803 2187 843 hono-

1208 865 1269 915 ri,
1285 862 1308 904 fi
1323 862 1446 918 ipsam
1459 872 1650 919 oporteat
1667 876 1773 903 nunc
1799 861 1836 904 in
1866 856 1958 904 foro
1987 861 2186 904 Eccleiia—

1209 922 1308 966 stico
1323 950 1339 974 ,
1354 922 1515 964 nuncin
1538 921 1725 964 Saeculari
1742 949 1756 972 ,
1788 921 1995 963 interdum
2023 934 2187 978 quoque

1210 995 1350 1025 coram
1372 980 1805 1037 pedaneisjudicibus,
1834 982 1874 1022 δι
1906 981 2187 1037 plerumque)

1209 1056 1286 1098 pro
1300 1041 1418 1084 rebus
1432 1042 1569 1097 parvis
1583 1069 1597 1092 ‚
1610 1041 1651 1082 δι
1669 1040 1816 1084 vilibus
1832 1041 2030 1084 continue
2048 1040 2187 1096 litiga-

1204 1116 1252 1144 re
1271 1102 1286 1143 ?
1304 1101 1380 1142 hoc
1396 1111 1531 1143 autem
1548 1111 1691 1142 notum
1715 1099 1772 1142 est
1799 1099 1887 1143 fieri
1904 1114 1918 1142 ε
1949 1114 2043 1143 cum
2066 1113 2188 1141 occa-

1203 1160 1311 1204 fione
1325 1160 1569 1204 retentionis
1586 1160 1679 1203 dieii
1700 1158 1901 1208 dominii,
1926 1172 2072 1201 omnes
2096 1172 2186 1200 cau-

1205 1218 1251 1262 sae
1262 1230 1529 1263 occurrentes
1544 1220 1706 1276 agendo
1719 1247 1733 1271 ‚
1753 1218 1819 1262 vel
1835 1216 2099 1262 defendendo
2109 1231 2188 1273 pro

1203 1280 1320 1322 bonis
1339 1279 1566 1336 hujusmodi
1583 1279 1750 1321 nomine
1778 1281 1967 1321 Romana:
1981 1277 2188 1328 Ecclessae,

1201 1340 1356 1383 virtute
1373 1338 1579 1394 cujusdam
1606 1338 1811 1394 privilegii
1833 1337 1854 1379 i
1879 1335 1992 1379 felic.
2017 1335 2184 1379 record.

1203 1399 1386 1441 Martino
1400 1399 1509 1452 Papa
1523 1401 1691 1459 Qnrto
1717 1394 2015 1439 Praedeceffore
2046 1394 2183 1436 nostro

1201 1456 1409 1505 conceffi,
1441 1455 1556 1512 super
1582 1460 1659 1498 hoc
1690 1457 1899 1510 agitentur
1916 1483 1932 1505 ‚
1965 1456 2005 1495 δι
2032 1453 2183 1509 (quod

1200 1516 1366 1573 gravius
1390 1515 1445 1558 est
1460 1514 1707 1559 censendum
1725 1517 1745 1572 )
1774 1516 2074 1557 Procuratores
2088 1526 2185 1554 cau—

1198 1576 1333 1620 sarum
1361 1573 1591 1631 hujusmodi
1617 1574 1770 1616 multos
1802 1587 1953 1616 vexare
1986 1572 2181 1614 dicuntur

1198 1635 1411 1684 indebite,
1436 1634 1534 1678 licet
1567 1634 1740 1690 potestas
1763 1633 1962 1676 attributa
1977 1632 2181 1673 Procura-

1198 1696 1358 1739 toribus
1374 1694 1526 1737 talibus
1543 1708 1616 1750 per
1633 1693 1893 1749 privilegium
1919 1691 2175 1735 antedictum

1196 1755 1330 1810 quoad
1348 1753 1744 1796 administrationem
1775 1753 1977 1795 bonorum
2005 1751 2178 1808 praemis-

1196 1812 1329 1857 sorum
1368 1814 1525 1857 dudum
1562 1811 1720 1856 servata
1749 1826 1830 1854 non
1846 1810 2086 1863 fuerit‚nec
2105 1812 2180 1852 ser-

1197 1884 1347 1916 vetur:
1378 1888 1466 1928 quae
1491 1874 1627 1914 omnia
1655 1873 1693 1913 in
1723 1882 1858 1912 notam
1879 1868 2178 1923 ‚ecinjuriaim

1196 1934 1349 1976 SanEtae
1381 1930 1570 1974 Ecclefiae
1599 1933 1793 1973 Romana:
1816 1943 1898 1972 non
1930 1930 1984 1971 est
2010 1927 2180 1968 dubium

1196 1990 1432 2038 redundare
1446 2018 1457 2029 .

1311 2051 1461 2094 Adhuc
1487 2050 1699 2094 ordinatio
1743 2048 1947 2092 antedicta
1978 2044 2182 2090 Ecclesia-

1195 2119 1284 2147 rum
1300 2107 1482 2146 Proelatis
1497 2110 1565 2155 ,δι
1593 2109 1842 2150 Rectoribus
1869 2108 2005 2161 gravis
2032 2105 2182 2148 existe-

1196 2178 1241 2205 re
1256 2162 1440 2213 nimium,
1452 2163 1493 2203 8ι
1510 2162 1671 2205 molesta
1685 2164 1950 2205 monstratur.
1970 2161 2178 2218 Numquid

1194 2234 1279 2260 non
1304 2234 1430 2274 grave
1453 2220 1652 2271 praemiilis
1677 2222 1809 2275 potest
1837 2219 2009 2264 existere
2025 2249 2038 2272 ,
2063 2218 2177 2277 quod

1193 2275 1300 2329 ipsos
1313 2285 1510 2327 oporteat
1536 2276 1575 2316 se
1587 2290 1798 2328 opponere
1815 2282 1962 2318 sanetae
1984 2282 2178 2320 Romanae

1196 2332 1510 2388 Ecclefiae,quae
1526 2332 1701 2389 ipsorum
1718 2336 1857 2388 Caput
1884 2333 2102 2385 noscitur,
2136 2337 2177 2377 δι

1195 2393 1386 2449 Magistra
1402 2419 1415 2442 ,
1432 2406 1480 2434 ae
1498 2406 1589 2434 cum
1605 2405 1650 2434 ea
1672 2392 1855 2447 agendo,
1872 2391 1934 2434 vel
1950 2392 2179 2436 defenden-

1193 2452 1250 2494 do
1275 2452 1436 2506 litigare
1449 2449 1600 2493 affidu'e
1617 2478 1629 2501 ‚
1644 2451 1707 2493 vel
1722 2450 1868 2493 cedere
1883 2450 1961 2506 juri
1977 2454 2075 2494 suo?
2096 2454 2173 2495 hoc

1190 2522 1325 2554 tamen
1352 2521 1521 2566 oportet
1537 2509 1630 2552 illos
1656 2507 1818 2559 facere,
1848 2523 1941 2551 cum
1965 2512 2005 2552 in
2034 2511 2174 2554 multis

1187 2570 1285 2613 disti
1304 2572 1464 2613 Fratres
1485 2568 1684 2625 praediflis
1700 2569 1868 2612 existere
1895 2568 2085 2612 dicantur
2111 2572 2173 2613 in.

1186 2628 1421 2688 jurii:ficut
1438 2628 1662 2671 multorum
1692 2627 1958 2671 Praelatorum
1975 2658 1989 2681 ,
2012 2630 2052 2670 ἃ
2083 2632 2170 2672 Re-

1187 2693 1344 2733 &orum
1371 2688 1623 2733 diversarum
1641 2687 1953 2731 Provinciarum
1979 2687 2167 2733 adhucin

1187 2750 1318 2793 Curia
1332 2748 1590 2792 existentium
1620 2748 1739 2791 habet
1755 2747 1986 2798 infimatio,
2000 2748 2068 2802 qui
2083 2750 2169 2803 qui-

1186 2808 1277 2852 dem
1297 2811 1459 2852 Fratres
1474 2806 1575 2850 facta
1591 2807 1655 2850 sua
1678 2820 1753 2863 per
1786 2809 2086 2852 Procuratores
2105 2808 2168 2851 ni·

1186 2877 1336 2912 tuntur
1356 2866 1581 2912 defendere
1595 2867 1821 2910 antedictos
1835 2895 1848 2908 .

1306 2932 1397 2972 Nos
1421 2930 1563 2983 itaque
1591 2953 1606 2975 ‚
1632 2927 1704 2980 qui
1735 2926 1956 2968 veritatem
1982 2932 2165 2969 tenemur

1187 2988 1357 3040 colere,
1386 2986 1618 3035 velutille,
1648 2984 1718 3039 qui
1743 2983 1888 3034 illius,
1912 2983 1983 3039 qui
2011 2988 2162 3027 veritas

1187 3046 1399 3095 noscitur,
1429 3045 1530 3088 licet
1547 3043 1743 3086 immeriti
1758 3068 1773 3091 ‚
1804 3040 1933 3083 vicem
1949 3052 2158 3086 teneamus

1185 3107 1225 3149 in
1241 3106 1362 3148 terris
1379 3131 1393 3152 ‚
1412 3104 1484 3147 illa
1502 3103 1689 3146 volentes
1705 3102 1744 3143 in
1762 3102 1904 3144 Sancta
1923 3101 1996 3144 Dei
2014 3101 2160 3146 Eccle-

1184 3167 1261 3216 fia,
1288 3178 1375 3220 quae
1403 3177 1483 3206 non
1499 3164 1628 3206 verbo
1651 3161 1843 3204 obtinent
1879 3160 2064 3208 tantum,
2091 3159 2156 3201 sed

1184 3238 1271 3281 quae
1285 3237 1327 3265 re
1342 3248 1356 3270 ‚
1373 3222 1508 3276 potius
1520 3220 1765 3270 observari,
1783 3217 1979 3276 praemislis
1992 3220 2033 3262 in
2049 3218 2159 3261 scru-

1184 3283 1289 3328 tinio
1303 3284 1415 3324 reaae
1439 3279 1779 3324 considerationis
1794 3276 1975 3320 adductis
1991 3307 2005 3330 ‚
2019 3292 2065 3319 ac
2079 3274 2158 3320 de-

1182 3341 1428 3387 liberatione
1438 3354 1532 3382 cum
1551 3340 1757 3383 Fratribus
1788 3336 1930 3380 nostris
1958 3338 2000 3380 &
2016 3337 2154 3379 multis

1183 3401 1273 3445 aliis
1286 3400 1504 3455 praehabita
1519 3398 1738 3454 diligenti,
1760 3396 1930 3451 dignum
1951 3397 2155 3439 arbitran-

1153 3465 1157 3468 ’
1183 3473 1244 3506 tes
1257 3462 1297 3503 δε
1311 3473 1542 3516 congruum
1557 3487 1573 3511 ,
1601 3455 1852 3501 Professores
1865 3453 1961 3498 dieti
1983 3454 2154 3497 Ordinis

1182 3535 1263 3564 uon
1277 3519 1411 3563 verbis
1433 3521 1605 3567 tantum,
1622 3531 1703 3560 non
1716 3513 1904 3557 simulatis
1918 3513 2152 3563 affibus‚sed

1179 3579 1370 3634 operibus
1385 3577 1699 3628 claris‚veritate
1714 3576 1738 3618 s
1732 3572 2152 3627 uffuitis,perfe61ioris

1181 3637 1301 3682 status
1319 3667 1333 3691 ‚
1359 3651 1406 3679 ac
1422 3637 1578 3679 altioris
1595 3633 1839 3691 paupertatis
1859 3632 1929 3675 fibi
1955 3645 2151 3690 praeroga·

1183 3698 1312 3740 tivam
1339 3709 1418 3750 prae
1436 3696 1522 3737 aliis
1552 3693 1878 3737 Mendicantibus
1902 3694 2118 3737 vendicare
2135 3718 2150 3742 ,

1183 3770 1229 3798 ac
1253 3755 1514 3798 nihilominus
1534 3752 1680 3796 honori
1703 3750 1969 3796 Sacrolitneiae
1998 3753 2147 3793 Roma·

1181 3829 1241 3858 nae
1258 3812 1474 3872 Ecclefiae(
1488 3813 1603 3870 cujus
1615 3812 1843 3856 obnubilari
1858 3807 1980 3866 posset
2002 3809 2145 3864 glorias

1182 3875 1209 3932 fi
1236 3883 1318 3918 tam
1339 3875 1535 3931 perversae
1557 3871 1825 3925 fimulationi,
1849 3884 1934 3928 quae
1954 3862 2141 3979 ἓτὲίέςέῖὸ
