2444 4192
775 118 948 202 Sub
1007 112 1336 211 Illicolao
1395 117 1438 198 I
1460 116 1561 203 V.

1988 154 2084 230 71

175 279 352 327 Fratres
368 262 575 315 Minores
589 262 614 314 ἓ
636 263 834 328 cujusvis
856 268 1042 316 alterius
1066 273 1139 331 ju·
1196 281 1286 315 tare
1310 270 1529 324 eontigerit
1543 295 1560 318 ‚
1584 267 1661 312 esse·
1684 268 1852 312 omnino
1875 286 2059 332 exempta
2078 283 2154 325 de.

237 334 501 388 risdistione
523 335 685 385 eximit
708 368 727 394 ‚
758 333 862 383 loca
897 352 1059 387 eorum
1085 336 1135 389 ὅ(

190 408 198 413 “
235 408 355 464 alia,
372 423 572 472 quorum
589 402 692 456 usus
725 404 778 453 iis
800 410 1053 473 competit,
1090 410 1136 458 in

229 480 331 542 jus,
362 474 413 527 ἀ
439 476 766 545 proprietatem
792 477 843 524 S.
865 478 987 526 Petri
1007 476 1136 528 susci·

235 548 307 615 pit
320 582 338 606 ,
354 545 403 598 ἃ
421 545 643 598 Ecclesiae
656 583 674 605 ,
698 562 753 595 ac
775 548 954 597 Domos
972 564 1135 598 eorum

233 630 471 687 exemptas
487 617 688 668 declarat
701 652 715 666 .

160 738 612 805 mootaus
646 737 1131 810 Episcopus

344 856 519 901 Snnvus
552 858 809 901 Suavonust
840 855 952 898 Det·

80 958 87 966 '
155 969 325 1016 mlems
359 974 480 1017 Fam
494 998 510 1023 ‚
536 975 756 1026 cenerati,
782 973 832 1023 ις
864 972 1120 1019 pruvinum-

210 1029 280 1075 bus
309 1032 509 1088 Mt’m‘stris
529 1057 545 1082 ‚
567 1046 615 1075 ac
636 1031 824 1089 universts
841 1033 1056 1078 Fratribus

268 1092 431 1136 Ordinis
458 1095 654 1137 Fratrum
686 1096 917 1142 Missurum,
926 1092 1005 1150 sa-

388 1152 512 1196 lutem
551 1150 601 1198 (5
638 1151 898 1208 Apolloh'cam

475 1208 786 1253 Benedtmonm
798 1235 809 1247 ·

289 1322 371 1368 Uia
388 1326 596 1377 nonnulli,
618 1326 688 1384 qui
702 1327 880 1373 haesitare
893 1328 932 1371 se
944 1327 1131 1383 afferunt,

156 1322 296 1486 Q
317 1383 386 1427 ubi
399 1398 480 1430 non
503 1386 561 1431 est
576 1386 831 1445 aliquatenus
847 1387 1130 1442 haelitandum,

185 1499 195 1511 .
318 1441 418 1488 dum
447 1446 489 1490 in
512 1446 781 1505 malignitatis
808 1448 950 1492 astutia
981 1447 1022 1491 in
1051 1448 1130 1493 du-

153 1499 266 1545 bium
288 1515 487 1549 revocare
512 1517 713 1551 conantur
728 1534 743 1559 ‚
764 1515 903 1550 utrum
932 1507 1017 1550 Vos
1039 1534 1055 1558 ,
1085 1509 1127 1551 δι

154 1557 278 1627 Ordo
293 1561 420 1630 vellet
430 1566 698 1623 exemptionis
714 1565 933 1623 privilegio
952 1567 1126 1623 gaudea-

152 1627 205 1663 ω
217 1643 232 1668 2
247 1619 289 1660 ἅ
310 1633 361 1663 au
374 1624 502 1677 juris,
517 1626 558 1668 Bt
575 1625 837 1682 proprietatis
865 1627 979 1668 Beati
997 1628 1128 1677 Petri,

153 1691 200 1721 ae
215 1677 338 1721 etiam
353 1678 529 1749 cujusvis
538 1683 706 1727 alterius
717 1682 993 1740 jurisdictione
1003 1700 1124 1743 pror·

154 1735 219 1781 sus
233 1747 410 1796 exempti
425 1768 440 1792 ‚
457 1742 499 1786 δι
513 1750 599 1785 tam
614 1742 654 1787 in
669 1741 944 1800 spiritualibus
959 1771 975 1795 ‚
998 1747 1121 1802 quim

152 1795 195 1847 in
211 1798 504 1865 temporalibus
518 1827 533 1854 ,
546 1815 717 1860 quarum
738 1802 855 1846 vobis
869 1800 979 1844 usum
994 1805 1123 1848 habe·

155 1868 202 1898 re
215 1855 312 1900 licet
327 1884 342 1908 ,
355 1856 590 1905 immediate
617 1859 779 1919 subjessi
804 1861 903 1905 Sedi
915 1864 950 1905 Α
956 1864 1100 1918 postoli
1110 1884 1123 1894 ·

159 1925 217 1955 cc
228 1913 399 1959 exiliatis
412 1944 428 1968 ‚
452 1931 824 1978 quantumcumque
842 1922 983 1970 vobis,
1009 1924 1050 1966 δι
1062 1924 1122 1966 ei·

157 1970 253 2013 dem
266 1969 415 2015 Ordini
427 1988 498 2029 per
517 1977 695 2020 diversos
717 1979 1037 2026 Pmdeceu'ore·
1052 1997 1123 2026 no-

158 2029 261 2073 stros
275 2029 474 2074 Romanos
490 2031 713 2078 Pontifices
728 2033 840 2088 super
854 2036 914 2077 his
934 2039 1123 2092 piene‚fi-

159 2099 231 2132 cut
245 2087 491 2139 afferitur‚iit
502 2091 810 2146 proviffim3N0s
825 2095 1008 2150 νεὼ-ᾖδε
1022 2093 1126 2149 ejus-

159 2146 255 2188 dem
269 2146 437 2188 Ordinis
451 2147 672 2199 providere
686 2148 843 2198 quieti,
859 2162 1032 2201 paterne
1045 2152 1126 2190 sol·

153 2201 383 2247 licitudinis
405 2202 542 2247 studio
563 2201 820 2245 intendentes
836 2229 851 2252 ‚
882 2205 1013 2261 licque
1050 2218 1125 2245 vo·

156 2260 292 2305 lentes
305 2257 424 2316 super
445 2260 523 2304 hoc
536 2273 697 2304 omnem
726 2259 997 2306 dubitationis
1011 2293 1027 2315 ,
1041 2278 1120 2305 am-

155 2317 364 2376 biguitatis
388 2347 404 2372 ,
429 2319 473 2361 Gt
494 2319 667 2375 querelae
697 2321 906 2364 materiam
940 2321 1123 2368 funditus

154 2389 362 2435 amputare
376 2407 393 2431 ,
418 2393 468 2422 ne
499 2378 588 2436 quis
603 2380 688 2422 Vos
703 2408 717 2431 ,
732 2380 771 2422 δι
785 2381 962 2426 eundem
993 2382 1122 2426 Ordi-

154 2450 246 2483 nem
261 2435 377 2494 super
400 2437 659 2493 exemptione
686 2437 942 2492 hujusmodi,
971 2456 1017 2484 ac
1034 2440 1125 2484 aliis

154 2495 295 2541 vestris
304 2525 320 2549 ‚
331 2498 373 2540 &-
394 2495 511 2552 iplius
524 2495 694 2541 Ordinis
712 2497 1037 2552 libertatibus,&
1053 2502 1122 2543 im-

154 2555 425 2599 munitatibus
451 2554 795 2614 quibuscumque,
822 2559 967 2610 vobis,
990 2562 1029 2603 &
1048 2560 1084 2604 ei
1100 2562 1125 2605 a

153 2615 263 2661 Sede
287 2613 526 2669 Apostolica
560 2615 752 2660 couceffis
782 2617 1020 2676 impugnare
1053 2634 1124 2662 va-

153 2673 266 2725 leat,
282 2672 345 2717 vel
360 2672 676 2731 quomodolibet
693 2675 907 2722 molestare
923 2704 939 2728 ‚
954 2682 1039 2723 Vos
1055 2709 1069 2730 ‚
1082 2679 1124 2720 δι

153 2732 352 2777 Ordinem
384 2729 512 2788 ipsum
539 2732 748 2791 &cujusvis
772 2735 938 2781 alterius
967 2738 1123 2795 jurisdi-

153 2793 290 2837 ctione
305 2790 549 2835 omnimode
564 2793 727 2847 prorsus
745 2795 955 2841 eximimus
970 2798 1022 2842 de
1035 2800 1122 2854 spe·

153 2850 251 2896 ciali
270 2850 694 2907 gratia-Decerneotes
709 2857 846 2902 voa&
861 2857 1031 2902 eundem
1045 2859 1122 2900 Or-

154 2910 289 2955 dinem
306 2909 540 2953 immediate
567 2910 664 2954 Sedi
687 2911 894 2967 subjacere
908 2917 1120 2973 proedietae3

156 2967 360 3015 Ecclefias
378 2971 480 3015 vero
493 2997 508 3021 ‚
528 2969 571 3012 δι
587 2971 798 3025 Oratoria,
812 2974 958 3020 domos
972 3005 985 3029 ‚
999 2976 1091 3020 loca
1105 3005 1121 3029 ,

155 3030 198 3072 δι
211 3028 365 3078 libros,
379 3027 568 3072 utenfilia
583 3058 599 3082 ‚
610 3031 653 3073 δι
673 3031 752 3074 alia
768 3035 933 3079 mobilia
945 3063 962 3086 ‚
987 3038 1028 3079 δι
1043 3036 1119 3078 im-

155 3086 326 3132 mobilia
341 3114 357 3139 ,
381 3102 558 3145 quorum
591 3090 704 3134 ulum
723 3090 880 3136 habetis
905 3109 955 3138 ex
970 3095 1088 3139 licito
1103 3125 1120 3148 ‚

155 3162 249 3192 curn
271 3149 431 3192 ceteris
458 3162 703 3206 quocunque
723 3152 852 3194 modo
881 3154 1119 3208 pertinenti-

153 3205 228 3277 bus
242 3205 294 3251 ad
315 3208 504 3263 predicta
516 3237 533 3259 ,
557 3209 599 3251 δι
619 3210 788 3268 aliquod
811 3214 1090 3267 predictorum
1105 3243 1120 3266 ‚

154 3266 1120 3388 affrigz‘zffi'fss‘sz‘zssisszfi‘ffsumi}

161 3383 371 3451 dumtaxat
389 3388 572 3444 exceptis
583 3416 599 3440 ,
618 3390 660 3435 in
681 3391 826 3447 quibus
838 3389 1027 3446 expresse
1045 3391 1120 3434 do·

164 3452 324 3489 tutores
345 3473 362 3497 ,
394 3445 462 3490 seu
490 3449 758 3494 translatores
796 3449 867 3494 fibi
895 3451 1122 3508 proprieta-

170 3506 249 3544 tem
269 3530 286 3554 s
308 3506 350 3549 δι
371 3506 601 3551 dominium
624 3510 850 3554 constiterit
878 3507 1090 3555 reserviss'e
1107 3541 1120 3551 .

172 3560 366 3608 Praeterea
392 3566 621 3618 Ecclefias,
635 3572 854 3620 Oratoria‚
881 3571 1027 3613 domos
1043 3597 1058 3620 ,
1080 3570 1122 3611 δι

171 3616 265 3661 loct
281 3623 466 3675 proedissa
477 3652 493 3676 2
507 3641 592 3683 quae
606 3631 756 3673 teneris
768 3656 783 3677 ‚
807 3630 1090 3673 &inhabitatis
1106 3656 1122 3680 ‚

171 3676 213 3716 δε
237 3681 452 3733 tenebitis,
475 3688 516 3728 81.
542 3687 821 3732 inhabitabitis
845 3691 884 3732 in
917 3688 1094 3732 futurum
1109 3716 1123 3739 ‚

173 3736 268 3777 dum
284 3763 299 3788 2
312 3738 516 3797 &quoties
530 3746 598 3790 illa
621 3763 699 3795 vos
716 3761 853 3793 tenere
865 3778 882 3802 ,
910 3751 951 3792 δε
965 3748 1120 3793 inhabi-

1193 329 1398 368 cernimus
1410 354 1426 376 ,
1440 326 1627 381 nulloque
1643 328 1781 368 medio
1805 330 1903 371 Sedi
1921 345 2147 381 memorata

1195 381 1364 426 subesse.
1382 384 1498 426 Nulli
1512 397 1611 438 ergo
1636 384 1839 426 hominum
1854 386 1975 428 liceat
1990 392 2065 432 &c.
2079 409 2152 436 no.

1195 442 1279 486 strae
1293 441 1558 485 conceffionis
1568 442 1647 483 &c-
1660 440 1703 486 Si
1717 443 1805 498 quis
1820 444 1899 485 &c-

1313 500 1464 543 Datum
1492 502 1631 543 Romae
1658 500 1764 556 apud
1783 503 1971 544 Sane‘tum
1992 505 2154 549 Petrum

1194 560 1375 603 secundo
1390 557 1592 603 Kalendas
1617 559 1716 618 Maji
1745 557 2011 603 Pontificatfis
2035 565 2157 607 nostri

1194 621 1318 662 Anno
1337 620 1473 662 Primo
1487 649 1499 661 .

1252 681 1432 722 Monam.
1451 676 1636 736 Ord.fal.
1656 690 1745 719 112.
1762 677 1927 732 Rodriq.
1944 680 1986 719 r'n
2003 681 2161 723 Bullar.

1295 735 1456 796 fist-53.
1471 738 1539 780 col.
1550 751 1582 779 ι.
1598 736 1812 792 Wsddr'ng.
1835 747 1930 780 tour.
1947 747 1990 785 5.
2007 741 2158 781 Annal.

1292 794 1372 854 fil.
1388 808 1485 853 513.
1522 810 1568 838 ex
1593 798 1712 838 Bulla
1737 795 1962 854 originaria
1984 797 2157 842 Archino

1303 857 1510 899 Arata-lit.
1527 866 1710 899 num-20·

1187 1091 1502 1149 Transeuntes
1522 1092 1579 1144 ab
1594 1092 1776 1144 Ordine
1795 1095 2084 1146 Minoritano
2100 1090 2160 1141 ad

1261 1169 1399 1217 aliam
1430 1164 1723 1236 Religionem
1741 1200 1757 1224 ,
1783 1163 1876 1215 five
1904 1168 2045 1234 petita
2081 1163 2160 1212 vel

1259 1255 1351 1288 non
1364 1238 1507 1305 petita
1527 1272 1543 1295 ,
1564 1235 1751 1286 obtenta
1768 1238 1842 1286 vel
1862 1253 1953 1286 non
1971 1236 2160 1286 obtenta

1262 1306 1451 1358 suorum
1473 1309 1775 1373 superiorum
1798 1309 1979 1356 licentia
1999 1306 2092 1358 ἃς.
2112 1304 2160 1352 in

1261 1379 1346 1427 hac
1375 1376 1434 1426 ad
1461 1375 1672 1426 officium
1690 1413 1707 1436 ,
1731 1377 2008 1446 dignitatem
2030 1411 2046 1433 ,
2080 1386 2161 1423 aut

1258 1448 1554 1498 Praelaturam
1572 1449 1840 1515 promoveri
1867 1442 2081 1514 prohibet
2095 1479 2110 1493 .

1203 1567 1640 1622 NICOLAUS
1694 1564 2139 1621 EPISCOPUS

1374 1689 1551 1732 Stitvus
1585 1687 1840 1730 Senvonust
1875 1687 1956 1728 Dei
1973 1712 1985 1724 .

1185 1806 1349 1850 Dilefflr
1381 1805 1510 1856 Finis,
1526 1804 1715 1846 Gener-011
1736 1830 1751 1853 ,
1777 1803 1830 1853 ῥυ
1848 1797 2162 1846 Ρνουὶηιὶαὶἱόω

1242 1866 1450 1919 Μὶηὶβνὶε
1465 1893 1480 1914 ,
1506 1876 1552 1903 ae
1564 1860 1750 1914 univerfi's
1771 1861 1985 1905 Fratribus
2001 1857 2099 1901 ord.

1300 1923 1605 1971 fama-orum
1622 1949 1635 1971 ,
1649 1920 1827 1979 filatenn
1855 1919 1908 1971 ά·
1944 1925 2047 1976 Apo·

1398 1982 1589 2041 stolicaene
1610 1980 1948 2024 neni-demonem.

1191 2098 1237 2201 Ι
1256 2098 1296 2138 Ν
1313 2095 1425 2138 vestri
1440 2095 1611 2136 Ordinis
1628 2095 1785 2149 Reguli
1801 2109 1872 2150 per
1885 2094 2032 2137 Sedens
2049 2096 2163 2149 Apo-

1278 2153 1458 2193 stolicam
1474 2150 1714 2194 confirmata
1729 2179 1744 2199 ‚
1766 2154 1876 2195 inter
1889 2162 2033 2195 caetera
2058 2164 2161 2192 con-

1187 2209 1342 2248 tinetur
1360 2233 1377 2256 ‚
1400 2209 1509 2260 quod
1527 2221 1617 2246 eam
1646 2208 1828 2260 profestis
1849 2210 1902 2250 de
1915 2209 1994 2262 ipsa
2011 2207 2156 2262 egredi

1184 2264 1304 2308 nullo
1321 2263 1449 2305 modo
1470 2262 1644 2310 licebit,
1659 2277 1732 2305 nec
1758 2265 1872 2305 vobis
1898 2265 2156 2316 licentiandi,

1184 2326 1225 2367 dt
1248 2322 1483 2365 absolvendi
1510 2322 1561 2362 ab
1590 2321 1748 2363 Ordine
1767 2319 1877 2377 ipso,
1892 2324 2066 2378 potestas
2087 2324 2163 2366 tti-

1184 2383 1322 2426 buitur
1337 2395 1386 2423 ex
1404 2379 1565 2436 Regula
1581 2380 1781 2435 pmdieii:
1795 2380 1862 2422 sed
1879 2381 2066 2424 nonnulli
2079 2381 2162 2425 Or-

1185 2442 1288 2484 dinis
1308 2440 1426 2484 vestri
1443 2442 1604 2482 Fratres
1621 2440 1706 2494 post
1735 2438 1876 2482 saetam
1907 2440 1946 2482 in
1966 2440 2051 2497 ipso
2064 2453 2161 2495 pto·

1185 2500 1406 2548 feffimem,
1418 2500 1470 2541 ab
1481 2499 1537 2541 eis
1553 2496 1789 2542 infirmitate
1803 2498 1998 2548 mentiti,
2009 2501 2045 2541 81
2064 2497 2156 2541 aliis

1183 2560 1377 2604 confectis
1406 2558 1625 2601 mendaciis
1647 2586 1662 2610 ,
1696 2573 1744 2600 ac
1785 2574 1861 2615 per
1889 2557 2155 2615 malignitatis

1185 2619 1347 2662 astutias
1373 2616 1652 2661 occasionibus
1677 2618 1796 2660 variis
1821 2617 2054 2661 adinventis
2072 2644 2086 2668 ,
2116 2618 2156 2658 &

1182 2678 1473 2722 ambitionibus
1497 2675 1768 2721 crescentibus
1781 2678 1822 2719 in
1847 2675 2014 2728 eisdem,
2033 2676 2054 2718 i
2086 2679 2157 2717 Su·-

1183 2739 1408 2795 perioribus
1425 2737 1500 2779 suis
1516 2737 1723 2780 interdum
1737 2735 1916 2781 exeundi
1929 2737 1982 2780 de
1996 2734 2153 2778 Ordine

1182 2797 1267 2854 ipso
1283 2797 1489 2840 licentiam
1508 2796 1738 2853 postulant,
1767 2796 2017 2853 eandemque
2045 2795 2154 2836 obti-

1182 2868 1279 2901 nent
1292 2857 1343 2900 ab
1356 2855 1533 2899 eisdem.
1562 2857 1775 2899 Interdum
1804 2856 1904 2900 vero
1919 2852 2150 2898 illicentiati

1182 2927 1332 2960 exeunt
1346 2915 1400 2958 de
1418 2915 1564 2958 eodem
1585 2915 1636 2957 ad
1659 2915 1761 2957 alios
1780 2913 2051 2958 convolantes
2065 2940 2079 2963 ,
2110 2913 2151 2954 in

1181 2977 1329 3033 quibus
1342 2974 1567 3031 dignitates
1581 3000 1596 3023 ‚
1612 2973 1850 3016 Praelaturas
1874 2973 1916 3015 δι
1930 2972 2066 3016 officia
2091 2970 2149 3013 as-

1181 3038 1343 3079 sumunt
1359 3061 1373 3084 ,
1386 3047 1464 3075 non
1484 3032 1563 3079 fine
1581 3036 1752 3090 proprie
1767 3031 1903 3076 saluus
1918 3029 2148 3087 dispendio,

1179 3097 1219 3137 δι
1234 3093 1502 3147 derogatione
1530 3106 1615 3136 non
1641 3092 1802 3137 modica
1823 3090 2042 3135 honestatis
2067 3091 2147 3132 Or-

1179 3153 1283 3197 dinis
1297 3152 1537 3195 memorati.

1298 3215 1384 3256 Nos
1400 3210 1527 3265 igitur
1559 3210 1742 3255 volentes
1771 3211 1864 3254 huic
1888 3208 2031 3253 morbo
2043 3219 2146 3250 con-

1184 3286 1294 3330 gruae
1307 3269 1474 3312 medelae
1498 3271 1725 3314 remedium
1748 3270 1968 3316 adhibere,
1991 3284 2039 3310 ac
2063 3266 2146 3308 ani·

1182 3344 1337 3375 marum
1351 3329 1519 3373 obviare
1535 3330 1753 3384 periculis,
1773 3332 1814 3371 δι
1838 3327 2035 3382 evagandi
2061 3339 2146 3368 ma·

1184 3392 1328 3435 teriam
1342 3399 1583 3446 amputare,
1610 3391 1851 3432 austoritate
1878 3384 2142 3442 Apostolica,

1182 3451 1384 3494 statuimus
1401 3475 1416 3496 ‚
1430 3450 1471 3490 δι
1483 3449 1606 3493 etiam
1620 3449 1856 3492 ordinamus
1871 3474 1886 3497 ,
1907 3455 1953 3490 ut
1981 3446 2142 3487 Fratres

1178 3508 1556 3564 vestriOrdiniaqui
1572 3509 1656 3563 post
1672 3507 1948 3563 professionem
1964 3504 2016 3547 ab
2033 3505 2089 3570 eis
2101 3503 2142 3544 in

1178 3565 2139 3684 {iissss‘ssssss'f‘ssinffl}'iiiffsflssss'tsfissssi'ifssssiss'ss

1183 3689 1313 3742 petita
1343 3714 1359 3737 ,
1392 3687 1559 3728 obtenta
1597 3688 1662 3728 vel
1691 3701 1771 3730 non
1812 3688 1981 3728 obtenta
2018 3685 2041 3724 a
2066 3679 2137 3721 suis

1180 3744 1467 3804 Superioribus
1493 3743 1920 3797 licenti3‚immediat'e
1936 3740 2039 3841 ‚lyei
2066 3749 2139 3793 per

1941 3814 1964 3841 a
1984 3811 2089 3846 ium,
