2444 4192
379 159 566 244 204

309 290 498 360 censuras
509 323 527 345 ,
540 305 616 337 nec
629 307 775 350 poenas
800 294 870 341 {eu
885 296 1061 346 mdrtale
1076 309 1291 358 peccatum

305 351 539 410 hujusmodi
556 353 772 398 incurrant
785 383 803 408 ,
824 358 897 401 nili
916 361 1021 406 tales
1035 362 1159 408 effeut
1176 363 1289 406 casus

304 413 375 455 vel
390 410 571 455 excelsus
586 413 686 470 ,qui
702 411 843 474 divin3
854 416 973 475 lege,
996 424 1064 467 seu
1090 433 1296 480 praecepto

306 473 511 516 Romanae
539 472 734 517 Ecclesiae
769 475 923 522 merito
964 480 1207 527 inducerent
1238 482 1292 526 ad

306 530 507 584 mortale,
516 532 704 577 censuras
723 534 766 576 δι
776 548 921 591 poenas
937 539 1082 585 taliter
1097 542 1293 596 latas,ha-

301 605 395 634 rum
418 586 523 636 serie
544 603 789 638 revocantes
803 595 1117 645 &annullantes
1133 632 1151 655 ,
1180 602 1290 646 illas-

306 665 390 708 que
400 652 453 696 ad
474 652 557 694 vim
580 654 916 700 commutationis
934 671 1155 715 poenarum
1175 676 1293 706 com-

302 711 619 755 minatoriamm
630 714 674 756 δι
685 715 950 762 serendarum
960 748 980 771 ,
1006 719 1077 764 seu
1087 735 1289 779 corpora·

298 771 418 815 les&
431 772 678 827 temporales
699 787 847 832 poenas
873 778 1089 833 prndiRas
1110 796 1185 838 per
1201 783 1290 822 Ge·

297 831 486 873 neralem
508 831 771 888 Ministrum,
802 837 1006 882 Custodes
1032 870 1051 892 ,
1080 839 1287 884 Guardia-

297 889 542 956 nos&alios
575 892 775 938 Prolatos
804 895 927 953 ipsius
956 899 1127 943 Ordinis
1154 896 1288 941 feren·

295 948 370 1014 das
383 975 397 1016 3
410 950 450 990 &
462 948 707 1006 infligendas
721 954 969 1000 reducentes
982 970 999 1000 ε
1027 957 1165 1015 quodq
1172 969 1280 1001 uu

295 1007 503 1059 Minissrb
529 1011 762 1067 Custodes,
793 1015 1055 1069 Guardiaui‚
1081 1016 1202 1060 &alii
1218 1016 1284 1070 ip·

294 1067 371 1111 fius
396 1067 569 1111 Ordinis
582 1071 743 1116 Praelati
756 1074 936 1131 praedieti
952 1103 969 1126 ‚
993 1074 1250 1132 temporales
1266 1101 1284 1126 ,

299 1126 368 1169 seu
383 1126 479 1170 alias
505 1142 651 1183 poeuas
672 1146 756 1189 pro
780 1147 867 1177 non
895 1133 1185 1178 observatione
1216 1131 1280 1176 di-

293 1189 454 1231 &orum
493 1188 770 1245 statutorum,
792 1191 1016 1236 secundum
1042 1193 1285 1253 qualitatem

293 1247 577 1303 personarum,
591 1250 784 1295 locorum
798 1253 840 1295 δι
852 1261 1103 1310 temporum,
1114 1255 1156 1297 &
1167 1252 1283 1303 aliis,

290 1315 419 1362 prout
434 1307 806 1364 videbitur,saluti
830 1311 1060 1357 animarum
1086 1317 1282 1359 Fratrum

288 1365 520 1409 eorundem
545 1368 584 1412 in
614 1372 799 1414 Domino
830 1372 1031 1427 expedire
1059 1401 1077 1424 ‚
1106 1370 1216 1416 ferre
1238 1372 1281 1415 ἃ.

286 1424 552 1484 promulgare
565 1455 582 1480 ,
595 1443 643 1472 ac
656 1430 951 1486 delinquentes
979 1433 1031 1476 ab
1044 1431 1127 1476 illis
1141 1429 1275 1476 absol·

284 1496 385 1528 vere
400 1486 564 1530 valeant
576 1518 591 1529 .
621 1492 719 1533 Non
738 1489 996 1534 obstantibus
1014 1491 1168 1535 statutis
1180 1517 1196 1539 ‚
1210 1504 1277 1533 or-

284 1542 598 1595 dinationibus,
613 1549 656 1590 δι
676 1548 1030 1592 declarationibus
1044 1547 1248 1603 praemiffis
1262 1573 1278 1597 ‚

280 1601 436 1658 quibus
461 1630 479 1655 ‚
510 1605 648 1659 quoad
677 1607 759 1648 hoe
786 1605 971 1661 expresse
995 1606 1244 1662 derogamus
1259 1631 1275 1656 2

281 1674 331 1703 ae
348 1661 727 1707 constitutionibus
738 1664 780 1705 &
794 1662 1136 1710 Ordinationibus
1155 1668 1275 1719 Apo-

280 1718 432 1763 ssolicis
444 1733 459 1763 =
473 1734 637 1765 necnon
648 1722 740 1767 aliis
755 1721 916 1766 statutis
937 1724 981 1766 δι
1007 1723 1276 1770 consuetudi-

279 1780 400 1822 nibus
413 1779 512 1823 dieti
524 1781 694 1825 Ordinis
708 1810 724 1834 ,
742 1782 872 1825 etiam
895 1781 1132 1838 juramento
1146 1812 1162 1835 ,
1175 1796 1275 1827 eon-

280 1838 466 1882 matione
476 1838 748 1895 Apostolici,
778 1840 847 1885 vel
872 1842 1016 1896 quavis
1045 1842 1127 1885 alia
1139 1840 1274 1885 firmi-

276 1906 366 1942 tate
394 1897 637 1951 roboratis,
664 1898 890 1943 contrariis
915 1898 1244 1958 quibuscumque
1259 1929 1272 1943 .

278 1954 403 2001 Nulli
426 1970 531 2013 ergo
542 1958 719 2000 omniuo
743 1959 958 2004 hominum
987 1960 1118 2002 liceat
1130 1961 1213 2001 &e-

396 2019 553 2059 Datum
579 2016 725 2056 Romae
746 2017 856 2070 apud
884 2019 1077 2058 Sanctum
1098 2014 1268 2057 Petrum

275 2077 403 2119 Anno
426 2072 729 2116 lucarnationis
757 2072 1013 2124 Dominicae,
1041 2070 1267 2117 millesimo

274 2131 671 2190 quadringentesimo
701 2133 973 2191 oauagefimo
1005 2160 1022 2183 ‚
1067 2132 1266 2178 Kalendis

274 2191 524 2260 pecembris
560 2190 836 2238 Pontificatiis
873 2192 1000 2238 nostri
1025 2193 1149 2237 Anno
1178 2195 1268 2238 De·

275 2265 417 2296 eimo.

338 2372 494 2429 specul.
511 2372 622 2415 Min.
636 2368 966 2430 troffo-solam
981 2371 1150 2429 Redi-iq.
1161 2373 1262 2418 ite-2

397 2426 747 2486 oluff-fokr69.
763 2431 983 2487 wedding-
994 2434 1261 2487 namu-An·

389 2487 668 2549 absol-255.

272 2732 472 2781 Beamm
491 2729 869 2780 Bonaventuram
889 2726 1172 2781 Saneiorum
1205 2725 1259 2782 dt

343 2799 612 2853 Doflorum
624 2801 794 2852 Caesio
828 2817 860 2851 o
888 2796 1110 2853 adscribit
1132 2836 1150 2861 ,
1194 2797 1261 2852 se-

339 2869 462 2925 stum
484 2874 580 2935 ejus
596 2871 719 2922 inter
735 2866 764 2920 f
855 2872 985 2924 Sacri
1004 2872 1167 2925 Palatii
1181 2890 1257 2924 an·

337 2956 573 3002 numerat,
592 2940 734 3011 idque
748 2939 808 2994 ab
823 2943 1043 2996 omnibus
1060 2943 1257 2996 celebra·

341 3016 383 3066 ri
392 3013 528 3080 jubet
543 3047 563 3074 ,
588 3031 644 3065 ae
670 3011 984 3087 indulgentias
1010 3014 1230 3069 coneedit
1245 3053 1260 3070 .

320 3145 656 3204 sthus
709 3147 1211 3206 Erlscorus

447 3269 625 3312 Saavua
655 3266 916 3313 Saavoauat
950 3269 1031 3314 Dat
1042 3297 1059 3313 .

386 3384 451 3430 Ad
476 3394 718 3445 perpetuam
747 3385 809 3432 rei
839 3386 1109 3431 memoriam.

358 3505 525 3560 Upcrna
550 3504 727 3550 coelcssis
741 3506 869 3564 patria
882 3535 898 3559 ,
913 3505 1076 3551 Civitas
1093 3505 1251 3563 Jerusa-

377 3563 464 3630 lem,
472 3591 486 3614 ‚
499 3564 605 3621 cujas
616 3570 881 3626 participans
893 3565 974 3625 ejus
988 3571 1033 3610 lu
1044 3567 1215 3626 idipsam
1231 3598 1247 3623 ,

273 3626 329 3668 ita
354 3636 538 3668 omnium
557 3624 781 3671 electorum
804 3626 1029 3671 munione
1057 3626 1246 3683 letatur,

271 3692 319 3727 nt
332 3712 350 3738 ,
368 3695 547 3741 qnorum
573 3683 844 3739 prestantior:
859 3686 946 3731 sunt
964 3687 1111 3732 merita
1130 3715 1146 3740 ,
1173 3701 1247 3734 eo·

269 3742 447 3802 piofiora
460 3742 586 3786 etiam
608 3740 762 3785 sumant
784 3746 928 3800 gnudia
950 3747 1212 3803 premiorum
1230 3760 1245 3794 ε

267 3803 380 3862 quod
410 3802 452 3847 lu
478 3799 634 3847 eaeelIu
665 3804 812 3848 mentis
847 3805 919 3849 saa
944 3805 1093 3863 politus
1126 3809 1247 3854 isaias

981 140 1151 230 Sub
1212 140 1433 236 Sixto
1499 142 1546 229 I
1564 144 1668 234 V.

1354 302 1567 358 Propheta
1588 330 1603 355 ,
1636 300 1791 345 sensisse
1820 300 1981 343 videtur
2019 309 2114 344 cum
2146 300 2309 344 diceret
2323 311 2338 341 ε

1351 365 1500 406 Exulta
1515 362 1565 412 ζῇ·
1579 361 1703 405 lauda
1717 362 1916 403 habitatio
1934 363 2052 414 Syon,
2064 364 2158 417 quia
2172 370 2341 415 magnus

1348 425 1395 463 in
1411 421 1538 464 medio
1552 426 1617 466 tui
1629 420 1799 478 stanus
1814 451 1826 459 .
1859 419 2064 475 Exultent
2092 421 2219 476 igitur
2250 433 2345 462 om-

1346 482 1462 524 nium
1475 482 1744 538 Angelorum
1759 477 1876 521 chori
1891 502 1906 524 s
1935 477 2004 532 qui
2030 477 2083 522 de
2109 491 2336 523 vacuarum

1351 539 1505 586 sedium
1518 541 1768 585 habitatione
1782 535 1966 587 solliciti,
1978 547 2178 580 conantur
2191 540 2239 582 de
2252 541 2342 581 vir-

1348 610 1436 645 tute
1448 602 1492 645 in
1504 600 1697 643 virtutem
1709 621 1723 643 ,
1751 594 1802 637 ad
1822 594 1960 636 beatas
1978 593 2070 636 illas
2083 596 2310 640 manfiones
2323 627 2340 649 ‚

1352 660 1464 703 unde
1484 658 1643 714 superbi
1674 662 1844 696 ruerunt
1874 651 2040 709 spiritus
2052 678 2068 701 a
2099 655 2337 701 humilitate

1353 718 1583 772 perducere
1593 744 1605 756 .
1638 713 1843 755 Exultent
1856 724 2022 768 quoque
2037 725 2184 756 omnes
2197 717 2339 759 animae

1348 775 1548 832 justorum
1562 802 1576 826 ,
1606 773 1673 828 qui
1689 771 1841 816 Christi
1869 770 2032 828 vestigia
2059 772 2151 814 sunt
2178 771 2336 827 secuti,

1348 843 1475 891 atque
1487 847 1632 876 omnes
1648 842 1732 875 tam
1747 831 1900 875 veteris
1914 860 1928 884 ‚
1958 833 2085 889 quim
2104 831 2203 875 novi
2218 830 2341 875 testa-

1346 893 1477 937 menti
1493 892 1669 942 fideles.‚
1701 892 1822 935 amici
1851 891 1960 945 Dei,
1984 891 2056 948 qui
2085 891 2338 948 contemptis

1345 953 1466 1010 hujus
1486 952 1611 997 seculi
1638 950 1912 1003 vanitatibus,
1935 949 2174 995 concivium
2195 965 2339 995 nume-

1345 1012 1514 1057 rofitate
1532 1011 1801 1068 congaudent
1818 1040 1831 1053 .
1863 1011 2036 1054 Exultet
2059 1009 2218 1053 coelum
2241 1010 2335 1054 lau-

1344 1070 1466 1116 dibus
1478 1101 1493 1125 ,
1509 1070 1681 1116 resultet
1699 1081 1809 1116 terra
1823 1070 2010 1127 gaudiis,
2023 1069 2214 1127 quoniam
2229 1071 2336 1112 San-

1347 1132 1508 1176 &orum
1533 1132 1656 1176 editt‘o
1680 1132 1870 1176 letitiam
1895 1129 2017 1175 habet
2033 1129 2306 1186 plurimorum
2319 1157 2334 1172 .

1350 1191 1489 1236 Valde
1502 1191 1612 1236 enim
1623 1190 1757 1249 pietas
1770 1189 1866 1234 fidei
1879 1190 2033 1247 exigit,
2050 1199 2115 1242 ut,
2129 1188 2243 1250 quod
2258 1201 2334 1245 pro

1346 1250 1479 1296 salute
1494 1252 1720 1296 multorum
1735 1250 1898 1308 geritur
1911 1279 1928 1303 ‚
1941 1251 2224 1294 communibus
2241 1248 2333 1292 ubi-

1343 1310 1840 1416 32¹2⁶1÷3332233⁶22335
1852 1308 2087 1413 {aasz}
2100 1309 2200 1411 '‘22“
2213 1307 2332 1410 ῗέἒέζ

2106 1397 2122 1420 2

1341 1434 1575 1476 Doctorum
1588 1430 1738 1472 concio
1751 1455 1766 1478 ‚
1777 1430 1849 1485 qui
1865 1428 2035 1488 fulgent
2060 1428 2104 1470 in
2117 1427 2210 1470 coelo
2225 1434 2333 1469 tam·-

1336 1503 1459 1546 quam
1472 1489 1606 1545 stelle
1634 1491 1895 1544 snper-petuas
1920 1486 2201 1531 eternitates:
2224 1497 2331 1541 quos

1336 1546 1549 1590 interdum
1588 1545 1745 1589 sanetus
1778 1550 2070 1589 Bonaventura
2107 1553 2324 1601 tamquam

1337 1620 1494 1650 novum
1513 1604 1620 1650 fidus
1634 1634 1651 1658 ,
1669 1619 1719 1650 ex
1735 1605 1810 1649 hac
1826 1604 2135 1663 lachrymarum
2148 1603 2260 1648 valle
2273 1600 2328 1645 ad

1337 1665 1553 1710 coelestem
1565 1694 1583 1718 ,
1608 1664 1871 1722 quoesurlim
1891 1664 1946 1721 est
1967 1662 2222 1722 7nufikm,
2248 1676 2327 1710 vo-

1334 1735 1459 1768 cante
1469 1738 1563 1769 eum
1579 1722 1762 1768 Domino
1774 1723 1969 1779 migraret
1982 1751 1999 1773 ,
2020 1722 2214 1766 emicuit.
2230 1723 2322 1774 Nos

1333 1793 1502 1836 autem,
1534 1783 1605 1840 qui
1619 1779 1864 1838 disponente
1887 1780 2121 1833 Altiffimo,
2154 1778 2206 1823 ad
2231 1780 2327 1823 cul-

1329 1857 1428 1887 men
1450 1839 1713 1901 Apostolattis
1737 1842 1871 1886 eveeti
1883 1869 1898 1892 ‚
1931 1840 2155 1886 Christiani
2182 1838 2324 1895 gregis

1331 1914 1474 1946 euram
1487 1902 1675 1959 gerimus
1692 1929 1708 1952 ,
1722 1914 1847 1957 quem
1859 1914 1936 1954 pro
1946 1899 2094 1940 debito
2104 1896 2321 1953 pastoralis

1331 1960 1456 2001 officii
1478 1986 1495 2009 ‚
1523 1956 1714 2014 joeuodo
1741 1960 1986 2000 Sanctorum
2014 1954 2200 2012 collegio
2225 1970 2326 2001 con-

1332 2016 1519 2058 formare
1530 2042 1546 2066 ·,
1562 2029 1612 2058 ut
1626 2014 1821 2058 debemus
1834 2046 1850 2068 ,
1864 2013 2023 2059 inteolis
2036 2014 2246 2060 defideriis
2259 2013 2323 2059 af-

1329 2072 1545 2128 feetamus3
1557 2074 1746 2119 Eccleliae
1758 2075 1987 2133 militanti(
2001 2088 2080 2132 pro
2091 2074 2217 2133 cujus
2229 2073 2325 2120 oedi-

1326 2132 1523 2179 ficatione
1549 2136 1590 2176 &
1613 2135 1871 2179 incremento
1899 2135 2027 2191 ipsum
2049 2137 2320 2181 Bonaventu·

1323 2206 1412 2237 ram
1434 2193 1477 2235 in
1491 2191 1688 2247 catalogo
1700 2196 1942 2235 Sanctorum
1960 2193 2227 2237 referendum
2241 2194 2319 2238 du-

1324 2250 1499 2307 ximus)
1534 2250 1642 2293 haud
1661 2249 1895 2308 incongrue
1919 2250 2062 2295 dicere
2087 2250 2316 2310 poffumus:

1326 2310 1479 2355 Exulea
1490 2308 1604 2353 hodie
1616 2308 1666 2359 δ’
1678 2310 1800 2354 lauda
1812 2308 2012 2355 habitatio
2024 2315 2126 2367 syon
2142 2339 2158 2364 ‚
2177 2312 2220 2355 id
2226 2313 2284 2358 est
2294 2339 2312 2365 ‚

1325 2368 1561 2414 Christiana
1582 2368 1753 2426 Religio
1765 2397 1781 2421 ‚
1818 2370 1860 2413 in
1883 2384 1966 2428 qua
1994 2381 2200 2428 tamquam
2232 2376 2309 2418 iti-a

1319 2430 1469 2474 Monte
1484 2431 1597 2487 Syon
1610 2455 1627 2480 ,
1651 2443 1729 2486 per
1755 2443 1894 2474 veram
1910 2429 2034 2475 fidem
2054 2430 2214 2474 habitat
2237 2445 2312 2476 ve-

1320 2503 1390 2534 rus
1403 2490 1518 2533 Deus
1529 2518 1546 2543 ‚
1562 2492 1747 2545 quonlam
1766 2502 1934 2548 magnus
1948 2492 1993 2534 in
2006 2490 2132 2535 medlo
2143 2488 2310 2550 tuisbu-

1319 2548 1406 2593 Βω
1422 2576 1436 2591 .
1466 2550 1633 2609 Qippe
1649 2575 1664 2601 ,
1688 2548 1734 2592 in
1761 2550 1886 2593 medio
1903 2549 2075 2607 Ecclesia
2090 2550 2252 2606 aperuit
2269 2564 2309 2595 or

1319 2607 1404 2668 ejus
1421 2633 1437 2658 ‚
1468 2607 1519 2659 b·
1536 2606 1720 2663 inplevit
1745 2622 1833 2652 eura
1852 2609 2047 2652 Dominus
2054 2608 2220 2666 sperius
2229 2610 2309 2670 fi-

1313 2666 1483 2727 plentiae
1495 2695 1512 2721 ‚
1524 2666 1576 2718 θ’
1585 2665 1811 2712 intell-offas
1826 2694 1841 2720 ,
1872 2666 2075 2723 &stolam
2082 2667 2228 2724 glorie
2240 2669 2307 2713 ἰη-

1319 2727 1411 2773 duit
1420 2741 1508 2773 eum
1519 2752 1535 2778 ‚
1550 2726 1602 2777 ὸ·
1613 2725 1823 2771 coronavit
1835 2726 2034 2783 adportas
2043 2727 2231 2785 paradtss
2237 2757 2251 2781 ,
2264 2730 2304 2773 in

1315 2802 1398 2846 qua
1412 2786 1489 2832 uni
1501 2799 1597 2831 cum
1608 2785 1781 2842 Angelis
1796 2784 1930 2844 gloria
1957 2786 1999 2828 &
2013 2783 2218 2831 felicitate
2232 2786 2304 2833 ln·

1317 2857 1431 2893 tatur
1443 2874 1455 2887 ·
1486 2848 1694 2891 Loetemur
1709 2845 1848 2903 itaque
1861 2846 1904 2888 δι
1916 2843 2145 2892 exultemus
2161 2873 2177 2898 2
2207 2846 2302 2905 quia

1316 2905 1495 2953 coelem·
1508 2905 1582 2950 illa
1599 2905 1731 2949 Curia
1754 2918 1808 2949 ex
1834 2904 1952 2950 nobis
1978 2904 2101 2950 habet
2115 2933 2130 2959 ,
2155 2905 2222 2950 eui
2252 2909 2300 2951 fit

1321 2981 1422 3013 cura
1439 2966 1493 3012 de
1511 2965 1627 3010 nobis
1644 2993 1658 3018 ,
1683 2964 1752 3024 qui
1778 2962 1855 3009 suis
1878 2978 1953 3009 nos
1967 2973 2161 3022 protegat
2178 2967 2302 3009 meri-

1321 3027 1376 3072 tis
1391 3056 1406 3081 ,
1419 3040 1525 3085 quos
1538 3021 1781 3070 informavit
1797 3022 2025 3083 exemplis,
2050 3023 2299 3069 illuminavit

1320 3086 1516 3131 doctrinis
1529 3112 1544 3136 ,
1570 3086 1613 3128 δι
1626 3083 1832 3130 miraculis
1856 3081 2146 3139 confirmavit3
2176 3097 2296 3142 quem

1320 3150 1430 3192 Deus
1444 3144 1563 3189 dedit
1576 3145 1729 3188 cunetis
1741 3142 1905 3202 populis
1917 3142 1958 3187 in
1973 3142 2149 3202 gloriam
2161 3143 2200 3186 3:
2216 3144 2293 3187 ho·

1317 3220 1460 3251 norem
1475 3234 1490 3259 ,
1504 3202 1613 3262 cujus
1625 3198 1834 3248 memoria'
1852 3201 1891 3245 in
1917 3201 2203 3247 benedictione
2214 3203 2290 3247 est.

1315 3268 1376 3312 Ea
1392 3279 1566 3324 namque
1575 3263 1628 3309 de
1642 3261 1799 3308 Divinis
1814 3259 1936 3306 rebus
1954 3259 2107 3318 scripsit
2121 3289 2136 3314 ,
2169 3272 2214 3304 ut
2244 3263 2284 3306 in

1313 3342 1366 3372 eo
1381 3327 1558 3383 Spiritus
1570 3323 1736 3370 sannu-
1749 3321 1911 3368 loeutus
1922 3319 2124 3374 videatur,
2135 3320 2189 3363 ita
2204 3323 2288 3378 pie,

1313 3386 1510 3442 religiose
1522 3386 1563 3429 δι
1579 3381 1708 3428 Γιοᾶδ
1719 3382 1820 3427 visit
1834 3408 1850 3435 ,
1863 3389 1907 3424 ut
1920 3377 2076 3438 seriptis
2090 3383 2173 3424 vita
2188 3395 2291 3426 con-

1311 3456 1481 3505 grueret
1493 3472 1510 3499 ,
1536 3445 1579 3489 dt
1589 3441 1700 3502 quod
1716 3440 1917 3487 scribebat
1932 3468 1945 3493 ,
1954 3439 2128 3485 doceret
2142 3454 2286 3485 exem-

1310 3506 1381 3565 plo
1398 3519 1411 3550 ε
1428 3507 1467 3551 in
1483 3518 1567 3565 quo
1579 3516 1742 3549 morum
1760 3501 1892 3546 virtus
1905 3501 1967 3550 ,δι
1983 3499 2183 3557 lignorum
2196 3499 2285 3544 ela-

1309 3568 1405 3611 πίω
1418 3566 1473 3612 ita
1488 3573 1700 3622 comperta
1710 3559 1784 3615 eli,
1802 3569 1845 3604 ut
1858 3559 2183 3619 congruentibus
2198 3574 2285 3605 ma-

1308 3627 1427 3670 ximis
1442 3624 1598 3670 meritis
1617 3624 1658 3667 δι
1674 3618 1882 3666 miraculis
1899 3649 1914 3672 ‚
1942 3634 2043 3665 veroe
2061 3618 2281 3674 sanctitatis

1306 3684 1582 3731 testimonium
1609 3681 1631 3728 1
1658 3681 1862 3727 militante
1880 3678 2060 3725 Ecclelia
2086 3679 2281 3724 debeatur

1304 3745 1440 3791 eidem
1457 3773 1468 3788 .
1502 3746 1609 3788 Nam
1620 3756 1714 3786 cum
1726 3742 1766 3785 in
1784 3740 1883 3784 flore
1900 3740 2060 3785 virente
2088 3737 2282 3794 iuventu-

1304 3806 1358 3852 tis
1373 3834 1389 3861 ,
1414 3803 1600 3851 humanis
1613 3800 1780 3862 abjet‘tis
1796 3799 2006 3846 illecebris
2025 3829 2040 3856 ,
2066 3798 2225 3903 0ᾚὲιί
2242 3795 2279 3844 se
