2444 4192
261 200 370 282 60

309 411 883 460 ARTICULUS
954 414 1063 458 111.

225 532 304 577 cni
315 539 511 592 emp-etat
534 530 754 575 donini-n
779 546 918 577 reru-t
933 530 1149 578 Fratribus

530 592 793 652 eoaecqffaerun
806 621 820 635 .

317 708 359 751 D
373 709 482 758 haec,
510 723 607 753 cum
624 712 791 755 Fratres
803 707 871 765 ipsi
890 707 963 752 sibi
980 707 1083 752 nihil
1099 706 1172 752 iri-s

351 769 516 826 speciali
533 772 747 827 acquirere
760 798 777 821 ,
799 768 867 810 vel
886 783 1033 814 eorum
1046 769 1174 810 Ordi-

188 831 230 871 ni
242 827 405 884 possint,
419 829 544 870 etiam
558 841 598 870 tn
612 828 841 880 communi,
855 828 894 870 Bt
909 843 1002 871 cum
1016 826 1172 882 aliquid

185 898 363 943 propter
392 889 526 929 Deum
552 886 643 944 ipsis
669 887 872 939 offertur,
891 886 1140 931 conceditur
1157 913 1171 936 ,

184 947 228 990 dt
253 946 435 989 donatur
446 969 463 994 ,
476 958 523 988 ea
540 945 567 1047 g
581 945 607 988 si
622 946 736 991 secus
754 961 835 990 non
850 947 1087 1003 exprimat)
1100 940 1168 986 of·

184 1005 356 1050 ferentis
375 1016 538 1051 ‚conce
569 1008 706 1057 entis,
729 1005 794 1049 vel
820 1004 1042 1057 donantis,
1060 1002 1167 1046 veri·

183 1063 368 1108 fimiliter
390 1062 588 1106 credatur
605 1063 719 1106 fuisse
736 1063 913 1106 intentio
928 1090 945 1113 ,
975 1074 1021 1106 ut
1048 1075 1168 1105 rem..

182 1119 419 1179 hujusmodi
432 1119 616 1164 oblatam
633 1150 647 1173 ,
661 1121 893 1164 concefl'am
908 1150 924 1174 ,
938 1122 1008 1165 vel
1035 1120 1169 1162 dona·

180 1193 267 1224 tam
284 1207 300 1232 ,
316 1175 495 1236 perfecte
507 1178 718 1224 concedat
733 1208 751 1232 ,
764 1179 894 1225 donet
910 1207 926 1231 ,
943 1182 985 1223 a:
998 1178 1167 1230 offerat,

180 1243 206 1285 'a
221 1238 434 1283 seabdicet
453 1266 468 1291 ,
496 1252 543 1280 ac
570 1240 612 1281 in
639 1239 746 1283 alios
778 1235 1001 1283 transferre
1024 1238 1166 1294 cupiat

181 1307 359 1354 propter
376 1300 510 1341 Deum
525 1309 542 1351 3
570 1311 643 1343 nec
672 1298 718 1340 sit
733 1299 907 1355 persona
920 1327 936 1350 ‚
952 1299 991 1342 in
1007 1311 1172 1355 quam.»

180 1358 280 1402 loco
300 1355 382 1400 nei
397 1356 692 1413 congruentius
710 1356 947 1417 hujusmodi
957 1359 1018 1402 rei
1033 1357 1170 1402 domi·

179 1417 293 1461 nium
315 1414 593 1460 transferatur
615 1445 632 1470 ‚
658 1423 785 1475 quam
812 1418 941 1463 Sedes
972 1417 1170 1476 praefata,

178 1475 248 1519 vel
262 1473 435 1532 persona
460 1477 639 1520 Romani
655 1475 870 1522 Pontificis
886 1507 903 1530 ,
915 1477 1073 1522 Christi
1090 1476 1168 1520 Vi-

179 1535 280 1579 carii
292 1560 307 1585 ‚
333 1535 405 1593 qui
437 1537 563 1580 Pater
578 1536 632 1580 est
646 1539 831 1582 omnium
844 1566 859 1588 ‚
878 1538 918 1579 &
934 1539 1168 1581 Fratrum..-

179 1594 397 1638 uiuorum
415 1594 685 1642 nihilominus
710 1597 893 1655 specialis
910 1608 929 1651 3
953 1611 1004 1641 ne
1018 1596 1167 1641 talium

180 1666 326 1697 serum
340 1653 414 1697 sub
427 1654 594 1697 incerto
610 1657 802 1701 videatur
815 1656 893 1701 effe
916 1657 1164 1709 dominium3

179 1724 275 1755 cum
289 1714 403 1757 Patri
417 1712 545 1758 Filius
558 1714 633 1757 suo
648 1716 778 1760 modo
790 1743 807 1768 ,
838 1723 991 1761 Servus
1019 1717 1170 1760 Domi·

178 1785 237 1815 no
248 1796 263 1821 ,
276 1773 316 1815 &
332 1774 563 1817 Monachus
579 1775 833 1820 Monasterio
846 1804 861 1828 ,
877 1791 940 1820 res
959 1777 1031 1821 sibi
1045 1775 1168 1822 obla-

179 1841 243 1897 tas
258 1858 274 1883 ‚
290 1828 497 1876 concessas
508 1861 525 1886 ,
540 1833 605 1877 vel
618 1835 795 1879 donatas
814 1837 1029 1896 acquirant
1042 1850 1059 1892 ;
1073 1849 1168 1879 om-

177 1902 294 1933 ntum
319 1890 574 1942 utensilium,
600 1894 863 1939 &librorum
876 1925 894 1949 ,
920 1912 968 1940 ac
981 1910 1166 1941 eorum..-

176 1948 400 1993 mobilium
417 1950 675 2005 presentium
688 1983 706 2007 ,
719 1955 761 1997 δι
774 1952 1012 1999 futurorum
1029 1985 1044 2009 ,
1059 1969 1165 2012 que,

177 2010 221 2052 ἀ
234 2021 416 2067 quorum
431 2008 547 2054 usum
561 2011 582 2070 (
597 2012 690 2057 facti
703 2013 863 2059 scilicet
876 2015 899 2073 )
912 2015 1080 2065 Ordini,
1097 2015 1164 2058 vel

177 2070 397 2112 fratribus
415 2068 504 2125 ipsis
521 2069 623 2115 licet
652 2074 803 2116 habere
817 2101 833 2123 ‚
860 2075 1164 2128 proprietatem

176 2129 218 2170 Gt
233 2126 498 2182 dominium(
508 2129 621 2181 quod
635 2131 758 2171 etiam
774 2128 844 2169 sel.
858 2127 1163 2169 recordationis

174 2185 449 2228 Innocentius
476 2184 584 2240 Papa
616 2185 694 2228 tv.
723 2182 995 2230 Praedecess‘or
1028 2186 1165 2230 noster

176 2238 313 2286 secisse
338 2242 632 2301 dignoscitur)
658 2244 700 2286 in
722 2248 812 2287 Nos
838 2246 880 2286 δι
899 2246 1164 2287 Romanam...

175 2302 397 2346 Ecclesiam
410 2299 651 2355 Apostolica
664 2302 911 2345 auetoritate
925 2301 1164 2359 recipimus,

174 2364 220 2406 δι
233 2361 285 2404 ad
301 2363 389 2403 Nos
404 2386 420 2412 ‚
432 2359 471 2401 δι
490 2358 612 2415 ipsam
626 2360 852 2404 Ecclesiam
870 2360 996 2416 plene
1010 2388 1026 2412 ,
1051 2361 1092 2403 δι
1117 2359 1166 2404 li·

176 2422 279 2467 ber'e
294 2421 509 2477 pertinere
521 2445 537 2470 ,
553 2418 628 2461 hac
646 2419 831 2475 presenti
851 2420 1169 2464 Constitutione

183 2483 228 2526 in
250 2487 502 2538 perpetuum
517 2477 694 2522 valitura
706 2475 905 2522 sancimus
920 2507 934 2521 .

301 2541 504 2584 Psaetesea
532 2536 627 2581 loca
654 2549 795 2595 empta
822 2538 875 2582 de
902 2537 1172 2596 eleemosynis

179 2598 378 2647 diversis,
398 2598 439 2640 &
453 2594 598 2639 oblata
614 2625 629 2650 ,
653 2596 716 2642 seu
732 2596 920 2642 concessa
937 2599 1144 2644 Fratribus
1155 2626 1171 2652 ,

179 2663 251 2707 sub
264 2669 523 2715 quacumque
540 2652 675 2701 forma
690 2658 943 2714 verborum(
958 2659 1056 2703 licet
1074 2660 1170 2704 Pra-

180 2730 271 2764 tres
288 2718 357 2761 sibi
371 2729 522 2760 cavere
535 2716 719 2761 debeant
733 2746 749 2771 ‚
778 2718 892 2777 quod
907 2719 947 2761 in
966 2717 1171 2776 hujusmo-

183 2778 228 2823 di
259 2778 396 2822 verbis
436 2775 553 2819 statui
579 2774 651 2820 suo
676 2779 1048 2835 incompetentibus
1086 2793 1169 2824 non

181 2848 356 2885 utantur
376 2837 396 2894 )
418 2833 620 2879 ldirersis
634 2861 650 2886 ,
677 2835 742 2882 seis
757 2851 834 2894 pro
847 2838 1025 2882 indiviso
1051 2838 1171 2896 poili-

181 2898 373 2942 dentibus
389 2923 405 2948 ,
431 2891 495 2939 seu
512 2906 644 2941 certas
669 2908 808 2954 partes
823 2899 863 2941 in
876 2897 969 2956 ipsis
983 2898 1086 2943 locis
1100 2899 1170 2945 ha·

184 2956 376 3003 bentibus
389 2980 405 3006 ,
431 2954 473 2997 in
487 2957 638 3013 quibus
651 2955 722 3014 ipsi
734 2955 983 3014 possidentes
1011 2973 1092 3016 pro
1110 2960 1168 3001 in·

183 3016 319 3061 diviso
333 3042 348 3064 ‚
379 3016 446 3060 scu
481 3025 619 3059 certas
646 3027 783 3074 partes
813 3017 1011 3065 habentes
1024 3046 1039 3071 ‚
1065 3018 1171 3063 nihil

186 3076 257 3123 sibi
273 3078 312 3119 in
331 3074 547 3120 oblatione
569 3076 636 3121 seu
653 3077 915 3124 concessione
938 3078 1173 3136 huiusmodi

186 3133 432 3181 reservarint
449 3134 662 3188 ‚similiter
688 3136 727 3180 in
744 3135 835 3194 jus,
866 3138 1098 3183 dominium
1123 3154 1171 3183 ac

188 3196 491 3255 proprietatem
503 3194 682 3240 nostram
692 3196 734 3240 δι
751 3196 941 3244 Ecclesia
954 3198 1172 3258 predictis,

188 3259 333 3300 cadem
347 3257 590 3300 auctoritate
605 3253 836 3313 suscipimus
851 3289 866 3303 .

307 3317 419 3360 Loca
437 3316 559 3368 vero,
585 3318 646 3360 feu
658 3315 816 3361 Domos
831 3333 908 3378 pro
922 3318 1174 3364 habitatione

188 3374 380 3418 fratrum
395 3375 418 3420 fl
433 3374 623 3434 singulari
656 3375 857 3433 persona,
885 3379 950 3424 vel
974 3380 1170 3436 Collegio

188 3433 277 3491 ipsis
295 3435 500 3479 Fratribus
514 3449 567 3481 ex
582 3436 749 3494 integro
774 3439 1038 3484 concedenda
1053 3466 1068 3490 ,
1098 3438 1166 3484 scu

187 3494 313 3540 etiam
360 3493 566 3541 offerenda
595 3496 615 3554 (
656 3496 683 3539 si
720 3496 819 3540 talia
857 3498 909 3544 de
948 3499 1164 3544 voluntate

188 3552 436 3598 conserentis
456 3557 619 3600 Fratres
636 3554 864 3602 inhabitare
890 3560 1112 3614 contigerit
1154 3559 1175 3617 )

266 3610 472 3657 sciverante
497 3617 654 3659 tantum
668 3618 938 3663 concedentis
962 3619 1176 3662 voluntate

208 3671 450 3724 nbsbitent3
487 3684 526 3715 at
559 3674 628 3717 illa
658 3677 784 3721 libere
818 3677 840 3734 (
864 3688 1010 3734 preter
1032 3678 1176 3723 Eccle-

192 3732 289 3775 siam
304 3731 541 3774 &oratoria
571 3744 609 3774 at
630 3736 852 3779 Ecclesiam
881 3737 1078 3782 destinata
1093 3766 1107 3790 ‚
1137 3739 1177 3781 &

193 3791 475 3835 ceneten-iuni
504 3820 519 3843 ,
544 3805 630 3848 qua
672 3805 753 3835 tam
780 3795 984 3851 presentia
1008 3824 1022 3847 ,
1048 3798 1171 3854 quim

192 3847 332 3896 sutura
343 3854 384 3895 in
398 3863 461 3910 ,us
474 3852 511 3894 δι
526 3852 824 3910 proprietatem
837 3855 1016 3900 nostram
1029 3859 1069 3900 ἀ
1087 3857 1175 3902 Ro·

782 190 975 284 Sub
1035 190 1372 284 Nicolao
1434 192 1612 284 III.

1243 370 1366 400 mana:
1391 355 1581 400 Ecclesiae
1610 354 1730 399 simili
1756 355 1886 399 modo
1910 355 1950 398 δι
1970 356 2222 401 auctoritate

1240 417 1489 470 recipimus.
1515 417 1537 475 )
1562 416 1719 458 mutata
1733 419 1996 460 concedentis
2029 419 2223 461 volunta-

1238 484 1309 523 te,
1339 488 1386 515 ac
1403 475 1494 531 ipsis
1510 477 1722 520 Fratribus
1753 477 1952 531 patefacta
1980 477 2221 528 dimittant,

1238 532 1279 572 in
1293 546 1471 588 quorum
1502 536 1690 578 locorum
1707 534 1894 576 dominio
1909 535 1972 579 l'eu
1986 539 2222 593 proprieta-

1236 598 1277 631 te
1294 618 1310 642 ,
1330 593 1428 635 nihil
1444 596 1576 637 Nobis
1604 596 1667 637 vel
1682 590 1855 650 praefatae
1882 593 2092 646 Ecclesiae,
2120 595 2223 639 reti-

1234 662 1377 694 nemus
1393 654 1592 705 omnino,
1609 652 1676 695 nisi
1693 668 1737 696 ea
1756 651 1979 708 specialiter
1996 653 2050 696 de
2067 656 2220 706 nostru,

1232 703 1303 750 seu
1318 710 1438 765 ipsius
1459 715 1654 755 Romanae
1672 712 1858 755 Eccleliae
1889 710 2136 767 recipiantur
2163 714 2225 754 as-

1234 763 1347 811 sensu
1362 797 1378 821 ,
1403 773 1445 813 &
1464 772 1491 812 fi
1505 772 1545 812 in
1557 770 1708 813 eisdem
1736 771 1838 812 locis
1858 769 2134 815 reservaverit
2148 772 2223 814 do·

1234 826 1405 870 minium
1419 829 1490 871 fibi
1507 829 1547 871 in
1560 829 1830 872 concedendo
1845 830 2078 872 concedens
2092 856 2106 880 ,
2125 843 2227 885 prae·

1229 891 1294 947 ter
1344 887 1686 931 inhabitationem
1731 890 1922 931 Fratrum
1966 887 2051 931 tale
2089 889 2226 931 domi·

1228 954 1342 986 nium
1368 945 1411 986 in
1437 945 1499 1002 jus
1515 945 1707 989 Ecclefiae
1736 947 1832 1001 saepe
1853 948 1966 990 dietae
2000 960 2082 991 non
2116 959 2228 992 tran·

1226 998 1312 1043 seat
1335 1029 1351 1053 ,
1380 1002 1447 1047 sed
1491 1006 1633 1061 potius
1676 1005 1798 1060 plene
1838 1005 2017 1049 liberum
2064 1014 2226 1050 maneat

1229 1061 1512 1106 concedenti.
1542 1062 1711 1116 Insuper
1739 1089 1755 1112 ,
1778 1074 1860 1104 nec
1891 1064 2079 1106 utensilia
2097 1093 2113 1116 ,
2150 1078 2225 1107 nec

1228 1118 1341 1171 alia,
1372 1133 1547 1175 quorum
1563 1119 1680 1163 usum
1708 1119 1761 1160 ad
1777 1119 2053 1163 necessitatem
2079 1123 2120 1163 ⁴&
2136 1121 2228 1163 offi-

1228 1178 1392 1222 ciorum
1403 1177 1460 1222 sui
1477 1177 1598 1223 statiis
1614 1187 1904 1223 executionem
1926 1178 2024 1223 licet
2039 1180 2229 1226 habero

1226 1237 1331 1293 (non
1359 1238 1667 1283 eniniomnium
1694 1251 1830 1282 rerum
1845 1237 1957 1280 usum
1990 1240 2140 1282 habere
2156 1240 2231 1282 de·

1233 1300 1361 1349 bent,
1387 1298 1598 1343 utdit‘tum
1614 1299 1709 1359 est)
1734 1298 1786 1341 ad
1813 1295 1941 1341 ullam
1970 1298 2228 1355 superfluita-

1232 1365 1348 1410 tem,
1379 1358 1575 1412 divitias,
1604 1358 1670 1402 seu
1692 1357 1853 1415 copiam
1883 1387 1901 1410 ‚
1927 1372 2015 1417 quae
2043 1359 2226 1415 deroget

1230 1418 1471 1474 paupertati
1515 1444 1532 1468 ,
1585 1416 1651 1462 vel
1692 1416 1744 1460 ad
1789 1416 2171 1462 thesaurizationem
2203 1444 2218 1470 ,

1231 1475 1297 1519 vel
1324 1491 1378 1521 eo
1416 1479 1585 1528 animo,
1627 1486 1677 1522 ut
1731 1490 1778 1520 ea
1820 1477 2048 1521 distrahant
2109 1476 2230 1522 sive)

1230 1535 1437 1589 vendant,
1464 1537 1670 1594 recipiant
1685 1563 1700 1589 ,
1717 1550 1809 1580 ‚nec
1832 1532 1906 1581 sub
1924 1538 2071 1582 colore
2087 1537 2231 1595 provi-

1229 1595 1383 1640 dentiae
1396 1598 1436 1641 in
1451 1598 1640 1642 futurum
1652 1626 1668 1651 ‚
1697 1610 1773 1640 nec
1786 1595 1866 1642 alia
1880 1597 2123 1641 occasione:
2139 1595 2229 1653 qui·

1231 1656 1348 1699 nimo
1373 1657 1415 1700 in
1445 1656 1638 1701 omnibus
1669 1666 1866 1714 appareat
1894 1656 1935 1700 in
1966 1658 2060 1708 eis,
2090 1653 2229 1714 quoad

1229 1714 1491 1767 dominium,
1522 1716 1767 1760 omnimoda
1780 1715 2016 1767 abdicatio,
2048 1716 2142 1759 &in
2158 1712 2230 1756 usu

1228 1773 1469 1819 necessitas.
1503 1779 1597 1821 Hoc
1635 1786 1777 1818 autem
1816 1775 2036 1819 secundum
2066 1775 2230 1831 exigen-

1226 1835 1331 1878 tium
1346 1834 1613 1891 personarum
1627 1836 1670 1878 δι
1683 1835 2073 1885 locorum,Mini'stri
2086 1836 2127 1877 δι
2142 1837 2230 1877 Cu·

1228 1893 1358 1938 stodes
1374 1894 1489 1938 simul
1517 1894 1783 1951 &separatim
1813 1896 1854 1937 in
1883 1894 1961 1939 suis
1974 1892 2233 1938 administra·

1227 1952 1412 1999 tionibus
1426 1956 1465 1998 δι
1479 1954 1691 1999 custodiis
1708 1968 1801 1997 cum
1818 1951 2068 1996 discretione
2094 1951 2232 2006 dispo-

1228 2024 1325 2056 nant
1339 2042 1356 2064 ‚
1384 2028 1479 2057 cum
1497 2013 1551 2055 de
1563 2013 1714 2056 talibus
1728 2011 1939 2054 interdum
1957 2009 2230 2065 personarum

1227 2071 1430 2123 qualitas,
1445 2079 1683 2123 temporum
1698 2069 1873 2109 varietas
1889 2097 1902 2118 ,
1919 2067 2108 2112 locorum
2125 2082 2231 2112 con·
2294 2105 2308 2112 κ

1226 2125 1333 2168 ditio
1346 2153 1361 2176 ,
1381 2126 1423 2167 δι
1437 2124 1643 2169 nonnullae
1660 2124 1748 2169 aliae
1761 2127 2074 2172 circumstantiae
2093 2157 2109 2182 ‚
2136 2127 2229 2186 plur

1227 2183 1412 2226 minusve
1424 2212 1439 2233 ‚
1453 2198 1502 2227 ac
1516 2184 1638 2226 aliter
1650 2185 1870 2238 provideri
1885 2189 2099 2239 requirant
2113 2216 2126 2230 .
2146 2189 2225 2231 Ista

1224 2249 1362 2281 tamen
1375 2239 1428 2282 sic
1442 2237 1594 2283 faciant
1605 2265 1620 2288 ,
1649 2241 1759 2296 quod
1789 2239 1945 2298 semper
1969 2245 2010 2286 in
2025 2244 2084 2288 eis
2097 2246 2140 2286 &
2154 2259 2227 2287 eo-

1225 2310 1318 2341 rum
1358 2298 1513 2342 actibus
1551 2308 1770 2356 paupertas
1818 2303 1951 2345 san-{ia
1993 2302 2178 2347 reluceat
2208 2330 2225 2357 ,

1231 2367 1356 2461 gout
1372 2357 1463 2416 ipsis
1487 2371 1536 2404 ex
1551 2371 1698 2404 eorum
1714 2359 1857 2417 regula
1883 2360 2095 2407 invenitur
2110 2363 2222 2409 indi-

1272 2430 1296 2460 a
1306 2443 1322 2460 o

1360 2534 1935 2585 ARthtJLus
1995 2542 2092 2588 IV.

1411 2657 1478 2701 De
1499 2656 1755 2717 themistius
1767 2659 2016 2717 pecuniariis
2030 2688 2045 2704 .

1356 2775 1554 2831 merum,
1571 2778 1718 2822 eumin
1732 2776 1877 2823 eadem
1898 2777 2059 2835 Regula
2077 2777 2125 2822 sit
2143 2774 2217 2821 sub

1370 2837 1556 2893 precepti
1573 2836 1827 2883 districtione
1855 2840 2112 2896 prohibitum
2127 2865 2142 2891 ,
2173 2849 2221 2879 ise

1232 2900 1400 2943 Fratres
1412 2897 1608 2953 recipiant
1626 2906 1704 2954 pes·
1714 2898 1846 2956 stne!
1875 2907 1946 2957 per
1960 2899 2056 2942 allos
2100 2898 2223 2941 dena-

1232 2960 1312 3001 rlsi
1329 2985 1346 3011 ,
1375 2959 1656 3014 velpa-cuniam
1685 2958 1768 3002 ulls
1806 2960 1954 3013 modu
1982 2957 2106 3015 idque
2125 2959 2222 3001 Fra·

1233 3027 1324 3062 tres
1339 3017 1630 3075 inperpetuum
1648 3017 1804 3063 servare
1828 3019 2020 3077 cupiant,
2045 3018 2086 3061 δι
2103 3014 2219 3060 velut

1237 3076 1461 3135 injunssum
1489 3073 1643 3122 necesse
1671 3077 1844 3122 habeant
1873 3076 2101 3135 adimplere
2129 3087 2144 3129 3
2169 3077 2221 3118 ne

1235 3137 1409 3194 ipsorum
1436 3138 1594 3194 puritas
1617 3136 1656 3180 in
1671 3136 1903 3194 hujusmodi
1929 3135 2220 3182 observatione

1234 3196 1426 3255 precepti
1446 3195 1679 3242 maculetur
1701 3197 1744 3242 in
1769 3197 1940 3255 aliquo,
1966 3198 2006 3240 δι
2043 3209 2095 3241 ne
2122 3195 2220 3238 Fra-

1233 3266 1345 3302 trum
1371 3256 1632 3303 conscientioe
1684 3255 1738 3300 ali
1770 3256 1887 3301 uibus
1913 3254 2064 3300 aculeis
2082 3254 2218 3299 stimu-

1235 3314 1372 3362 lentur
1411 3330 1429 3372 ς
1463 3313 1684 3363 articulum
1724 3316 1735 3360 i
1772 3330 1840 3360 um
1869 3325 2040 3374 propter
2077 3314 2217 3359 detra-

1236 3376 1425 3421 hentium
1463 3375 1619 3421 morsus
1661 3374 1902 3433 profundius
1939 3376 2061 3434 quim
2093 3373 2214 3418 nostri

1229 3434 1533 3493 predecessores
1548 3433 1735 3489 fecerint,
1747 3435 1985 3481 assumentes
2000 3461 2013 3487 ,
2026 3449 2073 3478 ac
2090 3433 2214 3491 ipsum

1228 3496 1470 3542 clarioribus
1511 3494 1922 3541 determinationibus
1963 3494 2216 3552 prosequen-

1236 3567 1321 3607 tes,
1345 3555 1518 3602 dicimus
1537 3555 1579 3599 in
1596 3554 1768 3611 primis,
1790 3555 1903 3614 quod
1922 3581 1936 3604 ,
1967 3557 2132 3599 Fratres
2150 3555 2217 3611 ipsi

1238 3615 1428 3661 smutuii
1441 3612 1730 3661 contrahendis
1745 3614 2002 3669 abstineant3
2037 3629 2130 3659 cum
2158 3614 2215 3657 eis

1239 3688 1425 3721 mutuum
1447 3675 1693 3721 contrahere
1709 3703 1724 3729 ,
1746 3675 1922 3732 ipsorum
1964 3675 2066 3720 slatu
2093 3672 2220 3719 consi-

1237 3738 1413 3788 derato,
1438 3749 1520 3779 non
1536 3733 1687 3779 liceats
1725 3734 2019 3793 possinttamen
2054 3737 2121 3792 ipsi
2140 3746 2218 3792 pro

1233 3793 1505 3843 satisfactione
1536 3794 1747 3846 facienda,
1780 3810 1854 3854 pro
1878 3809 2023 3840 eorum
2048 3793 2218 3839 necessi-

1240 3856 1392 3903 tatibus
1404 3882 1418 3908 ,
1432 3869 1518 3914 qun
1534 3869 1611 3914 pro
1626 3866 1811 3914 tempore
1822 3857 2083 3960 occurreri‘nt
2098 3854 2217 3958 §.ces-

2051 3930 2099 3960 an
2123 3927 2158 3957 i-
