2444 4192
780 183 951 268 Sub
1010 186 1434 272 Innocentio
1494 188 1698 273 XII.

246 342 396 377 ‘ventus
410 363 427 384 ,
458 342 530 375 aut
547 333 624 376 alia
642 332 936 389 Religiosorum
952 339 1144 381 Virorum
1158 340 1216 382 lo-

254 408 302 437 ca
319 392 478 435 fundari
495 422 510 442 ,
541 394 640 449 erigi
654 421 669 445 ,
697 404 762 434 aut
775 394 917 449 quovis
934 398 1056 436 modo
1071 398 1219 440 institui

252 453 403 495 debere
417 480 431 503 ,
443 452 508 492 nisi
524 453 590 493 sub
603 450 777 508 expressa
802 451 1051 506 obligatione
1074 458 1216 496 exanae

249 512 343 554 vitae
377 512 597 553 communis
627 513 677 553 ab
702 510 887 552 omnibus
924 512 1137 566 Religiofis
1161 512 1215 552 ibi

253 569 602 612 commorantibus
612 570 808 627 perpetuo
820 595 836 619 ,
864 569 903 609 &
925 569 1121 610 inviolate
1136 569 1214 609 ser-

250 630 389 670 vandae
401 641 417 681 3
429 642 476 671 ac
489 640 702 684 propterea
718 627 845 671 nullas

252 687 392 730 tendas
407 685 918 743 hujusmodifundationes,
945 685 1014 727 nili
1029 710 1044 734 ,
1071 696 1213 740 praeter

250 745 325 787 alia
338 747 388 789 ad
401 746 444 788 id
461 746 643 801 requifita
656 775 671 800 ,
699 745 807 803 prius
829 743 1010 803 legitime
1022 743 1213 785 constite-

246 804 330 855 rit,
345 802 470 848 adesse
484 818 636 849 annuos
651 804 849 853 redditus,
864 803 930 848 vel
945 812 1096 846 certam
1105 801 1214 844 elee-

252 862 508 917 mosynarum
531 863 636 919 spem
650 891 665 914 ‚
690 864 833 931 quibus
847 862 1057 905 duodecim
1073 861 1213 904 saltem

251 919 448 977 Religiofi
476 922 516 965 in
530 925 665 966 exafia
679 933 760 966 vita
780 922 984 966 communi
997 920 1212 963 commode

254 978 417 1022 valcant
430 978 632 1025 sustentari
643 1011 655 1024 .

368 1042 464 1082 Non
478 1039 720 1084 obstantibus
732 1041 839 1085 circa
854 1037 1039 1098 praemiss'a
1053 1039 1185 1082 omnia
1195 1066 1212 1090 ‚

244 1094 286 1136 δι
302 1094 451 1152 lingula
468 1099 858 1150 Constitutionibus,
880 1101 919 1142 &
933 1098 1211 1142 Ordinationi-

243 1152 317 1195 bus
335 1154 569 1211 Apostolicis
583 1183 598 1206 2
624 1171 787 1201 necnon
813 1169 1208 1215 quorumcumque.)

245 1211 443 1255 Ordinum
458 1213 628 1257 Statutis
642 1243 658 1267 ‚
672 1214 1024 1260 consuetudinibus
1038 1244 1053 1268 ,
1082 1215 1209 1270 privi-

243 1267 360 1323 legiis
376 1296 391 1319 ‚
415 1270 641 1328 eaeteril‘cJue
654 1274 870 1315 contrariis
883 1272 1181 1330 quibuscunque
1194 1301 1208 1314 .

357 1327 421 1372 Ad
434 1338 660 1372 extremum
675 1330 818 1372 eadem
831 1332 952 1373 Sacra
967 1331 1210 1384 Congrega-

243 1385 303 1428 tio
320 1386 542 1442 Regulares
555 1401 692 1431 omnes
704 1412 721 1438 ,
735 1385 1018 1444 cujuscumque
1035 1387 1210 1437 Ordinis,

244 1443 558 1489 &.1nstitutifint
569 1474 586 1496 ,
599 1447 827 1491 sanctitatis
843 1450 929 1491 Suae
943 1446 1093 1499 verbis,
1107 1443 1210 1490 serio

249 1501 439 1546 admonet
453 1528 468 1554 ,
478 1503 519 1545 δι
533 1503 574 1545 in
590 1504 767 1547 Domino
777 1504 999 1548 obtestatur
1010 1530 1025 1552 ‚
1041 1513 1085 1546 ut
1097 1504 1209 1546 omni

245 1558 362 1616 mora
373 1560 586 1619 postpolita
598 1587 613 1612 ,
625 1561 738 1605 licuti
752 1560 856 1607 filios
873 1562 1120 1606 obedientiae
1134 1562 1210 1605 de-

244 1627 313 1661 cet
326 1647 342 1672 ,
356 1618 406 1661 ad
421 1620 586 1674 Regulae
602 1647 616 1672 ,
640 1634 757 1676 quam
776 1620 949 1678 amplexi
966 1622 1052 1665 sunt
1068 1649 1083 1673 ‚
1108 1634 1210 1676 prae-

245 1675 435 1733 scriptum
463 1679 585 1720 vitam
599 1677 806 1723 instituant
820 1706 834 1731 ,
868 1680 909 1721 δι
933 1687 1208 1735 componant,

249 1733 517 1791 Decretisque
530 1734 768 1793 Apostolicis
792 1750 867 1793 pro
890 1746 1035 1781 oeterna
1050 1736 1209 1782 illorum

245 1793 371 1836 litlute
399 1792 519 1837 editis
547 1794 697 1838 sincere
717 1823 732 1847 ,
762 1810 807 1838 ae
822 1793 1000 1840 fideliter
1013 1804 1209 1852 pareant,

241 1864 314 1894 nec
330 1851 380 1895 ab
391 1865 531 1896 eorum
541 1852 790 1897 observantia
804 1854 983 1898 inanibus
1011 1858 1211 1911 interpre-

245 1909 470 1954 tationibus
485 1941 500 1964 ‚
511 1914 551 1955 δι
565 1910 728 1956 fallaciis
743 1938 758 1963 ,
787 1922 858 1955 aut
884 1914 1211 1956 relaxationum„

159 2023 162 2027 ι
242 1970 525 2026 praetextibus,
556 1971 605 2013 ad
620 1969 859 2014 excusandas
873 1971 1146 2016 excusationes
1169 1973 1210 2014 in

245 2029 418 2082 peccatis
435 2054 449 2077 ‚
474 2028 617 2074 abduci
648 2027 685 2071 se
697 2028 846 2082 finant3
874 2028 940 2072 sed
958 2028 1209 2073 Professronis

241 2085 316 2129 suae
332 2100 623 2144 memores,qua
637 2086 675 2130 se
689 2096 798 2130 totos
813 2088 888 2130 Dei
900 2087 1086 2145 obsequio
1099 2102 1209 2131 man·

242 2145 428 2200 ciparunt
441 2175 458 2197 ,
471 2147 690 2202 susceptum
703 2146 934 2190 Christiana:
949 2146 1207 2204 perfectionis

242 2204 322 2247 iter
337 2231 350 2254 ‚
363 2203 533 2247 arduum
548 2204 712 2259 quidem
725 2232 739 2256 ‚
765 2203 831 2248 sed
845 2205 1001 2248 Divinae
1030 2205 1205 2249 charita-

239 2261 293 2305 tis
309 2261 524 2306 dulcedine
537 2261 754 2318 aspersum,
769 2262 931 2316 abiectis
946 2274 1203 2308 terrenarum

239 2333 377 2365 rerum
396 2321 502 2363 curis
515 2349 532 2373 ‚
546 2321 737 2366 alacriter
749 2321 1053 2380 prosequantur:
1071 2323 1204 2366 Nimis

240 2379 346 2423 enim
360 2388 478 2435 turpe
490 2377 583 2424 effet
596 2407 610 2432 ‚
629 2393 695 2424 eos
708 2381 758 2424 ad
779 2380 975 2426 saecularia
991 2381 1204 2434 defideria,

237 2437 381 2493 quibus
395 2435 536 2490 semel,
546 2437 749 2495 aspirante*
761 2439 936 2484 Domino
947 2468 962 2492 ‚
992 2439 1204 2484 renuncii-

236 2505 333 2540 runt
347 2496 548 2548 ,animum
563 2510 754 2541 revocare
767 2526 783 2550 ‚
794 2500 836 2542 δι
847 2499 1067 2554 obligatam
1085 2503 1175 2542 Deo
1188 2525 1203 2547 ‚

239 2556 308 2612 qui
322 2568 401 2598 non
411 2553 636 2607 irridetur,
657 2556 829 2611 primam
845 2555 963 2599 fidem
977 2559 1131 2601 irritam
1148 2557 1206 2600 fa-

237 2626 331 2657 cere
344 2641 357 2655 .
387 2612 647 2657 Meminerint
660 2642 675 2666 ,
697 2611 736 2657 se
745 2612 797 2657 ad
805 2614 1050 2671 peculiarem
1063 2616 1207 2660 salva-

239 2673 342 2715 toris
357 2671 493 2715 Nostri
507 2669 715 2729 sequelam·
722 2682 884 2717 vocatos
899 2699 914 2722 ‚
926 2675 993 2729 qui
1007 2702 1022 2726 ‚
1036 2688 1127 2718 cum
1140 2673 1205 2716 di·

240 2742 310 2772 ves
322 2725 421 2772 esset
430 2755 447 2781 ‚
460 2739 629 2786 propter
641 2743 712 2772 nos
725 2744 871 2786 egenus
893 2730 1016 2774 faetus
1030 2732 1085 2775 est
1101 2759 1117 2783 ‚
1134 2746 1205 2775 ve-

238 2795 448 2844 teremque
461 2785 624 2830 illorum
639 2786 840 2831 Fidelium
864 2788 1056 2845 gloriosos
1071 2790 1204 2833 imita·

239 2855 350 2890 tores
365 2873 381 2897 ,
403 2859 450 2889 ac
466 2844 595 2889 veluti
609 2845 782 2889 haeredes
795 2845 872 2890 effe
887 2875 902 2898 ,
931 2860 1102 2902 quorum
1115 2857 1205 2891 erat

246 2918 320 2947 cor-
332 2916 454 2947 unum
472 2929 488 2953 ,
511 2903 551 2946 &
563 2903 691 2946 aalma
703 2917 780 2946 una
793 2932 807 2956 ‚
832 2919 906 2948 nec
921 2905 1127 2962 quisquam
1140 2919 1206 2948 eo·

240 2976 329 3006 rum
341 2990 357 3016 ,
397 2975 456 3005 uoe
467 2960 704 3017 poffidebat,
718 2962 870 3019 aliquid
885 2965 994 3007 suum
1007 2963 1080 3008 effe
1094 2966 1208 3008 dice-

241 3022 310 3065 bat
323 3049 340 3072 ,
366 2976 432 3064 iled
444 3030 560 3064 erant
579 3019 660 3063 illis
672 3023 803 3064 omnia
814 3023 1039 3067 communia
1061 3051 1076 3075 ‚
1103 3023 1207 3066 divi—

243 3078 559 3122 debaturautem
583 3078 766 3135 lingulis,
794 3090 916 3136 prout
941 3081 1082 3137 cuique
1103 3094 1206 3138 opus

241 3147 356 3191 esav,
370 3139 543 3194 ideoque
558 3137 598 3179 in
613 3138 828 3194 Regularis
854 3140 942 3182 vitae
954 3166 970 3190 ‚
992 3154 1038 3182 ac
1066 3141 1205 3195 praeci-

240 3196 319 3254 pue
331 3199 481 3241 Sanctae
492 3196 763 3252 Paupertatis,
778 3212 862 3254 quae
876 3198 930 3242 est
947 3212 1084 3254 parens
1098 3213 1203 3255 quae-

241 3254 334 3299 dnm
345 3255 627 3312 generatioque
644 3257 838 3300 virtutum
852 3285 868 3309 ,
895 3256 1100 3312 propofito
1113 3272 1203 3313 per-

242 3312 426 3359 severent
437 3340 455 3362 2
477 3328 635 3357 omnem
649 3314 945 3359 solicitudinem
961 3317 1067 3359 suam
1082 3315 1207 3372 proji-v

244 3372 395 3416 cientes
405 3373 446 3415 in
461 3387 551 3416 eum
564 3401 579 3425 ,
601 3372 716 3430 cujus
739 3374 850 3417 oculi
864 3376 902 3417 in
922 3387 1112 3431 pauperes
1126 3373 1204 3418 rel:

244 3429 419 3486 picium,
430 3433 499 3495 qui
511 3446 594 3475 non
608 3431 850 3488 derelinquit
867 3433 1065 3488 sperantes
1081 3434 1118 3475 in
1135 3435 1172 3477 se
1186 3461 1203 3484 ‚

243 3487 436 3533 seddim
457 3491 499 3533 in
521 3490 789 3535 misericordia
801 3494 1056 3548 centuplum,
1084 3493 1125 3533 δι
1147 3491 1206 3534 vi-

244 3558 337 3605 tam.
352 3556 560 3602 aeternam,
584 3560 748 3606 propter
761 3564 907 3593 nomen
936 3550 1045 3595 suum
1080 3551 1206 3594 relin-

239 3605 452 3662 quentibus
465 3607 623 3657 omnia,
635 3609 863 3664 repromifit
874 3639 886 3650 .

354 3667 502 3708 Datum
527 3667 665 3710 Roma
678 3667 745 3711 die
765 3668 936 3724 18.Julii
954 3669 1078 3725 1695.

296 3727 454 3776 Exemp.
486 3725 612 3766 Rome
645 3726 863 3785 impr-efflatu
893 3731 936 3771 in
969 3728 1090 3773 Artb.
1107 3741 1202 3785 gen.

352 3781 447 3824 Ord.
461 3784 649 3827 Armorio
663 3786 861 3841 Anthent.

356 3844 459 3884 Tam.
479 3843 540 3885 VI.

2002 226 2174 310 437

1485 340 2011 391 DECRETO

1327 462 1372 512 S.
1388 465 1632 531 Congregat.
1644 464 1772 530 fiaeper
1788 465 2024 531 Dfiiplina
2038 470 2189 538 Regul.
2219 453 2222 457 -

857 627 1047 678 deinceps
1063 628 1212 667 admit·
1263 593 1470 659 Juvenes
1483 589 1646 640 emissi
1662 590 1929 657 profeffione
1945 594 1991 642 in
2012 596 2122 644 locis
2141 632 2156 653 ‚
2190 600 2234 649 in

1341 661 1503 728 quibus
1553 659 1749 729 perfec‘la
1798 666 2040 732 Regularis
2088 665 2237 715 obser-

1341 733 1496 780 vantia
1510 749 1599 781 non
1616 732 1837 794 servatur,
1846 735 2061 785 collocati
2074 735 2123 784 in
2140 739 2234 786 Ita-

1342 803 1404 851 lia
1422 802 1647 853 inhibetur
1662 836 1679 852 .

1390 922 1472 964 Um
1490 922 1615 965 Sacra
1628 923 1946 979 congregationi
1973 923 2086 981 super
2113 924 2238 967 Disci-

1406 977 1516 1035 plina
1537 979 1733 1036 chulari
1749 982 1969 1025 innotuerit
1985 1011 1999 1034 ,
2025 983 2237 1040 quamplu-

1272 1051 1334 1080 res
1349 1036 1578 1094 Religiosos
1588 1039 1788 1082 variorum
1802 1040 2003 1084 Ordinum
2019 1042 2103 1097 post
2117 1039 2237 1084 emis-

1271 1090 1350 1138 sam
1362 1096 1404 1138 in
1416 1098 1696 1141 conventibus
1710 1099 1924 1156 Regularis
1948 1099 2209 1143 observantia!
2218 1126 2235 1152 ,

1268 1156 1461 1198 &exaclae
1487 1157 1580 1199 vitae
1601 1159 1824 1200 communis
1839 1157 2119 1215 professiouem
2133 1186 2150 1210 ,
2180 1157 2234 1200 ad

1269 1214 1346 1256 alia
1362 1213 1614 1270 postmodum
1629 1215 1720 1259 loca
1733 1217 1945 1260 translatos
1958 1216 2035 1260 effe
2047 1244 2063 1269 ,
2087 1217 2154 1260 ubi
2168 1213 2237 1259 ei-

1270 1273 1366 1316 dem
1380 1273 1632 1317 observantia
1645 1288 1727 1317 non
1745 1276 1906 1332 vigente
1918 1305 1933 1328 ,
1962 1276 2026 1319 vel
2041 1273 2236 1318 infirmio-

1269 1342 1359 1371 rum
1375 1331 1558 1372 Fratrum
1571 1332 1757 1387 exemplo
1769 1362 1784 1384 ‚
1799 1334 1862 1376 vel
1876 1336 1996 1378 etiam
2011 1347 2146 1376 rerum
2164 1345 2238 1373 ne—

1269 1383 1521 1429 celsariarum
1531 1387 1691 1431 defectu
1704 1414 1718 1436 ‚
1733 1391 1925 1444 paulatim
1939 1390 1962 1433 ἃ
1973 1389 2153 1445 suscepto
2169 1403 2235 1431 re-

1267 1445 1521 1501 gularisVitae
1536 1455 1677 1490 tenore
1687 1445 1902 1491 deflectunt
1913 1447 2084 1491 adinstar
2099 1449 2234 1490 Evan-

1268 1503 1391 1559 geliei
1419 1503 1576 1547 seminis
1603 1533 1619 1556 ‚
1655 1506 1769 1561 quod
1800 1518 1938 1551 natum
1964 1507 2068 1550 aruit
2082 1532 2098 1554 2
2141 1506 2236 1563 quia

1269 1574 1349 1604 non
1365 1561 1536 1605 habebat
1556 1563 1792 1615 humorem3
1817 1580 1893 1622 qua
1917 1566 1968 1609 de
1985 1580 2029 1608 re
2043 1565 2234 1622 complu-

1269 1634 1330 1663 res
1344 1619 1534 1676 Religiofi
1550 1622 1656 1670 Viri,
1669 1621 1877 1676 Regularis
1889 1624 2151 1667 observantie
2165 1635 2238 1666 ze-

1272 1679 1420 1723 latores
1442 1679 1558 1722 etiam
1581 1680 1686 1735 apud
1701 1681 1985 1726 Sanaiffimum
2011 1684 2234 1725 Dominum

1271 1737 1462 1780 Nostrum
1474 1738 1676 1794 conquesti
1691 1740 1805 1782 sunt:
1832 1740 1971 1783 eadem
1987 1744 2107 1784 Sacra
2120 1745 2238 1784 Con-

1270 1797 1479 1852 gregatio‚
1510 1809 1559 1838 ne
1573 1799 1677 1838 reeta
1691 1796 1876 1847 iuvenum
1901 1799 2126 1848 institutio,
2149 1813 2235 1855 quae

1269 1855 1311 1897 in
1329 1853 1540 1911 Religiofis
1555 1854 1776 1899 Ordinibus
1802 1866 1921 1899 tanto
1945 1857 2073 1899 studio
2088 1870 2238 1912 procu-

1268 1922 1384 1956 ratur
1396 1941 1411 1965 ‚
1435 1913 1587 1956 inutilis
1600 1912 1769 1968 evadat,
1794 1916 1831 1958 8ι
1843 1913 2010 1959 clusoria
2025 1941 2040 1964 ‚
2054 1913 2078 1957 fi
2095 1943 2110 1966 ‚
2125 1914 2234 1970 quod

1267 1971 1456 2015 edificari
1470 1982 1652 2027 coeptum
1667 1973 1722 2015 est
1735 2002 1752 2023 ,
1765 1974 2026 2017 consummari
2043 1986 2123 2015 non
2143 1970 2235 2028 pos-

1269 2029 1314 2072 lit
1327 2055 1342 2078 ‚
1369 2031 1407 2071 δι
1434 2031 1715 2086 propheticum
1730 2030 1831 2074 illud
1846 2034 2004 2075 eveniat
2017 2045 2031 2074 ε
2050 2030 2235 2075 Semini-

1268 2088 1331 2131 stis
1344 2087 1539 2138 multum,
1557 2090 1597 2131 δι
1611 2088 1795 2131 intulistis
1810 2103 1947 2145 parum
1962 2103 1978 2143 ·,
2008 2099 2132 2145 utque
2145 2102 2231 2131 om-

1266 2149 1308 2190 ni
1335 2145 1560 2203 perniciosae
1574 2146 1827 2191 relaxationis
1841 2149 2049 2192 occafione
2063 2148 2228 2204 praeclu-

1264 2205 1303 2248 sa
1320 2233 1334 2257 ,
1359 2204 1499 2248 eadem
1529 2206 1741 2261 Regularis
1767 2205 2015 2250 observantia
2045 2205 2230 2263 quotidie

1264 2264 1392 2319 magis
1419 2262 1687 2308 benedicente
1716 2266 1893 2307 Domino
1918 2264 2142 2309 stabiliatur
2155 2291 2170 2316 ,
2190 2265 2231 2308 δι

1262 2320 1446 2374 crescat,
1469 2323 1700 2366 inhaerendo
1716 2325 1901 2367 Decretis
1916 2325 2013 2368 alias
2043 2324 2111 2367 sub
2123 2322 2231 2367 dim

1270 2383 1335 2424 18.
1354 2382 1452 2439 Julii
1483 2382 1603 2438 1695.
1630 2381 1749 2425 editis
1773 2408 1787 2432 ‚
1821 2383 1861 2425 in
1898 2383 2048 2426 virtute
2077 2382 2229 2426 sanan

1263 2440 1516 2484 Obedientiae
1524 2440 1689 2483 mandat
1702 2468 1716 2492 ,
1733 2441 1773 2483 dt
1785 2442 1962 2499 praecipit
1975 2442 2173 2488 omnium,
2187 2440 2230 2482 δι

1262 2498 1506 2556 fingulorum
1519 2499 1719 2543 Ordinum
1738 2499 2002 2555 Regularium
2016 2500 2034 2556 (
2048 2500 2095 2542 iis
2107 2497 2232 2540 dum-

1265 2567 1377 2601 taxat
1391 2558 1568 2614 exceptis
1586 2587 1601 2610 ‚
1621 2557 1692 2615 qui
1719 2557 1758 2600 in
1773 2559 1944 2615 praesatis
1964 2558 2147 2602 Decretis
2161 2569 2232 2598 ex·

1265 2617 1510 2672 cipiuntur)
1534 2617 1819 2670 Superioribus
1834 2627 1914 2660 tam
1929 2616 2198 2660 Generalibus
2214 2638 2231 2663 ‚

1265 2677 1384 2732 quam
1401 2675 1719 2718 Provincialibus
1730 2701 1745 2723 ‚
1760 2672 1923 2729 aliisque
1935 2702 1950 2724 ,
1960 2675 2009 2716 ad
2023 2688 2122 2730 quos
2139 2686 2231 2729 per-

1264 2734 1367 2777 tinet
1382 2760 1397 2782 ,
1414 2747 1463 2775 ne
1479 2732 1666 2789 deinceps
1678 2733 1806 2776 ullum
1827 2747 1876 2776 ex
1895 2734 2104 2789 Religiofis
2119 2758 2133 2781 ‚
2163 2729 2231 2787 qui

1263 2793 1304 2836 in
1317 2792 1599 2836 Conventibus
1611 2820 1629 2842 ,
1655 2793 1720 2834 seu
1748 2793 1999 2835 Monasteriis
2022 2794 2129 2835 intra
2143 2792 2229 2831 Ita-

1264 2850 1358 2893 liam
1373 2879 1388 2901 ,
1414 2848 1634 2902 Insulasque
1655 2848 1884 2903 adjacentes
1909 2850 2230 2906 proomnimoda

1267 2907 1459 2964 Regulari
1473 2906 1762 2953 Observantia,
1791 2909 1829 2948 &
1857 2912 1999 2949 exafiae
2016 2910 2105 2949 vitae
2117 2919 2228 2949 com·

1268 2967 1391 3009 munis
1405 2964 1582 3007 custodia
1596 2992 1611 3016 ‚
1629 2967 1678 3008 ab
1691 2962 1834 3006 eadem
1849 2968 1970 3007 Sacra
1985 2968 2230 3020 Congrega·

1266 3026 1378 3068 tione
1391 3022 1608 3079 specialiter
1631 3022 1846 3078 defignntis
1861 3051 1878 3075 ,
1901 3032 1971 3065 aut
1998 3022 2228 3078 approbatis

1266 3086 1456 3127 hactenus
1479 3079 1756 3137 profeffionem
1772 3082 1990 3124 emiserunt
2006 3110 2020 3132 ,
2046 3084 2084 3122 &
2112 3082 2227 3135 inpo-

1263 3143 1409 3186 sterum
1424 3140 1641 3189 emittent,
1666 3137 1717 3181 ad
1743 3139 1846 3182 alios
1867 3143 2107 3183 Conventus
2121 3168 2136 3191 ‚
2162 3139 2229 3184 seu

1265 3199 1507 3244 Monasteria
1521 3227 1536 3252 ,
1560 3200 1601 3241 in
1617 3196 1757 3255 qnibus
1769 3197 1951 3241 eamdem
1979 3197 2136 3254 prorsus
2150 3199 2227 3247 ob,-

1264 3259 1501 3302 servantiam
1514 3286 1529 3308 ,
1541 3255 1758 3314 praesertim
1768 3258 1899 3313 quoad
1911 3260 2087 3299 exactam
2101 3257 2226 3301 vitam

1262 3331 1519 3361 communem
1541 3343 1556 3367 ‚
1581 3329 1798 3370 rerumque
1826 3315 1985 3372 lingulis
2013 3315 2226 3369 Religiofis

1262 3373 1560 3421 neceffariarum
1573 3385 1801 3430 promptam
1824 3370 2226 3417 subministrationem

1261 3437 1417 3492 vigere,
1427 3434 1545 3491 ipfius
1560 3437 1688 3478 Sacrae
1699 3433 2041 3489 Congregationis
2055 3431 2225 3488 judicio,

1262 3509 1307 3537 ac
1324 3494 1484 3548 speciali
1500 3493 1668 3547 desuper
1680 3491 1932 3546 expediendo
1949 3495 2129 3535 Decreto
2140 3505 2223 3533 non

1263 3553 1483 3598 eonstiterit
1509 3579 1524 3601 ‚
1551 3550 1622 3594 sub
1633 3550 1775 3603 quovis
1791 3559 1987 3605 praetextu
2005 3547 2222 3593 transferre

1264 3611 1438 3655 audeant
1450 3639 1466 3662 .,
1480 3608 1542 3651 vel
1553 3610 1785 3665 praesiimant
1796 3634 1811 3658 ‚
1825 3607 1964 3654 eadem
1974 3609 2092 3653 Sacra
2107 3612 2222 3651 Con-

1265 3671 1498 3728 gregatione
1508 3666 1758 3711 inconsulta:
2192 3720 2201 3728 .

1378 3727 1642 3784 Superiores,
1668 3725 1736 3783 qui
1756 3735 1902 3770 contra
1919 3726 2117 3770 fecerint,
2139 3733 2221 3774 ΡΗ·

1263 3787 1465 3834 vationem
1484 3786 1738 3843 Dignitatum
1754 3810 1769 3833 ‚
1798 3786 1839 3828 δι
1871 3786 2141 3830 officiorum,
2171 3788 2219 3818 ac

1691 3844 1735 3885 M
1751 3859 1787 3887 m
1801 3859 1840 3887 m
2067 3845 2139 3890 per
2144 3856 2159 3866 ·
