2444 4192
877 184 1040 263 Sub
1102 188 1345 266 Leone
1402 179 1518 260 Χ.

1935 207 2153 285 233-

200 329 446 386 Audientes
479 327 525 374 in
548 322 756 376 Ecclefiis
773 324 1140 373 Mendicantium
1201 328 1552 390 Exemptionem
1576 324 1666 370 FF.
1682 321 1924 372 Minorum
1948 328 2004 375 ab
2031 332 2165 380 inter·

263 394 416 449 Missas
453 409 676 465 praecepto
711 388 964 442 satisfacere
998 395 1144 443 decla-

261 480 332 517 rat
344 501 362 525 ο,

403 654 596 707 LEO
664 653 788 703 PP.
859 651 927 699 X.

200 852 395 909 vainei-ſss
425 851 479 908 est
489 851 657 909 singulis
669 874 685 900 2
697 848 905 909 praestntes
918 847 1073 889 litteras
1088 846 1147 887 in·

282 909 509 969 speffuris,
520 913 699 970 salutem
724 911 778 959 o·-
804 907 1059 966 Apostolteam

519 964 823 1013 Benedifflonm
836 997 849 1010 .

266 1144 536 1191 Ntelleximus
557 1144 748 1200 quosdam
772 1146 812 1189 in
844 1143 1011 1188 dubium
1032 1155 1149 1186 revo-

282 1217 407 1252 care,
431 1205 468 1247 &
483 1203 652 1259 perinde
663 1205 866 1248 timoratis
890 1200 1145 1246 conscientiis

193 1260 426 1317 scrupulum
450 1262 643 1315 injicere,
667 1262 692 1303 fi
708 1261 1004 1304 christifideles
1031 1285 1046 1307 ,
1076 1259 1144 1313 qui

194 1318 423 1363 Dominicis
449 1322 487 1362 &
517 1317 662 1362 festivis
677 1318 846 1370 diebus,
875 1330 990 1362 extra
1007 1316 1146 1358 Eccle-

194 1376 264 1422 fias
283 1377 368 1420 suas
385 1377 636 1421 Parochialcs
647 1402 662 1424 s
675 1374 805 1419 Miffas
821 1377 988 1421 audiunt
1004 1375 1048 1417 in
1063 1376 1146 1417 Ec·

195 1435 323 1481 clefiir
349 1436 546 1480 Ordinum
572 1438 759 1479 Fratrum
787 1434 1104 1480 Mendieantium
1129 1459 1144 1482 ‚

197 1493 383 1540 Ecclefiae
409 1503 611 1551 praecepto
635 1493 687 1537 de
700 1494 808 1537 Missa
832 1492 1030 1538 audienda
1043 1491 1147 1534 sarii:

195 1553 452 1597 faciant.Nos
466 1554 571 1598 enim
589 1553 895 1608 ambiguitatem
917 1550 1145 1608 hujusmodi

198 1613 360 1670 penitus
375 1611 522 1656 tollere
537 1613 718 1655 volentes
734 1640 748 1664 ,
769 1622 814 1655 ut
836 1627 926 1655 cnm
942 1609 1145 1654 sinceriori

193 1671 431 1715 conscientia
447 1669 584 1714 fideles
598 1670 746 1727 quique
758 1671 951 1715 Creatori
973 1669 1043 1713 suo
1059 1668 1145 1710 ser·

192 1731 305 1773 viant
317 1755 332 1778 ,
357 1729 591 1772 auctoritate
603 1728 831 1784 Apostolica
846 1758 860 1781 ,
891 1740 1032 1773 tenore
1046 1740 1144 1781 pra:-

193 1788 361 1832 sentium
375 1796 514 1831 notum
532 1786 698 1831 facinms
712 1802 876 1839 ,omnes
893 1784 1145 1831 christifide-

198 1841 474 1902 lcs'utriusque
489 1846 615 1895 sexus,
628 1849 696 1904 qui
710 1860 791 1890 non
804 1856 1043 1902 contempto
1056 1858 1148 1901 pro-

195 1905 292 1961 prio
316 1902 536 1948 Sacerdote
573 1906 799 1950 Parochiali
825 1934 841 1958 ,
883 1907 922 1948 in
959 1903 1145 1949 Ecclefiis

184 1965 387 2006 fratrum
415 1960 618 2005 Ordinum
631 1963 975 2015 mendicantium,
1004 1961 1148 2004 Domi-

202 2022 303 2064 uicis
317 2020 357 2061 δι
370 2016 473 2062 sestis
486 2020 625 2064 dicbus
643 2018 772 2064 Mifl'as
787 2019 955 2064 audiunt
968 2045 984 2069 2
998 2017 1150 2061 satissa-

199 2087 516 2181 {2253230533
526 2075 1150 2180 fiffffl²eflssali³ffiossff1⁵ffi⁰⁶²z

195 2207 370 2295 aaz:
379 2149 1149 2307 ⁹322‘gazzfffszasszzzssffi

309 2310 366 2352 Et
378 2308 472 2365 quia
484 2307 652 2352 difficile
674 2307 779 2352 ‘bret
807 2307 1019 2365 presentes
1034 2306 1146 2350 litte-

194 2376 275 2415 ‘ras-
293 2365 442 2411 nostras
477 2367 727 2424 originaliter
760 2368 811 2411 ad
841 2366 932 2412 loca
972 2367 1108 2413 omnia
1131 2392 1146 2415 ‚

197 2429 265 2473 ubi
277 2428 353 2470 διε-
378 2436 517 2471 earum
544 2427 800 2481 transumptis
831 2441 952 2471 manu
983 2425 1150 2472 Notarii

198 2484 350 2546 publici
365 2482 648 2542 subscriptis,&
659 2483 791 2541 tigillo
802 2485 972 2542 alicujus
990 2483 1153 2530 Praelati

198 2547 241 2589 in
253 2543 449 2600 dignitate
461 2543 731 2588 Ecclefiastica
745 2543 953 2589 constituti
970 2544 1149 2594 munitis,

201 2618 250 2648 ea
258 2603 357 2647 fides
370 2630 385 2655 ,
399 2602 465 2644 ubi
477 2616 577 2658 opus
589 2601 712 2646 suerit
723 2628 739 2653 ,
750 2602 872 2646 detur
884 2633 898 2656 ‚
921 2619 1010 2660 qua
1024 2603 1148 2658 origi-

199 2663 360 2764 nalibtffss
375 2661 463 2718 ipfis
474 2661 644 2706 daretur
660 2690 674 2715 ,
690 2660 716 2704 fi
731 2662 920 2707 exhibitas
932 2663 1066 2707 forent
1082 2659 1148 2705 vel

200 2735 229 2764 0
261 2734 310 2764 en
332 2733 363 2762 ε
376 2747 389 2760 .

317 2780 468 2820 Datum
497 2779 636 2823 Romae
658 2778 764 2835 apud
779 2782 966 2823 Sanctum
983 2784 1154 2825 Petrum

1274 393 1403 439 disto
1422 425 1440 447 ‚
1467 395 1567 451 jam
1579 389 1689 438 alias
1706 390 1764 438 ad
1778 389 1884 439 festa
1896 397 1945 441 S.
1963 398 2013 443 P.
2028 400 2163 446 Fran-

1274 457 1380 508 cisci
1410 493 1428 516 ,
1471 461 1520 508 S.
1550 460 1788 516 Antonii,
1819 462 1869 509 S·
1898 464 2082 521 Clarae,
2118 465 2167 517 ὅ(

1271 527 1479 586 οᾶενειε,
1494 545 1670 578 necnon
1687 531 1772 579 SS.
1784 527 2011 580 Ludovici
2027 567 2043 590 ,
2060 538 2164 583 Ber·
2210 527 2214 532 ’

1270 598 1466 656 nardini,
1482 603 1808 649 Bonaventurae
1823 635 1840 658 ,
1876 599 1926 652 ὅτ
1957 603 2157 669 quinque

1273 673 1368 718 ΒΒ.
1384 672 1657 736 Martyrum
1691 668 1942 721 conceffam
1957 707 1974 729 ‚
2005 671 2063 721 ad
2083 676 2163 720 Fe-

1276 738 1394 789 stum
1413 738 1705 791 &Elisabeth
1732 777 1749 799 ,
1782 744 2038 813 Hungariae
2069 745 2163 791 Re-

1275 813 1431 881 ginam
1445 845 1462 869 ,
1485 809 1629 874 &ejus
1648 812 1863 863 ostavarn
1881 848 1898 872 ,
1923 811 2129 863 extendit
2148 847 2162 862 .

1347 942 1548 991 LEO
1620 943 1898 993 PAPA
1970 944 2035 992 X.

1209 1068 1403 1127 universis
1427 1068 1482 1121 ό·
1492 1068 1661 1126 fingult’s
1677 1069 1893 1115 Fratribus
1911 1071 2068 1113 Ordinis
2082 1071 2178 1113 m.

1266 1142 1405 1172 norum
1418 1129 1463 1168 de
1476 1128 1737 1186 Obse'rvantia
1750 1157 1764 1179 ,
1783 1143 1829 1170 ac
1843 1131 1995 1172 sunere
2011 1129 2162 1175 clare,

1266 1189 1319 1238 ἀ·
1345 1191 1486 1231 Tertu-
1513 1188 1668 1242 Regulae
1681 1187 1764 1248 βψ
1788 1201 1882 1230 cura
1908 1188 2164 1230 eorundem..

1267 1251 1461 1291 Fratrum
1473 1246 1693 1300 degentibus
1705 1247 1898 1305 ‚filetum
1906 1277 1923 1300 ,
1940 1249 1989 1296 (⁸5
2002 1244 2167 1305 qusto-

1266 1307 1382 1348 ticam
1396 1302 1705 1347 Benedaebtionem
1722 1334 1736 1348 .

1324 1437 1404 1478 Um
1430 1433 1527 1479 alias
1554 1434 1733 1479 nonnulli
1751 1434 1927 1479 Romani
1951 1431 2169 1476 Pontifices

1340 1490 1652 1537 Praedcceffores
1668 1494 1791 1538 nostri
1810 1494 1919 1537 vobis
1936 1520 1950 1544 ,
1975 1503 2018 1534 ut
2038 1490 2167 1536 festa-2

1206 1552 1442 1594 sanctorum
1458 1552 1657 1595 francisci
1668 1582 1682 1605 ,
1695 1556 1735 1596 δι
1749 1554 1935 1605 Antonii,
1949 1565 1995 1594 ac
2014 1551 2166 1595 S-Cla-

1205 1623 1256 1652 rae
1269 1609 1308 1652 in
1323 1610 1513 1654 Ecclefiis
1526 1639 1541 1662 ,
1566 1612 1606 1652 δι
1622 1613 1818 1655 Domibus
1835 1611 1994 1663 vestris,
2008 1610 2167 1655 ctiam,

1208 1677 1395 1725 tempore
1409 1669 1611 1712 interdicti
1632 1670 1913 1722 Ecclefiastici,
1931 1666 2171 1725 Apostolica

1207 1729 1461 1772 authoritate
1475 1727 1640 1784 appoliti
1658 1755 1672 1778 ,
1707 1728 1868 1785 publici:
1895 1728 1917 1786 (
1934 1741 2171 1772 excommu-

1210 1786 1381 1839 nicatis,
1405 1788 1683 1830 &interdictis
1710 1787 1916 1845 exclusis)
1942 1786 2102 1838 Missas,
2132 1787 2172 1826 &

1206 1845 1282 1888 alia
1299 1846 1447 1887 Divina
1460 1846 1604 1889 officia
1620 1845 1882 1889 celebrare&
1898 1844 2098 1888 celebrari
2116 1844 2174 1885 sa-

1206 1918 1300 1947 cerc
1327 1904 1507 1960 possitis,
1532 1902 1802 1957 indulserint,
1831 1919 1878 1947 ac
1907 1917 1978 1960 per
2005 1901 2076 1945 fel.
2104 1915 2171 1944 rc-

1208 1962 1327 2005 cord.
1371 1963 1647 2006 Alexandrum
1688 1966 1763 2006 Vl.
1790 1990 1807 2016 ,
1845 1964 1886 2005 &
1918 1962 2072 2020 julium
2109 1963 2167 2004 11.

1209 2020 1328 2061 etiam
1371 2018 1680 2063 Praedeceffores
1725 2022 1881 2064 nostros
1925 2020 2174 2063 indultum.»

1210 2075 1437 2132 hujusmodi
1464 2076 1512 2118 ad
1544 2079 1782 2119 Sanctorum
1810 2078 2010 2120 Ludovici
2037 2107 2054 2130 ,
2080 2081 2175 2121 Ber-

1209 2135 1364 2178 nardini
1395 2164 1409 2187 ,
1437 2138 1729 2179 Bonaventurae
1750 2164 1766 2187 ,
1789 2136 1831 2177 &
1852 2136 2030 2192 quinque
2061 2139 2175 2179 Mar-

1211 2204 1347 2248 tyrum
1365 2190 1460 2235 festa
1475 2192 1679 2236 extensum
1694 2194 1818 2236 suerit
1833 2223 1848 2246 ,
1860 2194 2100 2237 desideratis
2112 2195 2175 2236 in·-

1208 2250 1372 2293 dulium
1387 2252 1513 2306 ipsum
1527 2252 1649 2293 etiam
1677 2252 1727 2293 ad
1756 2250 1897 2294 festum
1918 2254 2068 2296 Sanssae
2086 2252 2173 2294 Eli-

1207 2307 1374 2358 sabeth,
1397 2308 1500 2350 olim
1526 2311 1738 2365 Hungariae
1757 2310 1950 2365 Reginae,
1975 2324 2061 2367 quae
2086 2310 2173 2367 post

1211 2367 1343 2410 Tertii
1359 2366 1520 2410 Ordinis
1546 2368 1640 2410 dieti
1657 2369 1863 2423 Serapbici
1881 2369 2082 2413 francisci
2113 2370 2172 2412 in-

1211 2426 1457 2470 stitutionem
1474 2455 1488 2478 ,
1516 2427 1623 2470 illius
1637 2426 1736 2482 jugo
1750 2430 1856 2470 inter
1870 2429 2020 2484 primos
2036 2429 2170 2470 humi-

1211 2486 1307 2529 liter
1324 2483 1363 2527 sc
1378 2484 1550 2527 submifit
1564 2512 1578 2534 ‚
1593 2486 1719 2529 etiam
1735 2488 1932 2536 extendi,
1948 2497 1994 2529 ut
2010 2496 2171 2541 tempo-

1212 2560 1256 2588 re
1270 2544 1472 2586 interdieti
1488 2541 1714 2600 hujusmodi
1743 2543 1887 2588 fenum
1914 2545 2003 2603 ejus
2021 2547 2170 2590 Sanstae

1213 2603 1413 2648 celebrari
1430 2604 1548 2660 pollis
1568 2632 1580 2645 .

1321 2664 1462 2719 Quare
1476 2678 1551 2719 pro
1563 2672 1677 2720 parte
1696 2663 1824 2708 vestra
1839 2665 1970 2709 Nobis
1998 2663 2073 2707 fuit
2099 2663 2174 2705 hu-

1214 2722 1360 2767 militer
1374 2723 1643 2779 supplicatum
1659 2752 1674 2775 ,
1701 2733 1745 2766 ut
1773 2724 1995 2775 hujusmodi
2020 2723 2090 2780 pio
2105 2735 2176 2763 vc-

1215 2783 1297 2826 stro
1308 2779 1508 2825 defidcrio
1518 2796 1698 2825 annuere
1709 2812 1725 2834 ,
1739 2796 1786 2826 ac
1802 2783 1903 2828 aliis
1917 2786 1955 2826 in
1971 2779 2172 2839 praemiiiis

204 2837 276 2882 sub
304 2834 455 2879 annulo
484 2836 726 2887 Piscator-is,
747 2836 815 2879 die
843 2851 948 2883 xm.
973 2843 1158 2882 Novem-
1214 2842 1448 2898 opportune
1475 2841 1689 2897 providere
1714 2841 1769 2883 de
1798 2843 2050 2897 benignitate
2066 2839 2177 2895 Apo-

207 2895 289 2940 bris
302 2906 484 2939 mnxvu.
506 2891 773 2938 Pontificatfis
786 2895 907 2939 nostri
920 2899 1046 2941 Anno
1060 2899 1115 2941 V.

209 3074 435 3118 vallarium
448 3074 664 3114 Romanum
678 3080 776 3114 tons.
790 3086 831 3126 3.
843 3082 889 3128 p.
907 3088 946 3128 3.
961 3071 1045 3130 fil.
1061 3075 1159 3130 462.

265 3130 479 3186 Wadde‘ng·
493 3140 586 3174 tom.
608 3132 671 3174 16·
690 3130 922 3190 Anachfol.
938 3143 1035 3189 49²·

338 3824 443 3865 Tom.
453 3823 513 3866 VI.

1216 2897 1358 2943 stolica
1370 2900 1627 2954 dignaremur
1650 2926 1663 2939 .
1690 2900 1777 2940 Nos
1792 2900 1918 2954 igitur
1932 2925 1948 2949 ,
1971 2898 2038 2953 qui
2052 2897 2103 2940 ad
2118 2896 2175 2938 di-

1219 2961 1327 3000 stum
1341 2958 1536 3001 Ordinem
1552 2954 1788 3010 singularem
1803 2958 1976 3010 gerimus
1986 2955 2178 2999 devotio·

1219 3032 1310 3060 nem
1334 3043 1350 3065 ‚
1392 3014 1564 3071 vestigiis
1591 3011 1928 3059 Praedeceisorum
1952 3013 2177 3056 nostrorum

1221 3076 1464 3119 adhaerentes
1479 3102 1493 3125 ,
1512 3072 1624 3129 quod
1655 3073 1708 3117 de
1732 3083 1881 3117 caetero
1895 3072 2096 3128 perpetuis
2112 3069 2178 3112 fu·

1223 3135 1326 3179 turis
1341 3133 1623 3187 temporibus,
1647 3142 1690 3174 ut
1716 3131 1757 3173 in
1782 3130 1849 3175 die
1863 3131 1972 3173 istius
1990 3126 2177 3186 gloriosae

1225 3196 1374 3241 Sandae
1400 3189 1603 3233 Elisabeth
1617 3215 1635 3238 ‚
1645 3191 1742 3234 olim
1758 3190 1921 3248 Regina:
1935 3189 2152 3242 Hungariae
2162 3213 2178 3236 ,

1226 3257 1266 3296 &
1281 3266 1353 3308 per
1366 3249 1451 3306 ejus
1466 3252 1666 3301 ostavam,
1680 3252 1707 3291 fi
1724 3260 1818 3293 tunc
1836 3247 2091 3292 interdictum
2106 3247 2182 3287 hu-

1229 3308 1402 3367 iusmodi
1418 3307 1643 3366 appofitum
1658 3306 1780 3352 suerit
1793 3335 1809 3359 ,
1831 3309 1871 3349 in
1887 3305 2022 3349 vestris
2035 3305 2181 3348 Domi-

1230 3373 1305 3414 bus
1316 3397 1331 3422 ,
1355 3366 1693 3425 quemadmodum
1719 3368 1761 3408 in
1785 3365 1928 3408 diebus
1943 3367 2178 3408 Sanctorum

1234 3427 1464 3478 francisci,
1490 3425 1625 3469 Clarae
1637 3454 1652 3477 ,
1677 3428 1718 3468 &
1735 3423 1901 3467 Antonii
1915 3425 1993 3466 διε.
2010 3454 2025 3476 ,
2053 3424 2092 3465 &
2108 3435 2179 3478 pet·

1232 3490 1392 3529 oetavas
1406 3483 1566 3540 potestis
1578 3511 1593 3535 ,
1618 3482 1749 3526 Mitras
1765 3484 1801 3524 &
1824 3483 1902 3524 alia
1918 3482 2066 3524 Divina
2080 3479 2183 3523 Offi-

1232 3546 1325 3599 cia(
1342 3542 1704 3586 excommunicatis
1720 3569 1734 3592 ,
1745 3541 1787 3581 δι
1804 3541 2029 3584 interdiclis
2043 3539 2182 3584 exclu-

1228 3605 1276 3644 sas
1289 3601 1532 3655 )ce1ebrare
1547 3598 1612 3642 seu
1640 3600 1840 3642 celebrari
1862 3598 2019 3649 facere,
2052 3598 2181 3642 libere

1229 3663 1271 3702 δι
1291 3658 1403 3702 licite
1431 3656 1576 3713 poffitis
1601 3685 1616 3708 ,
1638 3658 1885 3702 authoritate
1907 3658 2140 3714 Apostolica
2163 3682 2181 3702 ‚

1229 3729 1375 3761 tenore
1390 3716 1639 3771 praesentium
1651 3714 1873 3766 statuimus,
1885 3717 2179 3775 &ordinamus,

1224 3791 1309 3821 non
1324 3775 1573 3820 obstantibus
1594 3776 1950 3821 constitutionibus
1964 3802 1980 3828 ,
2003 3774 2044 3813 δι
2061 3768 2177 3834 ὀῐάι-

1628 3834 1666 3876 G
1685 3847 1710 3889 g
1995 3838 2121 3871 natio-
