2444 4192
362 176 381 207 Ι
858 143 1066 226 -Sub
1131 144 1268 226 Pio
1329 139 1495 227 IV.

1949 176 2098 258 253

214 280 476 338 subscriptis,
503 280 545 321 δε
578 278 708 336 rigillo
736 280 898 337 alicujus
923 285 1101 338 personae
1127 289 1167 330 in
1226 284 1713 343 Hospitalibus,Militiis,
1725 298 1943 341 eorumque
1963 296 2176 349 Capitulis,

214 345 412 401 dignitate
428 338 704 381 Ecclefiastica
729 339 978 390 constitum,
1002 342 1064 385 seu
1078 347 1164 387 Cu..

213 405 280 447 rin
304 397 582 442 Ecclesiasticae
611 397 771 440 munitis
791 423 806 447 ,
833 398 972 441 eadem
996 401 1162 454 prorsus

210 459 309 504 fides
325 459 364 500 in
380 455 533 511 judicio
547 486 563 509 ,
585 457 749 500 &extra
772 453 874 498 illud
893 457 1158 510 adhibeatur,

211 531 294 576 quae
309 515 565 572 praesentibus
584 516 840 559 adhiberetur
851 542 866 567 ,
894 516 921 556 fi
934 512 1073 558 forent
1087 530 1158 558 ex-

203 577 341 622 nibitae
367 574 428 617 vel
449 573 631 618 ostensar-

323 636 476 676 Datum
500 636 641 677 Romae
653 631 756 689 apud
771 633 957 676 Sanfium
986 635 1155 677 Petrum

201 695 274 738 sub
298 691 470 736 Annulo
493 691 701 736 Piscatori:
726 690 794 734 die
823 704 974 736 xxvir-
1001 691 1156 748 Aprilis

203 767 323 797 notit
336 765 372 795 t.
393 748 659 796 pontificatus
669 749 796 796 nostri
809 753 932 794 Anno
955 752 1160 797 Secundo.

205 935 206 938 ’
259 926 477 984 Wadding.
487 936 584 971 tom.
595 942 663 982 ¹9·
678 927 1008 989 dunel-somn.

194 1223 442 1291 Privilegia
458 1258 474 1283 ,
489 1223 629 1273 etiam
657 1225 702 1273 in
725 1223 935 1274 Maribus
962 1226 1147 1292 Magnis

259 1306 472 1343 contenta
483 1328 499 1352 ‚
516 1291 564 1344 dt
581 1292 920 1361 quibuscunque
939 1292 1145 1342 Ecclefiis

263 1364 340 1414 vel
356 1362 612 1415 Ordinibus
644 1362 846 1414 concessa
864 1398 880 1422 ,
901 1361 950 1415 δι
970 1363 1143 1413 OEcu·

258 1434 437 1485 menico
464 1435 678 1487 Concilio
697 1432 970 1487 Tridentino
986 1432 1145 1486 adver-

262 1501 403 1556 santia
437 1518 627 1556 revoeat
643 1540 656 1555 .

188 1633 446 1690 PIUS
520 1636 1153 1690 EPISCOPUS

363 1753 534 1797 siznvus
566 1752 821 1798 Ser-vonum
854 1754 959 1796 Dat.

323 1869 391 1914 Ad
403 1877 636 1924 perpetuane
662 1873 724 1914 m
753 1868 1003 1913 memoriam.

250 1986 290 2026 N
315 1984 511 2041 Principis
528 1984 813 2039 Apostolorum
831 1983 933 2027 Sede
951 2011 966 2034 ,
993 1986 1146 2029 meritis

191 1989 244 2100 I
278 2041 379 2087 licet
402 2043 623 2098 imparibus
637 2073 651 2095 ,
681 2044 826 2087 Divina
852 2041 1144 2097 dispositione.-

191 2101 399 2146 constituti
413 2129 428 2152 ,
442 2101 568 2151 nihil,
581 2116 707 2158 neque
724 2099 942 2146 Universali
957 2102 1144 2145 Ecclefiae

190 2173 299 2201 curae
313 2187 327 2210 ‚
346 2158 793 2203 &solicitudininostrae
820 2156 1056 2210 commiisae,
1086 2159 1145 2202 sa-

187 2215 344 2260 lubrius
361 2243 377 2267 ,
406 2230 535 2271 neque
555 2215 734 2270 injuncto
757 2215 888 2258 Nobis
903 2215 1145 2268 Apostolicae

184 2272 389 2318 strvitutis
401 2273 538 2318 officio
552 2300 567 2326 ,
581 2272 794 2318 decentius
815 2271 996 2328 praestare
1011 2271 1142 2328 poffu·

187 2346 304 2384 mus,
317 2334 437 2388 quam
460 2332 568 2391 quod
581 2331 845 2390 providentie
872 2331 1011 2374 nostre
1026 2333 1142 2375 mini·

185 2392 307 2436 sterio
330 2391 633 2436 OEcumenicum
668 2389 902 2435 Concilium
934 2392 1140 2435 Tridenti-

187 2451 399 2502 num,ficut
413 2451 555 2495 nostris
569 2448 811 2508 potissimum
825 2449 1024 2506 auspiciis,
1038 2450 1138 2492 sum·

185 2524 333 2566 maque
345 2511 581 2554 Sanstorum
598 2512 763 2554 Patruus
784 2508 1009 2552 concordia
1023 2538 1039 2561 ,
1072 2524 1141 2565 per

183 2569 264 2613 Dei
276 2568 585 2613 misericordiam
598 2567 775 2614 feliciter
792 2567 1020 2612 absolutum
1034 2569 1111 2613 fuit
1125 2597 1140 2620 ‚

181 2627 240 2671 ita
254 2639 329 2684 per
340 2627 549 2672 univeribs
562 2654 578 2677 ,
602 2628 669 2684 qui
683 2627 908 2673 Christiana
932 2627 1139 2683 pietatm

180 2687 417 2737 censentur,
444 2688 592 2745 ubique
626 2685 884 2743 suscipiatur,
907 2687 948 2729 δι
968 2689 1136 2732 remotis

181 2742 432 2802 quibuslibet
442 2745 655 2788 obstaculis
667 2774 683 2796 ,
710 2746 760 2789 ab
773 2745 960 2788 omnibus
974 2746 1138 2803 aequali-

181 2814 245 2847 ter
258 2803 490 2847 observetur
501 2831 513 2844 .
527 2804 631 2846 Qum
655 2804 792 2858 itaque
808 2803 848 2845 in
861 2802 1008 2847 eodem
1022 2806 1139 2848 Con·

188 2861 284 2906 cilio
308 2861 551 2918 quamplura
571 2859 771 2912 salubria,
799 2863 838 2905 δι
862 2861 913 2904 ad
929 2863 1134 2907 universa-

181 2923 264 2967 lem
283 2934 439 2964 morum
462 2918 797 2963 reformationem
815 2947 831 2972 ‚
848 2920 968 2964 valde
989 2921 1135 2966 utilia-1

183 2980 347 3024 decreta
363 3007 378 3031 ,
393 2989 517 3036 atque
531 2978 673 3023 statuta
687 2987 872 3030 ,maturo
882 2978 1136 3035 presentium

182 3038 359 3097 ipsorum
388 3039 572 3082 examine
595 3036 871 3092 praecedente,
901 3038 976 3082 lint
997 3040 1136 3089 edita,

181 3098 324 3156 quibus
347 3094 470 3140 multa
483 3095 637 3140 diversa
652 3095 861 3152 privilegia
875 3123 890 3147 ,
911 3098 1138 3153 exemptio-

182 3170 251 3202 ne·
263 3186 278 3210 ‚
289 3156 564 3200 immunitates
573 3183 588 3206 ‚
603 3153 916 3212 dispensationes
928 3181 943 3205 2
971 3154 1138 3198 faculta-

184 3225 242 3262 tes
255 3244 270 3269 ,
281 3212 594 3260 conservatoriae
607 3241 622 3265 ,
635 3214 794 3258 indulta
806 3242 822 3266 ,
834 3214 888 3263 &a
904 3223 951 3257 ut
966 3222 1111 3258 vocant
1123 3243 1139 3266 ,

186 3274 472 3321 cobseffionalia
483 3303 500 3329 ‚
528 3277 567 3318 &
595 3276 709 3318 Mare
737 3275 929 3330 Magnum
943 3302 958 3326 ,
985 3274 1024 3315 δι
1054 3273 1140 3316 alie.

191 3330 321 3388 §mint
345 3363 360 3384 ,
390 3348 476 3391 quae
497 3334 621 3379 variis
646 3360 661 3384 a
687 3342 771 3377 tam
800 3331 1141 3384 cathedralibus,

190 3389 308 3436 etiam
319 3394 625 3451 Metropolitan.
639 3419 656 3446 ,
668 3394 786 3447 quam
799 3391 1042 3448 Collegiatis
1060 3392 1140 3434 Ec-

191 3447 319 3510 clefiis
331 3477 349 3501 ‚
368 3453 640 3505 Monasseriis,
652 3451 933 3496 conventibus
956 3479 971 3502 ,
1000 3449 1138 3494 &aliis

191 3506 421 3564 Religiofis,
433 3511 555 3557 etiam
568 3514 755 3556 Fratrum
784 3510 1105 3554 Mendicantium
1122 3537 1138 3562 ,

192 3565 386 3635 quibus
399 3597 414 3622 ,
428 3572 469 3614 dt
479 3571 718 3624 Ordinibus,
732 3584 886 3614 necnon
903 3569 1034 3612 Sancti
1047 3568 1138 3623 Spi-

188 3634 294 3665 ritus
315 3626 354 3668 iu
368 3629 505 3679 Saxia,
524 3631 658 3674 *Sanni
678 3629 837 3688 Joannis
868 3630 1107 3672 Lateranen.
1120 3657 1137 3680 ,

189 3696 236 3723 ac
264 3682 541 3731 Ineurabilium
567 3691 620 3734 de
648 3690 760 3733 Urbe
772 3717 787 3742 ,
811 3690 943 3734 Sanffi
970 3688 1136 3730 Antonii

188 3742 453 3794 viennen-2&
466 3748 594 3791 saneti
613 3743 1135 3805 BernardiJuren-,aliisque

1223 346 1265 384 δι
1277 347 1562 386 Conventibus
1579 370 1593 392 ,
1610 343 1648 382 ἃ.
1669 344 2003 388 Univerfitatibus
2018 375 2032 395 ,
2053 356 2175 396 etiam

1223 401 1461 444 Studiorum
1498 399 1744 453 generalium
1781 403 1982 455 Collegiis
2011 433 2023 455 ,
2055 418 2175 451 tam,

1220 456 1487 502 Saecularibus
1498 484 1515 506 ,
1528 457 1645 510 quim
1667 457 1950 500 Ecclefiasticis
1966 487 1980 509 ,
2007 463 2179 505 Confra-

1219 515 1479 558 ternitatibus
1495 544 1510 565 ,
1531 515 1804 557 societatibus
1818 544 1833 567 ,
1863 518 1903 558 δι
1929 528 2009 559 tam
2027 522 2184 563 Princi-

1215 575 1277 630 pis
1293 573 1582 629 Apostolorum
1596 573 1648 616 de
1667 574 1778 617 Urbe
1790 603 1807 626 ,
1822 575 1939 631 quam
1952 576 2041 617 aliis
2058 577 2178 620 fabri-

1216 633 1273 675 cis
1287 634 1353 684 ,&
1367 634 1516 676 Sanctae
1530 634 1755 685 Cruciatae,
1770 633 1935 690 aliisque
1955 635 2031 690 piis
2054 636 2173 685 locis,

1216 693 1256 734 &
1269 693 1459 747 operibus
1474 718 1488 742 ‚
1515 706 1673 735 necnon
1698 693 1939 736 Patriarchis
1952 720 1967 744 ,
2001 694 2175 735 Archie-

1220 749 1391 808 piscopis
1422 780 1437 803 ,
1479 750 1689 807 Episcopis
1724 778 1738 801 ,
1786 752 1967 795 Praelatis
1996 780 2012 804 ,
2042 753 2177 795 Abba-

1220 811 1327 853 tibus
1352 837 1367 859 ,
1402 809 1614 854 Abbatiffis
1640 836 1655 858 ,
1693 811 1898 854 Prioribus
1931 840 1946 863 ,
1987 809 2179 866 Praepofi-

1214 870 1265 911 tis
1279 895 1293 918 ,
1318 871 1357 910 &
1370 868 1456 910 aliis
1473 867 1757 912 Eccleiiasticis
1774 899 1787 922 ,
1812 881 1894 912 tam
1910 870 2174 923 saecularibus,

1214 927 1334 986 quim
1347 926 1601 971 diversorum
1628 928 1829 972 Ordinum
1845 958 1859 980 ,
1883 931 1923 971 δι
1936 928 2179 972 Militiarum

1215 986 1491 1044 Regularibus
1503 1013 1519 1036 s
1547 1001 1594 1029 ac
1620 988 1741 1030 etiam
1771 987 1881 1030 laicis
1900 986 2173 1044 cuiuscunque

1215 1046 1428 1099 dignitatis
1456 1075 1472 1099 ,
1515 1042 1665 1098 ssatus,
1702 1047 1882 1103 gradus,
1905 1049 1945 1089 δι
1970 1048 2173 1091 excellen-

1209 1106 1274 1149 tiae
1286 1117 1302 1158 3
1313 1120 1360 1146 ac
1373 1106 1495 1149 etiam
1510 1105 1654 1148 Ducali
1669 1134 1685 1156 ,
1705 1107 1833 1162 Regia
1846 1132 1861 1155 ‚
1888 1110 1905 1148 1
1911 1101 2092 1160 inperiali
2111 1107 2170 1148 di-

1209 1166 1363 1221 gnitate
1375 1164 1625 1220 fulgentibus
1657 1165 1866 1222 utriusque
1896 1164 2008 1208 sextis
2039 1164 2174 1219 perso·

1209 1225 1269 1265 nis
1285 1251 1300 1273 ,
1316 1237 1475 1266 necnon
1489 1223 1690 1279 aliquibus
1707 1226 1894 1267 Notariis
1908 1254 1925 1276 ,
1960 1226 2000 1266 δι
2017 1224 2174 1267 etiam..

1207 1280 1258 1324 de
1275 1282 1405 1325 latere
1421 1284 1602 1339 Legatis,
1616 1283 1656 1324 &
1671 1284 1843 1326 Nunciis
1859 1294 1942 1325 tam
1956 1284 2177 1338 perpetuo,

1206 1341 1327 1395 quam
1352 1341 1402 1381 ad
1429 1350 1590 1397 tempus
1620 1355 1695 1396 per
1724 1344 1933 1383 Romanos
1952 1340 2179 1385 Pontifices

1206 1396 1519 1444 Praedecelsores
1546 1400 1703 1442 nostros
1716 1425 1731 1448 ,
1764 1412 1809 1440 ac
1827 1402 1914 1441 Nos
1928 1426 1943 1448 ‚
1973 1401 2012 1440 δι
2026 1399 2172 1441 Sedem

1205 1457 1483 1514 Apostolicam
1512 1486 1527 1509 ‚
1560 1457 1721 1513 ejusque
1749 1458 1923 1513 Legatos
1953 1460 2137 1500 haetenus
2150 1486 2166 1509 ,

1212 1516 1332 1560 etiam
1346 1526 1460 1559 motu
1477 1517 1644 1572 proprio
1657 1545 1671 1568 ,
1685 1518 1724 1558 8ι
1739 1530 1787 1558 ex
1800 1528 1914 1559 certa
1929 1515 2106 1564 scientia,
2122 1529 2168 1558 ae

1212 1575 1265 1618 de
1290 1574 1527 1632 Apostolicae
1554 1574 1759 1630 potestatis
1786 1575 2066 1631 plenitudine,
2100 1574 2171 1617 seu

1216 1634 1337 1679 etiam
1355 1636 1677 1688 Imperatorum,
1703 1635 1863 1690 Regum
1879 1660 1894 1682 ,
1918 1636 2105 1684 Ducum,
2136 1634 2176 1674 δε

1214 1692 1386 1735 aliorum
1407 1692 1639 1747 Principum
1658 1693 2005 1749 contemplatione
2019 1692 2173 1741 ,intui-

1214 1761 1258 1795 tu
1272 1752 1419 1803 ,etiam
1442 1752 1496 1794 de
1511 1752 1698 1794 Fratrum
1725 1752 1947 1795 nostrorum
1976 1750 2146 1794 confilio
2160 1779 2173 1802 ,

1211 1809 1485 1854 diverlimode
1497 1838 1511 1861 ,
1528 1811 1724 1865 variisque
1738 1811 1996 1866 temporibus
2009 1838 2022 1860 ,
2047 1810 2087 1850 in
2103 1822 2169 1862 ge.

1212 1883 1310 1913 nere
1320 1896 1335 1918 ‚
1351 1867 1415 1911 vel
1434 1866 1561 1924 specie
1574 1896 1589 1918 ,
1601 1869 1641 1909 δι
1654 1869 1792 1922 quavis
1819 1869 1939 1910 etiam
1969 1867 2166 1910 honesta..

1209 1928 1326 1973 causa
1339 1925 1521 1971 concessa
1536 1955 1551 1979 ,
1576 1928 1617 1968 8ι
1629 1927 1754 1969 etiam
1779 1926 1933 1981 pluries
1951 1923 2167 1968 confirma-

1210 1995 1279 2037 ta,
1301 1986 1547 2028 &innovata
1563 1982 1727 2028 fuerunt
1742 2012 1758 2036 ,
1783 1985 1821 2027 in
1851 1980 2051 2042 plerisque
2065 1998 2167 2026 con·

1205 2043 1425 2085 trariantur
1435 2070 1449 2082 .
1462 2045 1567 2092 Nos,
1578 2042 1720 2096 quibus
1743 2043 1784 2083 in
1800 2043 1938 2095 primis
1952 2043 2069 2084 cordi
2084 2044 2138 2085 est
2151 2070 2166 2092 ,

1206 2112 1286 2143 tam
1301 2099 1428 2142 fimeta
1443 2127 1457 2151 ,
1473 2100 1511 2140 δι
1529 2099 1713 2141 Ecclesiae
1730 2098 1806 2141 Dei
1821 2098 2081 2143 saluberrima
2096 2101 2170 2142 de-

1206 2169 1318 2201 creta
1333 2158 1439 2209 suos,
1453 2166 1498 2199 ut
1514 2172 1583 2211 par
1597 2157 1668 2208 est,
1686 2155 1847 2200 effectus
1862 2157 2009 2215 ubique
2022 2156 2164 2200 conse-

1203 2217 1300 2271 qui,
1324 2217 1360 2256 δι
1377 2217 1428 2256 ab
1441 2216 1630 2256 omnibus
1653 2216 1900 2258 obedienter
1928 2215 2166 2270 observari,

1203 2273 1510 2330 privilegiorum
1527 2301 1542 2322 ,
1560 2274 1860 2327 exemptionum
1878 2300 1892 2323 ‚
1922 2274 1975 2315 im
1985 2275 2160 2318 munita·

1202 2343 1288 2375 tum
1305 2359 1319 2382 ,
1348 2328 1587 2375 facultatum
1599 2359 1614 2381 ,
1645 2330 2037 2376 conservatoriorum
2062 2363 2075 2384 ,
2109 2334 2169 2376 in·

1201 2391 1413 2434 dultorum
1427 2418 1442 2440 ,
1457 2389 1801 2433 conseffionalium
1819 2420 1837 2443 ,
1859 2392 1984 2435 Maris
2000 2393 2136 2448 Magni
2150 2418 2165 2442 2

1202 2452 1241 2494 δι
1257 2451 1428 2494 aliarum
1442 2450 1661 2506 gratiarum
1676 2450 1952 2505 praediEtai-um
1966 2480 1980 2503 ,
1993 2466 2038 2493 ac
2054 2466 2159 2509 qua-

1203 2524 1343 2554 rumcu
1416 2524 1467 2553 ue
1483 2508 1812 2565 Apostolicarum
1829 2510 1892 2560 ,&
1905 2510 2075 2551 aliarum
2092 2510 2162 2551 lit-

1201 2525 1559 2624 terarumesuper
1571 2566 1843 2612 confectarum
1858 2596 1872 2619 ,
1886 2567 2163 2610 Proceffuum-

1200 2643 1281 2687 que
1295 2658 1310 2680 ‚
1329 2631 1603 2672 Decretorunt
1620 2654 1635 2678 ‚
1656 2629 1696 2670 δι
1722 2626 1894 2669 aliorum
1910 2627 2004 2669 inde
2021 2629 2163 2682 sequu-

1200 2699 1336 2732 torum
1353 2699 1536 2730 tenorem
1553 2715 1567 2738 ,
1593 2701 1640 2728 ac
1657 2689 1683 2729 fi
1699 2685 1751 2728 de
1769 2687 1897 2730 verbo
1921 2686 1972 2727 ad
1996 2686 2161 2728 verbum

1197 2746 1464 2791 insererentur
1485 2773 1500 2795 ‚
1530 2744 1789 2802 praesentibus
1815 2758 1891 2802 pro
1920 2744 2161 2789 sufficienter

1198 2806 1385 2861 expressis
1400 2808 1466 2855 ,δι
1478 2805 1598 2861 plene
1613 2806 1773 2849 insertis
1795 2806 1989 2848 habentes
2005 2833 2019 2856 ,
2039 2809 2158 2846 Motu

1197 2866 1360 2921 proprio
1370 2894 1385 2917 ,
1401 2866 1442 2906 δι
1456 2878 1505 2907 ex
1520 2872 1635 2906 certa
1649 2862 1814 2906 stientia
1826 2889 1842 2911 ,
1866 2865 1908 2904 δε
1920 2865 1973 2905 de
1988 2866 2018 2905 A
2025 2863 2162 2918 posto-

1199 2923 1286 2966 licae
1309 2922 1519 2978 potestatis
1545 2920 1801 2975 plenitudine
1827 2947 1840 2969 ,
1877 2923 1987 2975 quod
2017 2922 2156 2962 eadem

1199 2983 1330 3024 omnia
1346 3010 1360 3031 ,
1371 2983 1412 3023 δι
1426 2979 1575 3035 singula
1590 2978 1802 3034 privilegia
1813 3002 1828 3024 ·,
1847 2979 2123 3032 exemptiones
2143 3005 2157 3028 ,

1202 3039 1479 3083 immunitates
1492 3064 1506 3086 ,
1534 3031 1747 3079 facultates
1760 3065 1775 3089 ,
1803 3034 2117 3090 dispensationes
2142 3063 2157 3086 ,

1201 3097 1529 3143 conffirvatoriae,
1544 3095 1721 3147 indulta,
1737 3091 2047 3144 confeffionalia,
2068 3096 2158 3136 Ma-

1202 3172 1249 3200 re
1265 3159 1459 3211 Magnum
1471 3181 1486 3204 ‚
1498 3156 1537 3196 δι
1556 3154 1642 3196 aliae
1654 3155 1791 3211 gratiae
1805 3152 1845 3194 in
1861 3153 1921 3195 his
1941 3152 2127 3193 omnibus
2143 3179 2157 3203 ,

1199 3219 1239 3260 &
1256 3214 1437 3270 lingulis,
1463 3214 1502 3255 in
1517 3212 1659 3266 quibus
1671 3213 1745 3255 illa
1759 3212 1906 3254 statutis
1925 3239 1939 3261 ‚
1966 3212 2006 3251 δι
2018 3209 2156 3253 decre·

1203 3276 1256 3317 tis
1271 3271 1452 3316 Concilii
1468 3271 1688 3327 hujusmodi
1702 3271 2003 3314 contrariantur
2020 3296 2032 3320 ,
2066 3269 2152 3325 ipso

1202 3333 1284 3387 jure
1301 3341 1492 3376 revocata
1506 3359 1521 3383 ,
1537 3330 1679 3373 cassata
1693 3357 1708 3380 a
1720 3332 1758 3372 δι
1770 3328 1973 3372 annullata
1986 3358 2002 3381 ,
2032 3341 2077 3368 ac
2103 3326 2155 3369 ad

1202 3391 1319 3448 ipfius
1346 3389 1525 3435 Concilii
1541 3390 1739 3433 terminos
1754 3418 1767 3439 ,
1793 3399 1914 3444 atque
1931 3387 2077 3429 limites
2092 3400 2155 3429 re·

1199 3452 1317 3495 dueta
1332 3448 1404 3492 fint
1417 3478 1430 3500 ,
1444 3451 1484 3492 δι
1497 3446 1573 3492 effe
1586 3448 1823 3491 censeantur
1838 3476 1851 3498 ,
1866 3461 1939 3489 nec
1950 3441 2154 3502 quisquam

1198 3508 1388 3554 adversus
1407 3507 1484 3564 ipsa
1500 3508 1663 3551 decreta
1678 3534 1692 3555 ‚
1715 3507 1753 3547 δι
1781 3505 1928 3549 statuta
1941 3533 1955 3558 ,
1978 3505 2061 3561 quo
2074 3504 2147 3544 mi-

1198 3569 1270 3612 nus
1286 3568 1431 3618 ubique
1449 3594 1464 3616 ,
1478 3567 1519 3608 δι
1529 3562 1796 3622 apud'omnes
1809 3564 2091 3614 observentur,
2106 3563 2146 3603 in

1197 3627 1337 3682 aliquo
1356 3623 1559 3680 suffragari
1571 3622 1704 3681 polle,
1726 3623 1793 3666 sed
1819 3639 1866 3668 ea
1879 3626 2043 3680 perinde
2077 3627 2144 3661 ha·

1197 3686 1308 3734 beri‚
1333 3685 1372 3726 8(
1398 3686 1571 3739 reputari
1599 3684 1750 3726 debere
1774 3711 1790 3736 ,
1818 3698 1867 3727 ac
1892 3683 1918 3725 fi
1949 3688 2144 3733 nunquam

1195 3741 1434 3788 emanassent
1452 3770 1466 3794 ,
1480 3744 1719 3786 auctoritate
1733 3742 1960 3799 Apostolica
1974 3769 1988 3791 ,
2003 3745 2143 3781 tenore

1997 3805 2088 3850 prae’
