2444 4192
834 177 1024 260 Sub
1055 179 1317 261 Leone
1358 175 1461 260 X·

196 325 474 376 decernimus:
503 321 619 366 salvis
633 326 765 364 tamen
790 322 830 363 in
846 323 1011 376 reliquis
1026 321 1143 365 desu-

1931 200 1982 253 2
1996 207 2037 250 2
2055 204 2094 287 5

1260 326 1323 362 De
1338 319 1509 374 Peyrlnls
1533 316 1578 357 de
1583 314 1775 370 privileg.
1793 315 1877 373 fol.
1900 333 1914 360 1
1921 334 1948 374 9
1958 335 1990 363 1.
2010 329 2172 369 Wadd„

193 398 356 448 pannon
365 381 552 440 expressis
577 391 658 424 tam
671 378 961 435 Episcoporum
977 406 991 429 ,
1019 383 1141 436 quim
1198 376 1488 434 tom.16.sot-a.
1500 374 1911 430 Ball-Roman.tom.3.
1921 388 1964 431 p.
1971 393 1991 433 3
2001 381 2155 436 .f.447‚

193 451 405 493 Fratrum,
431 443 471 484 &
484 440 652 485 aliorum
669 436 969 492 Religiosorum
997 439 1144 494 praedi-

195 509 344 548 storum
359 499 515 558 juribus
528 529 543 554 ,
555 501 700 557 quibus
718 510 791 554 per
804 494 994 553 praemiss'a
1010 498 1051 539 in
1064 495 1138 539 ali-

192 575 277 619 quo
299 559 559 618 praejudicare
573 587 588 613 ,
617 558 682 601 stu
704 556 916 615 quicquam
942 553 1141 597 innovare

189 634 270 666 non
283 620 526 662 intendimus
546 647 559 660 .
587 621 681 662 Non
692 612 951 658 obstantibus
977 611 1142 655 Consti·

189 679 415 723 tutionibus
429 708 446 730 ‚
475 679 515 719 &
526 674 847 720 ordinationibus
860 670 1106 728 Apostolicis
1122 695 1137 718 ,

186 752 237 782 ac
250 737 422 788 statutis,
434 738 472 778 &
486 732 833 779 consuetudinibus
845 730 1045 774 dictorum
1056 730 1139 771 Or-

188 796 349 846 dinum,
366 795 610 853 juramento,
622 791 926 836 confirmatione
942 786 1143 844 Apostoli-

187 854 236 897 cd
246 883 259 907 ‚
287 854 351 897 vel
366 854 509 910 quavis
522 852 713 895 firmitate
727 850 802 893 alia
813 848 1016 893 roboratis
1026 874 1040 896 ‚
1059 845 1144 903 pri-

97 929 101 932 ·
189 912 351 979 vilegiis
363 925 526 968 quoque
537 913 578 954 δι
591 910 751 956 indultis
766 936 781 959 ,
809 923 856 952 ac
879 908 1014 952 literis
1030 909 1143 961 Apo-

188 971 338 1014 stolicis
360 982 437 1014 con
444 978 504 1012 tra
518 966 707 1034 praemissa
717 994 733 1022 ,
756 966 819 1012 scu
851 963 1014 1023 aliquod
1042 976 1145 1020 prae·

188 1026 398 1074 missorum
413 1025 593 1086 ejusdem
605 1022 773 1082 Q'sdinis
788 1025 979 1071 concessis
993 1053 1007 1077 ,
1021 1023 1148 1068 etiam

190 1089 232 1130 in
250 1087 356 1132 Mari
370 1100 514 1144 magno
525 1087 726 1132 contentis
741 1112 756 1136 a
777 1085 920 1144 quibus
934 1081 1082 1129 etiamsi
1097 1080 1147 1125 ad

191 1146 362 1190 illorum
374 1145 689 1202 derogationem
704 1145 757 1188 de
769 1147 1071 1200 eis‚oorurnque
1085 1150 1156 1183 to-

190 1205 241 1246 tis
257 1204 463 1253 tenoribus
476 1204 657 1260 specialis
671 1233 686 1257 ,
702 1203 887 1261 specifica
903 1233 917 1256 ,
943 1200 1123 1258 expressa
1138 1225 1156 1251 ,

187 1261 395 1307 individua
409 1290 423 1314 ,
450 1275 497 1304 ac
523 1260 578 1306 de
593 1263 719 1307 verbo
743 1263 795 1304 ad
812 1263 1006 1311 verbum,
1035 1271 1149 1302 non.»

191 1330 327 1374 autem
342 1333 415 1376 per
428 1319 637 1376 generales
650 1319 849 1363 clausulas
866 1319 909 1364 id
924 1318 1151 1373 importan-

110 1415 113 1418 -
190 1379 417 1424 tesmentio
429 1404 444 1428 ,
461 1379 525 1421 scu
537 1377 687 1435 quevis
702 1376 898 1435 exprcffio
910 1376 993 1420 alia
1006 1377 1155 1419 haben·-

190 1439 242 1483 ἀι
252 1467 268 1492 ,
282 1444 351 1483 sut
363 1437 497 1495 aliqua
511 1436 590 1480 alia
599 1438 788 1494 exquisita
804 1437 937 1483 forma
952 1433 1155 1479 servanda

191 1495 307 1551 esset,
316 1495 662 1547 iiiorum'tcnores
674 1497 930 1556 praesentibus
958 1509 1032 1553 pro
1046 1491 1155 1537 suffi-

191 1558 347 1602 cientcr
359 1553 579 1611 expressis,
597 1557 638 1599 δι
655 1556 811 1600 insertis
834 1556 1023 1600 habentes
1035 1581 1050 1604 ,
1063 1553 1156 1609 spe·

191 1615 350 1671 cialiter
379 1615 424 1663 ,δι
465 1614 651 1671 expresse
680 1613 919 1672 derogamus
943 1643 959 1666 ‚
985 1609 1157 1657 caeterif·

160 1711 170 1729 ·.
187 1679 271 1733 ,qne
299 1674 514 1716 contrariis
530 1673 846 1730 quibuscumque
859 1686 872 1716 ε
885 1673 1155 1715 decernentes

193 1746 243 1777 ex
259 1744 360 1777 nunc
373 1731 534 1776 irritum
561 1758 575 1783 ,
598 1731 640 1773 Gt
667 1731 783 1775 inane
796 1760 811 1784 ,
843 1730 871 1774 si
899 1728 1011 1774 secus
1033 1732 1152 1784 super

191 1791 253 1835 his
277 1789 302 1835 8
315 1787 515 1848 quoquam
528 1790 670 1847 quavis
695 1790 955 1834 authoritate
980 1788 1151 1832 scienter

195 1849 735 1906 vebignorantercontigerit
748 1850 960 1894 attentari.
976 1846 1155 1906 Eosdem

199 1907 358 1964 insuper
373 1906 533 1951 Fratres
548 1906 590 1949 in
603 1910 759 1953 virtute
772 1911 924 1955 Sanetae
940 1898 1166 1960 Obe‘dscng‘

184 1969 263 2011 ‘tiae
289 1977 498 2007 monemus
511 1990 526 2012 ‚
555 1972 601 2006 ut
623 1963 784 2008 cosdem
806 1967 1027 2020 episcopos
1051 1964 1159 2010 loco

200 2024 440 2071 Sanc'torum
464 2021 754 2076 Apostolorum
780 2022 1016 2077 subrogatos
1043 2049 1058 2072 ,
1078 2033 1156 2078 pro

200 2081 341 2138 debita
353 2108 368 2132 ,
381 2082 420 2124 δι
435 2080 580 2130 nostra,
594 2094 639 2124 ac
654 2080 894 2137 Apostolicae
907 2080 1025 2124 Sedis
1038 2094 1158 2123 reve·

201 2142 350 2192 tentia,
362 2152 545 2194 congruo
558 2138 731 2190 honore,
747 2140 786 2180 &
800 2140 1066 2182 convenienti
1079 2139 1156 2180 ob-

203 2199 402 2244 servantia
425 2205 666 2239 venerentur
678 2224 690 2237 .
721 2194 831 2249 1psos
862 2209 1023 2252 quoque
1055 2197 1154 2249 Epi·

198 2257 341 2312 scopos
357 2255 569 2296 hortamur
581 2278 596 2302 ,
609 2266 656 2294 ac
672 2266 744 2309 per
759 2252 908 2296 viscera
925 2252 1155 2295 misericor-

198 2315 275 2360 dia
295 2311 375 2356 Dei
387 2310 509 2354 nostri
524 2311 764 2365 requirimus
777 2336 792 2358 ‚
814 2319 859 2353 ut
878 2314 1040 2356 Fratres
1054 2310 1157 2367 ipsos

202 2372 340 2418 affeetu
356 2367 562 2414 benevolo
573 2368 860 2427 prosequentes
872 2396 886 2419 ,
913 2370 1160 2415 charitative

201 2435 375 2478 traaent
387 2459 405 2482 ,
427 2443 473 2472 ac
500 2427 674 2483 benigne
699 2427 865 2472 foveant
880 2458 895 2482 ,
926 2429 1052 2488 seque
1083 2429 1170 2472 illis*

204 2489 371 2535 minime
390 2485 577 2532 difficiles
592 2513 607 2536 2
634 2496 703 2541 aut
718 2487 865 2540 duros,
876 2489 941 2532 vel
955 2487 1159 2540 morosos,

206 2550 272 2595 sed
288 2545 421 2606 potius
431 2542 568 2590 faciles
581 2572 596 2596 s
606 2546 721 2590 mites
732 2573 747 2596 ,
761 2547 959 2604 propitios
974 2577 988 2600 ,
1014 2549 1161 2605 piaque

206 2603 477 2652 munificentii
504 2604 693 2654 liberales
717 2606 934 2650 exhibeant
965 2634 981 2656 2
1009 2622 1055 2650 ac
1081 2609 1157 2651 in..-

203 2665 389 2720 omnibus
407 2662 619 2720 predistis,
634 2672 825 2723 tanquam
841 2666 880 2708 in
896 2679 997 2722 agro
1013 2667 1160 2710 Domi-

205 2725 300 2769 nico
312 2731 596 2779 cooperatores
609 2751 624 2773 .
639 2737 860 2780 corumque
870 2726 1055 2769 laborum
1069 2740 1161 2782 par-

207 2784 354 2839 ticipes
363 2806 383 2831 ›,
395 2779 587 2835 prompt!
601 2782 850 2837 benignitate
864 2784 1079 2840 recipiant,
1093 2799 1166 2827 eo-

203 2852 382 2899 rumque
388 2837 480 2894 -jura
491 2850 586 2880 cum
595 2839 704 2882 omni
715 2839 916 2884 charitate
924 2843 1168 2895 custodiant,

212 2894 339 2956 atque
349 2894 568 2940 defendant
582 2920 598 2944 s
611 2904 658 2938 ut
670 2905 754 2939 tarn
770 2899 958 2957 Episcopi
972 2927 987 2950 ‚
1011 2902 1171 2957 quim„

210 2960 378 3003 fratres
391 2951 741 3012 praefati‚quorum
755 2968 896 3010 opera,
906 2959 1020 3003 velut
1036 2961 1167 3003 lucet·

150 3018 152 3021 ’
216 3031 274 3062 nae
293 3016 478 3059 ardentes
493 3040 509 3065 ‚
523 3013 637 3070 supra
650 3021 828 3056 montem
838 3016 967 3072 posita
977 3017 1167 3061 omnibus

216 3071 552 3118 Christifidelibus
573 3071 708 3115 lumen
724 3073 900 3127 praebcre
909 3075 1063 3119 debent
1077 3105 1092 3127 ,
1115 3075 1168 3119 ad

112 3131 122 3139 ’
140 3183 144 3190 ,
214 3132 291 3178 Dei
307 3130 467 3177 laudem
483 3157 497 3183 ,
517 3128 611 3173 fidei
623 3130 832 3174 catholicae
845 3134 1139 3179 exaltationem
1155 3159 1172 3184 ‚

221 3188 542 3254 populorumque
555 3189 750 3241 salutem«,
763 3189 816 3232 de
828 3191 1027 3236 virtutein
1042 3192 1173 3234 virtu-

222 3247 532 3307 mproficiant
547 3277 564 3300 ,
587 3263 634 3292 ac
649 3248 796 3292 exinde
824 3249 845 3292 ἃ
872 3250 1176 3306 largissimobo-

230 3317 368 3364 netum
382 3307 560 3352 omnium
570 3308 817 3351 retributore
839 3310 1016 3353 Domino
1031 3323 1178 3365 peren·-

231 3357 387 3414 maire
400 3367 603 3422 praemium
615 3366 805 3423 consequi
815 3378 1061 3412 mereantur.
1078 3367 1180 3411 Nul-

237 3420 291 3482 1ἰί
380 3425 459 3469 διε.
483 3428 637 3471 Datum
653 3428 794 3469 Romae
810 3427 848 3468 in
867 3425 1030 3482 publica
1057 3425 1180 3470 sessio-

237 3483 293 3546 nfi
344 3479 1018 3543 7ξμιῃιεπιιιειι.ὃαιῑιυ[ὲιιέίειὸγηοάο
1034 3485 1179 3528 solem-

238 3539 560 3602 nitetsioelebrati
574 3571 589 3596 ,
602 3558 706 3589 anno
720 3545 1016 3588 lucarnationis
1039 3543 1179 3588 Domi.

237 3595 548 3660 nicaemiilefimo
555 3602 869 3658 quingentesimo
878 3604 1040 3647 decimo
1053 3603 1177 3654 sexto,

235 3652 403 3719 defimff
420 3668 531 3716 ΜΨ
550 3662 788 3708 Decembris
812 3661 1075 3709 Pontificatfis
1105 3674 1176 3704 no·

235 3711 304 3754 stri
319 3711 593 3774 Anno'quagm
606 3747 619 3763 ,

349 3830 453 3889 Tomy
473 3831 534 3874 Vl.

1202 609 1504 662 Generalibus
1523 610 1756 661 Ordinum
1772 611 2166 672 Mendicantium‚

1266 699 1430 731 eorum
1451 684 1644 731 Vicariis
1666 700 1751 750 pro
1763 697 1991 752 tempore,
2004 702 2056 733 ac
2069 685 2167 734 aliis

1270 752 1327 801 ab
1341 754 1394 800 iis
1410 753 1653 819 deputatis,
1674 758 1856 803 Fratres
1875 751 1978 804 suos
1998 754 2053 804 ab
2073 772 2174 805 om·

1273 822 1406 872 nibus
1435 822 1680 873 exceffibus
1717 843 1770 874 ac
1799 823 1998 876 censuris
2028 823 2170 876 absol-

1271 893 1410 946 vendi
1439 891 1703 944 facultatem
1732 896 1961 965 largitur.

1209 1021 1376 1067 Dilcstis
1394 1022 1506 1067 Filiis
1521 1049 1536 1072 ,
1552 1021 1712 1078 singulis
1728 1023 2003 1068 Generalibus
2036 1024 2175 1082 singu-j

1329 1083 1462 1127 lorum
1477 1082 1681 1126 Ordinum
1695 1082 2016 1128 Mendicantium
2032 1112 2047 1128 .

1426 1206 1465 1254 L
1502 1206 1541 1253 E
1578 1204 1627 1253 Ο
1700 1205 1738 1254 P
1773 1205 1827 1254 P.
1898 1207 1966 1256 X.
2000 1230 2006 1234 ⁸

1257 1319 1409 1366 Ditem·
1439 1319 1647 1373 fnit-&a
1661 1348 1676 1372 ,
1693 1322 1874 1378 stlutem
1902 1289 2136 1381 &Aposto-

1458 1382 1576 1422 licam
1604 1379 1906 1424 benedimonem
1919 1409 1931 1421 .

1330 1498 1467 1554 Xponi
1495 1497 1623 1542 Nobis
1644 1496 1791 1540 fecistis
1804 1525 1820 1548 ,
1850 1496 2069 1540 nonnullos
2088 1498 2178 1540 Ro·

1347 1570 1485 1600 manos
1515 1556 1735 1601 Pontifices
1763 1554 2071 1613 praedecessores
2103 1570 2180 1599 no-

1217 1615 1319 1658 stros
1345 1615 1394 1658 ad
1414 1614 1730 1660 conservandam
1761 1612 1981 1672 disciplina
1995 1615 2183 1671 Regula·-

1216 1675 1270 1716 ris
1290 1674 1569 1730 integritatem
1584 1706 1598 1728 ,
1623 1689 1709 1732 quae
1732 1688 1782 1718 ex
1799 1678 1983 1718 Fratrum
1996 1674 2184 1719 discursi-

1218 1733 1293 1776 bus
1311 1734 1532 1788 plurimtim
1557 1732 1786 1778 labefactari
1819 1733 1952 1785 solet,
1978 1733 2092 1777 vobis
2121 1733 2185 1774 in-

1217 1790 1375 1835 dulsisse
1391 1822 1406 1844 ,
1421 1804 1466 1836 ut
1483 1796 1640 1836 Fratres
1657 1792 1805 1835 vestros
1836 1791 1857 1833 zi
1880 1794 2183 1848 quibuscunque

1216 1852 1453 1894 criminibus
1470 1880 1486 1903 ,
1510 1851 1728 1894 excessibus
1750 1853 1790 1893 δι
1816 1850 2023 1902 censuris,
2050 1849 2118 1892 nisi
2142 1850 2183 1889 in

1214 1911 1338 1954 certis
1363 1909 1552 1967 expressis
1577 1909 1731 1952 casibus
1747 1936 1764 1959 ‚
1790 1909 1830 1951 in
1865 1910 2010 1964 quibus
2033 1907 2183 1950 Sedem

1215 1957 1488 2024 Apoholicam
1510 1968 1800 2013 consulendam
1827 1966 1905 2010 esse
1928 1969 2143 2011 voluerunt
2168 1993 2185 2017 ,

1217 2024 1431 2068 absolvere
1447 2024 1678 2078 possetis-Et
1689 2026 1788 2068 dum
1804 2027 2187 2080 nuper,sacrox.ate-

1218 2098 1262 2126 ra
1271 2082 1382 2124 nenfi
1395 2084 1648 2138 approbante
1665 2082 1859 2124 Concilio
1876 2109 1890 2132 ,
1904 2085 2058 2139 aliquos
2073 2081 2185 2124 casus

1219 2143 1273 2186 dc
1298 2155 1407 2184 novo
1426 2141 1586 2192 Nobis,
1611 2142 1651 2184 δι
1673 2139 1914 2196 Apostolicae
1936 2140 2034 2184 Sedi
2061 2138 2184 2182 reser-

1214 2199 1369 2242 vandos
1383 2199 1571 2241 duximus
1585 2212 1600 2251 3
1625 2199 1820 2242 dubitatis
1833 2228 1850 2249 ,
1864 2213 1916 2240 ne
1930 2198 2062 2242 forsan
2088 2212 2186 2241 con·

1217 2254 1322 2301 cessa
1337 2258 1451 2299 vobis
1466 2256 1634 2299 facultas
1654 2256 1851 2298 diminuta
1867 2256 1911 2298 sit
1926 2287 1941 2307 ,
1956 2260 1992 2299 8:
2013 2256 2184 2313 perinde

1219 2320 1407 2363 Fratrum
1419 2314 1661 2359 discursibus
1679 2343 1695 2366 ‚
1709 2317 1776 2370 qui
1793 2316 1943 2358 crebro
1962 2317 2004 2358 in
2017 2315 2184 2372 pericu·

1222 2377 1309 2421 lum
1319 2375 1542 2418 animarum
1560 2375 1715 2418 suarum
1731 2385 1906 2430 vergunt
1920 2403 1935 2426 ‚
1959 2389 2039 2417 non
2055 2373 2099 2416 sit
2116 2375 2187 2416 ob.

1225 2436 1410 2488 viatum3
1439 2444 1564 2490 utque
1582 2434 1700 2487 super
1721 2435 1796 2475 hoc
1820 2433 1872 2475 de
1897 2433 2189 2489 benignitate,

1224 2493 1463 2550 Apostolica
1478 2492 1696 2548 providere
1707 2491 1970 2548 dignaremur
1984 2518 2000 2541 ,
2026 2492 2190 2534 humili-

1222 2564 1285 2600 ter
1304 2551 1551 2609 supplicastis
1564 2580 1577 2593 .
2112 2582 2118 2587 .

1340 2616 1426 2656 Nos
1454 2612 1577 2667 igitur
1603 2610 1808 2666 cupientes
1839 2612 2004 2653 Fratres
2040 2610 2080 2651 in
2112 2609 2187 2651 suis

1220 2672 1408 2719 claustfis
1421 2671 1551 2726 potius
1580 2673 1672 2713 Deo
1694 2664 1913 2713 contritos
1935 2667 2190 2711 Sacrificium

1227 2734 1302 2791 pro
1323 2730 1397 2774 suis
1410 2730 1590 2787 peccatis
1602 2728 1746 2772 offerre
1761 2758 1775 2780 ‚
1801 2728 1920 2786 quim
1938 2727 2094 2770 suarum
2111 2727 2193 2770 ani·

1226 2805 1380 2836 marum
1403 2789 1613 2846 periculo,
1636 2789 1675 2830 ἃ
1701 2787 1893 2831 scandalo
1914 2786 2192 2843 populorum,

1230 2864 1303 2906 per
1330 2849 1550 2905 longinqua
1574 2847 1721 2889 itinera
1753 2846 1979 2889 discurrere
2005 2873 2021 2896 ,
2048 2845 2189 2888 vestris

1231 2907 1592 2962 supplicationibus
1606 2904 1818 2955 inclinati,
1828 2904 2066 2945 auctoritate
2076 2907 2186 2959 Apo.

1233 2966 1371 3011 stolica
1385 2997 1400 3017 ‚
1426 2976 1570 3008 tenore
1583 2962 1838 3018 praesentium
1866 2961 1980 3002 vobis
1995 2961 2189 3003 concedi-

1230 3039 1344 3073 mus,
1360 3036 1404 3069 ut
1419 3037 1516 3070 vos,
1543 3023 1584 3064 δε
1610 3019 1948 3076 quandocumque
1975 3020 2189 3073 contingat

1232 3084 1408 3127 officium
1430 3076 1702 3124 Generalatfis
1717 3092 1790 3134 per
1802 3079 1984 3125 obitum,
1996 3085 2064 3118 aut
2077 3090 2194 3119 amo·

1235 3147 1391 3185 tionem
1407 3137 1673 3182 Generalium
1687 3152 1763 3196 pro
1777 3149 1962 3192 tempore
1975 3162 1991 3186 ‚
2015 3136 2096 3176 five
2109 3134 2193 3176 alio

1237 3202 1380 3256 quovis
1422 3198 1550 3240 modo
1594 3211 1739 3240 vacare
1767 3225 1782 3248 ,
1818 3206 1861 3238 ut
1886 3194 2005 3238 vestri
2038 3194 2191 3237 Vicarii

1238 3261 1337 3302 item
1362 3271 1436 3313 pro
1465 3267 1648 3310 tempore
1672 3285 1688 3308 ,
1727 3270 1774 3298 ac
1816 3254 1942 3297 etiam
1973 3250 2068 3303 illi,
2105 3252 2195 3307 qui-

1237 3319 1314 3361 bus
1340 3329 1412 3358 vos
1448 3314 1673 3370 specialiter
1705 3314 1750 3356 id
1777 3311 1975 3356 duxeritis
2001 3310 2196 3355 commit:

1238 3374 1405 3420 tendum
1417 3373 1623 3422 ,subditos
1637 3371 1788 3415 vestros
1805 3369 2025 3427 respestive
2046 3370 2097 3412 ab
2109 3383 2194 3413 om.

1238 3435 1354 3480 nibus
1367 3435 1408 3476 &
1422 3433 1581 3489 singulis
1595 3431 1746 3474 casibus
1766 3432 1806 3471 &
1823 3429 2000 3472 censuris
2017 3457 2034 3480 ,
2055 3426 2193 3473 secun.

1239 3493 1335 3536 dum
1349 3492 1640 3535 concessionem
1655 3493 1695 3534 &
1706 3488 2023 3530 declarationem
2035 3486 2194 3532 fehrec.

1239 3553 1438 3595 Sixtitv.
1466 3550 1609 3604 &Julii
1627 3552 1685 3591 Π.
1713 3550 1990 3590 Romanorum
2022 3545 2195 3590 Pontifi-

1235 3623 1330 3653 cum
1358 3607 1689 3662 praedecessorum
1703 3605 1930 3649 nostrorum
1950 3635 1967 3658 ,
1982 3603 2192 3648 absolvere

1236 3666 1411 3724 possitis.
1446 3670 1541 3709 Non
1557 3666 1805 3708 obstantibus
1834 3664 2159 3708 revocationibus
2174 3687 2188 3708 ‚

1237 3724 1602 3773 reservationibus,
1628 3724 1986 3768 constitutionibus
2014 3724 2054 3763 δι
2082 3718 2193 3763 ordi·

1234 3784 1466 3829 nationibus
1488 3783 1735 3841 Apostolicis
1749 3797 1908 3883 ,fnuper
1924 3783 1961 3825 in
1985 3781 2095 3823 dicto
2114 3779 2191 3817 La-

1708 3845 1739 3885 F
2033 3846 2134 3877 tera-
