2444 4192
697 200 865 288 Sub
921 208 1242 318 Joanne
1302 210 1500 292 XX
1527 212 1567 288 I
1596 204 1651 290 lt

243 364 402 423 scipulis
417 365 492 406 hoc
507 358 685 406 senfiffe.
718 363 808 405 Nec
835 361 915 403 hoc
934 386 950 408 2
982 362 1134 406 scilicet
1161 362 1201 404 in

243 422 440 472 connitum
454 451 469 475 ,
492 421 531 463 Sc
553 420 687 479 quoad
702 420 1003 476 proprietatem
1030 423 1199 478 aliqua)

239 483 384 530 habere
397 480 572 536 derogat
588 511 604 533 ,
617 480 731 537 juxta
746 477 898 522 dietum
913 480 1109 537 Gregorii
1121 483 1198 523 IX.

235 541 440 606 praedicti,
466 540 658 583 altissimae
681 539 937 597 paupertati,
961 541 1030 597 qui
1045 540 1083 581 in
1097 554 1198 596 qua-

231 601 333 644 dam
364 594 431 643 sua
454 599 656 643 decretali
675 597 776 641 dicit
799 592 978 654 expresse
993 627 1007 650 ‚
1034 600 1199 641 Fratres

230 659 515 717 praeds‘catores
537 687 552 710 ,
583 659 631 708 ὸ·
644 660 815 702 Minores
836 659 879 699 t⁰n
893 656 1073 715 altffma
1090 666 1199 712 pau-

224 727 394 776 pertate
419 718 573 777 Cbrsso
600 718 772 774 pauperi
815 713 1045 772 famulari:
1071 718 1109 758 &
1137 726 1198 758 ta-

160 818 174 831 „
230 791 327 821 men
343 778 534 831 constat„
563 776 671 834 ipsos
693 775 990 820 Praedicatores
1005 777 1197 821 habero

230 837 274 879 in
304 838 542 887 communi,
573 837 697 880 etiam
719 834 856 894 quoad
893 837 1195 893 proprietatem

237 895 400 952 aliqua,
427 896 540 953 quod
572 909 714 963 eorum
741 894 888 952 regulae
917 897 958 938 δε
984 894 1097 938 statui
1113 909 1195 938 non

224 951 1202 1070 f353{a{‡·p{2‘}312¹;‘fffssffa‘zassiisszt‘issgssfz

228 1071 286 1122 li,
314 1083 459 1117 contra
488 1073 635 1116 statum
657 1073 977 1118 Praedicatorum
1007 1104 1020 1129 ,
1050 1076 1093 1117 δι
1121 1073 1199 1118 Mi·

230 1144 383 1174 norum
419 1131 519 1176 editi
549 1131 718 1176 videtur
742 1131 924 1183 sentisse,
959 1136 998 1177 in
1023 1150 1105 1192 qua
1130 1132 1202 1177 ali-

228 1191 398 1255 quando
426 1190 482 1232 de
505 1189 623 1233 dietis
650 1192 890 1246 Fratribus,
913 1207 999 1250 quae
1027 1193 1198 1251 sequun-

226 1257 300 1292 tur
314 1278 328 1302 ,
352 1246 580 1303 subjunxit:
605 1247 693 1291 edm
714 1251 758 1292 in
775 1259 871 1305 uper
896 1253 1014 1294 iidem
1032 1255 1198 1297 Fratres

226 1310 539 1363 amniaprepter
564 1311 695 1351 Deum
707 1309 1026 1366 derelinquerint
1036 1340 1051 1364 ‚
1073 1312 1195 1354 exma

226 1369 323 1412 vite
340 1364 524 1425 fitbsr'dia
547 1365 808 1412 mendicantes
823 1397 838 1421 ,
866 1370 1195 1427 Christumqum

228 1425 440 1470 mirentur
446 1434 693 1484 pauperem,
711 1429 996 1488 perfil‘llanem
1018 1434 1196 1486 Evange-

228 1486 343 1529 lieam
361 1487 646 1542 amplexandae
662 1494 831 1544 propter
856 1490 963 1544 quod
995 1490 1198 1532 evidenter

230 1552 397 1602 apparet
408 1574 426 1597 ,
445 1559 506 1588 eos
533 1558 611 1588 non
621 1546 758 1605 fildm
791 1548 834 1590 in
846 1548 965 1605 statu
977 1549 1198 1606 [Μυσαίο-

138 1610 141 1613 ’
215 1593 318 1646 Ινιιιιινι
339 1605 502 1663 existere
530 1631 545 1658 ,
568 1604 652 1663 fid
668 1610 791 1648 etiam
812 1604 1080 1662 perfeHarum
1104 1636 1119 1660 ,
1143 1607 1198 1659 ό·

219 1663 388 1718 perstre
401 1666 606 1720 religionis
634 1664 926 1720 obstinantiam
942 1695 956 1719 ‚
983 1680 1072 1722 quc
1105 1669 1196 1722 qui-

227 1720 311 1763 den·
345 1721 464 1779 ipsius
495 1719 750 1778 persi-Hiems
790 1726 1036 1780 Evangelicae
1088 1734 1196 1768 tenet

214 1776 399 1839 formam
413 1809 428 1833 ,
463 1780 508 1823 in
529 1790 688 1825 aterne
712 1784 994 1827 retributionis
1028 1788 1195 1841 premio

222 1840 689 1896 precellentemglorsam
695 1846 936 1898 promereri:
947 1844 1012 1886 ubi
1026 1844 1149 1901 quide
1156 1858 1194 1885 m

228 1895 522 1955 exfleffeudicit
533 1924 548 1947 s
561 1900 863 1947 Prndicatores
877 1904 1084 1948 Christum
1098 1917 1199 1958 pau·

230 1966 374 2011 pet-ern
388 1974 391 1976 ·
406 1956 568 1999 insimi-
584 1986 601 2009 ‚
640 1960 827 2025 ipstssqne
864 1962 1199 2016 perfectionem-2

194 2065 202 2073 ι
231 2011 531 2069 Evangelicam’
549 2014 801 2068 :inplexu-1,
825 2018 867 2056 δι
879 2018 924 2058 in
937 2019 1043 2060 statu
1057 2022 1201 2061 enitte-

232 2079 280 2116 ‘re
294 2069 587 2127 perfectorum,
603 2070 796 2128 quodque
814 2071 995 2128 Ipsorum
1012 2075 1202 2130 Religio—

230 2128 296 2176 nis
309 2129 567 2174 observantia
590 2130 859 2186 perfeetionis
879 2131 1132 2187 Evangelicae
1145 2142 1205 2175 te·

235 2197 310 2232 net
324 2187 498 2230 formam
511 2199 527 2227 s
550 2189 592 2225 δε
609 2196 749 2226 tamen
767 2188 924 2227 constat
947 2190 1053 2240 ipsos
1080 2191 1203 2228 habe-

226 2256 273 2290 re
293 2242 404 2300 poffe
427 2242 555 2286 etiam
572 2242 710 2299 quoad
746 2243 1042 2298 proprietatem
1069 2243 1205 2300 aliqua

221 2297 499 2364 {untaeotum
511 2301 695 2357 regulam
714 2301 753 2344 in
765 2301 973 2344 communi
986 2314 1002 2355 3
1027 2306 1115 2346 Nec
1130 2303 1204 2345 ob·

226 2362 310 2407 nat
322 2391 337 2416 ,
364 2362 475 2419 quod
489 2361 634 2405 dicunt
650 2356 936 2404 Innocentium
953 2360 1085 2418 (aliis
1099 2365 1205 2404 Coe·

226 2421 413 2466 tostinum
426 2423 449 2482 )
462 2422 513 2465 V.
530 2417 862 2478 predecessorem
879 2420 1062 2463 nostrum
1087 2420 1210 2464 dixis-

227 2481 269 2526 ἐξ
282 2510 299 2533 ,
325 2480 447 2524 altam
475 2487 758 2537 paupertatem
773 2478 870 2532 etse,
884 2480 1033 2524 habere
1048 2494 1206 2538 pauca...

226 2540 403 2599 propria
418 2548 586 2595 propter
599 2541 738 2582 Deum
755 2567 770 2590 ‚
784 2539 993 2589 altiorem,
1012 2554 1100 2597 quae
1111 2540 1207 2583 nul-

152 2622 155 2626 ·
230 2600 273 2644 la
288 2600 410 2643 babet
423 2598 614 2655 propria,
647 2606 784 2640 tamen
800 2599 923 2643 habet
952 2598 993 2641 in
1017 2614 1203 2644 commu-

229 2659 306 2709 ni,
334 2655 587 2710 altiffimam,
616 2670 704 2712 quae
729 2657 833 2701 nihil
877 2659 1004 2703 habet
1050 2661 1090 2703 in
1119 2660 1199 2702 hoc

227 2717 413 2769 mundo,
440 2730 515 2760 nee
543 2716 803 2774 inproprim,
830 2719 963 2761 necin
979 2719 1201 2762 communi:

154 2800 155 2803 ¹
224 2775 403 2821 dicimus
428 2773 596 2830 quidem
616 2801 632 2826 ‚
656 2775 766 2831 quod
803 2776 883 2818 hoc
911 2777 1095 2830 dixerit,
1116 2793 1199 2821 non

233 2845 281 2878 ut
305 2836 442 2891 Papa,
467 2832 534 2876 sed
564 2841 609 2874 ut
624 2834 775 2876 Frater
812 2837 958 2879 Petrus
984 2837 1037 2880 de
1056 2840 1206 2882 Taran-

222 2894 327 2940 trasna
353 2893 394 2937 in
424 2891 598 2950 quadam
613 2892 771 2948 postilla
796 2891 887 2945 sua,
909 2910 1035 2952 quare
1063 2896 1204 2940 dieta.»

173 2942 178 2964 ¹
223 2951 523 3016 ›pri-:missorum
549 2956 810 2995 summorum
838 2955 1085 3001 Pontificum
1112 2957 1203 3001 sunt

223 3014 272 3060 *Gi
286 3013 438 3058 merito
465 3010 716 3069 preferenda
734 3039 747 3052 .

356 3073 513 3115 Dicunt
539 3073 694 3119 etiam,
724 3072 835 3128 quod
864 3074 1083 3129 Apostolus
1107 3074 1202 3120 de)

230 3129 514 3177 vitiantiffima
532 3130 718 3187 loquitur
742 3140 1012 3188 paupertate,
1037 3131 1201 3177 dicens:

144 3230 153 3233 -
216 3184 279 3237 ’Ὠ
297 3190 480 3235 altissima
494 3199 713 3246 paupertas
727 3205 871 3235 eorum
894 3189 1115 3234 abundavit
1129 3193 1203 3237 its-³

173 3258 178 3262 “
226 3249 402 3298 *divitias
416 3249 687 3306 simplicitatis
699 3264 870 3294 eorum:
897 3247 1011 3306 quod
1037 3250 1204 3295 eviden-

233 3310 371 3367 *²²²⁶st
387 3309 528 3353 falsum
541 3321 556 3351 ε
589 3308 681 3366 quia
695 3310 751 3353 ibi
769 3308 954 3367 loquitur
969 3308 1019 3351 de
1033 3324 1204 3367 pauper-

239 3370 327 3412 'Me
340 3368 611 3414 Macedonum
623 3396 640 3419 a
659 3371 729 3426 qui
751 3370 877 3412 etiam
903 3368 945 3412 in
958 3367 1119 3424 speciali
1132 3369 1205 3412 bo·

252 3420 547 3485 Mmporalia
569 3428 813 3472 obtinebant
822 3459 839 3481 ,
853 3428 907 3471 de
925 3429 1072 3484 quibus
1088 3428 1204 3483 Apo-

252 3479 540 3539 stfflafferit,
569 3487 680 3544 quod
700 3486 815 3544 supra
840 3488 948 3531 vires
976 3487 1061 3530 suas
1090 3484 1205 3530 mise-

253 3544 620 3607 rfflweleemosynas
635 3548 788 3612 sanetis
803 3577 815 3589 .
845 3546 976 3605 Quod
991 3557 1126 3590 autem
1141 3546 1206 3589 di-

253 3603 358 3643 citt*
371 3603 414 3646 in
423 3603 708 3650 declaratione
720 3605 884 3651 Nicolai
899 3603 1209 3652 Praedecefforis

251 3654 579 3707 nostrive-tincti
592 3691 608 3715 ,
637 3666 746 3722 quod
776 3668 944 3710 Fratres
968 3667 1150 3710 Minores
1164 3664 1206 3708 in

252 3718 577 3783 rebus-sm
591 3724 820 3769 obveniunt
835 3755 852 3778 ,
877 3727 1027 3771 habent
1043 3724 1204 3769 tantum

255 3774 476 3844 {Impulicem
492 3779 608 3824 *Usum
622 3782 717 3826 faeti
732 3811 747 3834 ,
774 3784 949 3828 dicimus
965 3815 980 3838 ,
1009 3784 1119 3842 quod
1132 3814 1147 3836 ‚
1173 3786 1202 3826 si

255 3834 334 3893 lpse
349 3831 590 3883 intelletum
603 3841 833 3900 fimplicem
846 3845 958 3890 usum
970 3843 1058 3888 faeti
1072 3844 1201 3903 denu-

2013 241 2174 326 109

1264 360 1406 402 datum
1420 359 1530 400 omni
1547 358 1665 413 jure,
1691 357 1747 400 ita
1782 353 1893 413 quod
1930 358 2093 405 Fratres
2132 368 2228 421 ipsi,

1261 414 1330 461 seu
1346 415 1464 459 Ordo
1480 417 1639 458 nullum
1660 414 1723 471 jus
1752 416 1926 458 habeant
1951 422 2120 470 utendi,
2148 427 2226 468 hoc

1260 478 1317 523 est
1333 474 1522 532 expresse
1550 483 1695 517 contra
1709 473 2034 517 declarationem
2058 481 2224 535 Grego-

1260 538 1310 580 rii
1337 564 1352 589 ,
1379 536 1615 578 Innocentii
1640 563 1656 585 ,
1687 532 1906 576 Alexandri
1932 559 1948 582 a
1975 537 2233 581 Summorum

1259 593 1507 639 Pontificum
1541 593 1829 650 praedictorum
1858 620 1871 644 ,
1900 594 1940 635 in
1981 594 2127 649 quibus
2167 610 2233 638 ex.

1260 651 1395 712 prelse
1411 682 1425 706 ,
1450 654 1560 711 quod
1577 653 1720 696 talium
1747 653 1953 696 bonorum
1982 650 2094 695 usum
2109 655 2229 696 Ordo

1259 714 1435 761 habeat,
1463 714 1726 757 continetur:
1751 712 1860 767 quod
1887 712 1941 755 de
1970 711 2036 753 ufir
2055 710 2155 767 juris
2178 713 2232 755 est

1257 771 1570 828 intelligendum
1599 769 1821 815 necessario
1848 800 1863 822 ‚
1890 779 1934 814 ut
1965 772 2148 828 superius
2177 770 2233 812 est

1256 834 1475 892 probatum
1492 860 1504 872 .
1532 829 1679 874 Adhuc
1693 830 1867 873 dicimus
1882 861 1896 883 ,
1924 831 2038 886 quod
2060 831 2115 874 est
2137 843 2231 872 cum

1258 896 1338 937 hoc
1355 889 1597 947 impossibile
1620 920 1635 942 ,
1658 888 1940 932 scilicetusum
1968 890 2061 933 faeti
2078 888 2235 944 simpli-

1262 966 1351 996 cem
1366 952 1514 1006 absque
1538 948 1626 1007 jure
1640 949 1780 1005 aliquo
1806 948 1954 1005 (quod
1981 950 2090 992 nihil
2118 947 2236 991 aliud

1261 1014 1382 1069 quim
1407 1011 1534 1067 ipsum
1549 1010 1608 1051 uti
1625 1007 1789 1066 proprie
1814 1008 1896 1052 dici
1925 1008 2090 1067 potest)
2121 1004 2228 1063 posse

1259 1074 1301 1116 in
1319 1087 1363 1115 re
1378 1071 1515 1128 aliqua
1526 1069 1650 1112 etiam
1667 1069 1736 1112 usu
1748 1081 1833 1111 non
1850 1068 2160 1124 consumptibili
2177 1068 2229 1109 ab

1260 1132 1399 1187 aliquo
1409 1130 1591 1174 obtineri
1606 1157 1620 1181 ,
1634 1138 1757 1185 prout
1773 1129 1815 1171 in
1831 1128 2032 1172 decretali
2050 1156 2065 1180 ‚
2079 1127 2136 1169 ad
2144 1138 2235 1168 con·

1259 1192 1430 1234 ditarem
1448 1193 1681 1240 canonum,
1708 1187 1765 1232 est
1797 1189 2048 1243 probatum,
2077 1188 2116 1229 Bc
2143 1187 2235 1228 Au-

1260 1250 1439 1306 gussinus
1452 1250 1495 1292 in
1512 1250 1582 1292 lib.
1604 1263 1621 1292 t
1635 1262 1668 1290 ι.
1683 1248 1737 1291 de
1752 1250 1841 1290 at‘tu
1855 1274 1870 1297 ‚
1886 1257 2003 1292 tenet
2017 1241 2207 1302 expresse
2222 1256 2238 1287 ε

1257 1312 1489 1358 Praeterea,
1507 1308 1531 1351 fi
1555 1307 1795 1364 (impliciter
1822 1305 1910 1349 usus
1930 1306 2159 1350 denudatus
2186 1303 2236 1346 ab

1257 1372 1367 1414 omni
1393 1368 1482 1426 jure
1502 1368 1643 1410 haberi
1659 1365 1785 1424 posset
1802 1368 1851 1410 ab
1867 1365 2034 1422 aliquo,
2059 1363 2235 1413 constat,

1287 1429 1368 1471 uod
1385 1430 1494 1470 aetus
1511 1427 1653 1469 utendi
1668 1426 1895 1479 hujusmodi
1918 1424 2016 1467 effet
2040 1429 2236 1478 reputan-

1257 1444 1338 1531 dus
1378 1502 1458 1529 non
1487 1485 1611 1543 juiius
1629 1515 1643 1534 ,
1670 1482 1854 1526 cumille
1869 1482 1959 1526 usus
1986 1482 2136 1533 fuerit,
2164 1479 2233 1523 cui

1257 1547 1318 1605 jus
1337 1563 1416 1591 non
1431 1546 1693 1602 competebat
1710 1541 1869 1586 utendi:
1885 1543 1976 1588 usus
1988 1550 2126 1585 autem
2144 1553 2231 1582 non

1258 1608 1380 1666 julius
1416 1606 1467 1649 ad
1492 1603 1751 1662 perfeetionis
1776 1602 1922 1647 statum
1952 1614 2235 1657 nequaquam,

1258 1670 1468 1723 pertinet,
1496 1679 1570 1708 nec
1599 1664 1840 1721 perfectioni
1869 1660 2026 1720 aliquid
2058 1659 2235 1714 adjicit,

1258 1727 1325 1769 sed
1347 1726 1417 1769 fibi
1432 1738 1660 1781 repugnare
1686 1721 1821 1778 potius
1848 1722 2029 1767 noscitur
2057 1714 2234 1761 manife-

1257 1784 1480 1843 ste.Quod
1497 1796 1633 1828 autem
1657 1784 1768 1826 usum
1800 1782 1925 1826 talem
1951 1794 2037 1824 non
2053 1779 2236 1836 justum

1256 1846 1466 1887 Conditor
1486 1842 1672 1885 Canonis
1691 1842 1896 1884 Fratribus
1912 1841 2002 1896 ipsis
2016 1838 2240 1882 intellexe-

1258 1904 1312 1947 rit
1326 1902 1536 1946 reservare
1551 1930 1565 1952 ,
1594 1900 1807 1956 probabile
1825 1915 1909 1943 non
1926 1899 2123 1947 videtur3
2152 1895 2237 1937 imo

1260 1963 1375 2022 quod
1390 1962 1442 2005 de
1455 1960 1561 2017 justo
1575 1960 1855 2008 intellexerit,
1866 1974 1915 2004 ex
1933 1972 1987 2000 eo
2000 1955 2134 2013 potest
2149 1953 2238 1996 evi-

1260 2021 1425 2063 dentius
1439 2032 1672 2075 apparere,
1698 2018 1810 2075 quod
1838 2020 1880 2064 in
1893 2017 2044 2062 eadem
2074 2014 2240 2058 ordina-

1263 2076 1382 2117 tione
1395 2075 1540 2127 adjicit
1558 2103 1574 2125 ,
1599 2078 1712 2129 quod
1730 2078 1899 2119 illarum
1913 2090 2048 2120 rerum
2074 2075 2242 2117 dumta—

1266 2143 1336 2176 xat
1356 2134 1394 2174 in
1409 2129 1474 2182 se,
1507 2132 1686 2174 &etiam
1717 2134 1952 2176 Romanam
1982 2130 2242 2173 Ecclesiam,

1267 2191 1493 2241 recipiebat
1537 2190 1764 2231 dominium
1782 2218 1798 2240 ‚
1825 2203 1996 2246 quarum
2010 2186 2123 2231 usum
2149 2186 2241 2230 fani

1268 2245 1414 2287 liceret
1432 2246 1582 2284 habere
1602 2247 1816 2284 Fratribus
1834 2273 1848 2295 ,
1875 2249 1945 2288 seu
1957 2247 2107 2286 Ordini
2121 2254 2240 2287 ante-

1266 2302 1377 2346 distis
1404 2315 1421 2355 3
1448 2300 1693 2356 subjungens
1709 2326 1724 2349 ‚
1747 2301 1858 2354 quod
1883 2316 1963 2346 non
1990 2314 2127 2344 rerum
2151 2316 2242 2343 om-

1269 2363 1383 2406 nium
1415 2361 1527 2403 usum
1555 2361 1709 2402 habere
1742 2360 1919 2403 debeant
1956 2363 2116 2404 Fratres
2145 2361 2240 2416 ipsi.

1269 2420 1481 2481 Qantum
1497 2430 1635 2461 autem
1657 2418 1708 2460 ad
1734 2418 1847 2461 usum
1862 2419 1956 2462 fae'ti
1984 2419 2238 2475 simplicem..

1269 2481 1416 2536 absque
1428 2479 1541 2520 omni
1576 2478 1663 2534 jure
1679 2477 1819 2520 utendi
1834 2481 2014 2531 attinet,
2038 2478 2154 2521 nulla
2170 2492 2239 2520 re-

1269 2554 1362 2583 rum
1387 2537 1520 2596 potest
1544 2536 1701 2580 censeri
1726 2536 1959 2581 differentia
1986 2538 2118 2594 quoad
2143 2539 2239 2579 Fra·

1265 2608 1377 2643 tres:
1410 2598 1460 2640 lic
1477 2598 1585 2639 enim
1601 2598 1661 2639 uti
1676 2596 1729 2639 dc
1745 2595 1850 2640 sacto
1866 2594 2027 2652 possunt
2052 2596 2236 2652 prohibi·

1264 2661 1343 2709 tis,
1373 2667 1419 2701 ut
1436 2656 1658 2713 permiffis.
1691 2658 1753 2698 Ex
1784 2672 1869 2714 quo
1884 2656 2095 2712 sequitur,
2121 2652 2234 2711 quod

1265 2719 1355 2763 usus
1374 2715 1487 2769 faeti,
1507 2718 1559 2758 de
1571 2731 1653 2772 quo
1665 2715 1878 2759 ordinatio
1893 2716 2078 2773 loquitur
2102 2743 2118 2765 ‚
2143 2714 2235 2759 de,

1266 2779 1342 2821 tali
1359 2776 1535 2833 intelligi
1552 2776 1733 2826 debeat,
1764 2777 1836 2834 qui
1852 2775 1976 2832 justus
2005 2773 2136 2825 fit,&
2159 2788 2236 2830 pro

1266 2852 1349 2896 quo
1364 2845 1577 2893 competat
1602 2836 1665 2893 jus
1689 2836 1868 2880 utendi:
1895 2836 1936 2879 δι
1954 2834 2041 2890 ipse
2067 2833 2235 2876 videtur

1266 2897 1470 2942 Conditor
1483 2894 1666 2940 canonis
1680 2906 1732 2936 ex
1747 2909 1798 2938 eo
1812 2894 1940 2937 etiam
1953 2889 2233 2949 senfiffe,quod

1264 2957 1305 3000 in
1332 2955 1475 3000 eadem
1499 2952 1760 2997 ordinatione
1801 2949 2055 3006 subjunxerit
2079 2980 2097 3003 ,
2119 2951 2232 3008 quod

1264 3015 1499 3059 moderatus
1522 3010 1614 3055 usus
1637 3025 1773 3054 rerum
1809 3009 1898 3067 ipfis
1932 3010 2140 3053 Fratribus
2174 3009 2231 3051 est

1262 3071 1495 3117 concessus.
1530 3069 1690 3114 Rursus
1730 3071 2037 3126 impugnatores
2066 3068 2233 3116 Consti÷

1266 3134 1474 3177 tutionum
1499 3127 1731 3184 hujusmodi
1756 3129 1933 3172 afferere
1954 3125 2117 3183 publice
2137 3140 2231 3181 per—

1265 3193 1492 3240 hibentur,
1518 3188 1630 3244 quod
1659 3188 1876 3237 libellum,
1897 3189 1936 3229 &
1963 3185 2071 3228 dieta
2097 3186 2228 3240 Magi·

1265 3252 1439 3295 strorum
1461 3246 1721 3290 afferentium
1739 3247 1890 3290 dietam
1912 3253 2196 3302 paupertatem
2210 3273 2229 3296 ,

1263 3313 1304 3353 δι
1319 3310 1445 3352 vitam
1458 3308 1661 3350 dictorum
1682 3310 1876 3351 Fratrum
1902 3319 1983 3349 non
1998 3303 2077 3347 effe
2092 3306 2228 3346 Evan-

1265 3370 1470 3423 gelicam,
1496 3367 1537 3408 δι
1561 3365 1873 3422 Apostolicam,
1904 3364 2057 3407 Summi
2087 3363 2228 3406 Ponti-

1263 3428 1360 3472 fices
1374 3427 1702 3477 damnaverunt,
1724 3423 1940 3469 distrifiius
1964 3437 2039 3479 per
2052 3422 2227 3478 Aposto-

1266 3489 1365 3532 licas
1403 3487 1564 3530 litteras
1606 3486 1841 3529 inhibentes
1864 3514 1881 3536 ,
1908 3498 1958 3526 ne
1986 3481 2225 3540 quisquam„

1266 3544 1486 3604 praemilsa,
1521 3544 1589 3589 vel
1621 3544 1778 3601 aliquid
1813 3543 2099 3600 pra-:missorum
2124 3554 2225 3582 con-

1266 3606 1485 3649 tumaciter
1522 3602 1730 3647 adstruere
1753 3630 1768 3652 ‚
1806 3604 1877 3647 seu
1909 3598 2223 3659 quomodolibet

1265 3667 1523 3723 praesumeret
1553 3659 1797 3715 defensare3
1827 3662 2083 3713 statuentes,
2110 3655 2221 3713 quod

1265 3723 1503 3781 praesumens
1516 3723 1988 3780 contrarium,tamquam
2008 3726 2221 3783 contumax

1262 3780 1456 3827 Ecclefiae
1469 3783 1663 3827 Romana:
1685 3783 1878 3833 rebellis,
1891 3798 1939 3826 ac
1955 3793 1998 3825 ut
2011 3782 2220 3823 haerencus

1261 3840 1557 3901 haberetur-Ad
1569 3843 1681 3899 quod
1692 3830 2225 3949 dicimus,affertion<}¹;‘g¹u·
