2444 4192
314 129 488 237 498

792 124 953 212 Sub
1016 127 1407 214 Benediblo
1468 126 1610 212 XI
1627 127 1729 217 V.

255 284 514 338 synodorum
530 285 753 328 saumones
770 283 809 325 in
826 279 1041 326 subsidium
1058 282 1227 327 alimen·

1287 285 1451 339 serunt,
1473 288 1540 344 qui
1562 288 1603 331 iu
1623 288 1771 333 sortem
1801 292 1966 334 Domini
1993 291 2155 339 vocati,
2186 293 2258 348 qui

250 354 388 386 torum
413 344 717 404 uuiuscujusque
753 341 987 388 sacerdotis
1011 341 1226 387 dumtaxat
1287 349 1380 389 Deo
1405 347 1625 405 mancipati
1651 348 1768 391 sunt?
1799 350 1942 407 Qid,
1957 352 2066 407 quod
2079 365 2161 394 non
2184 364 2258 406 pet

251 416 333 458 pro
345 406 555 461 regionum
567 402 935 461 opportunitatibus
962 401 1223 459 praescripta..-
1283 405 1489 448 mundana
1506 407 1636 459 lucra,
1650 408 1715 451 sed
1729 421 1802 463 per
1818 408 1974 452 Altaris
1989 410 2252 454 ministerium

248 462 446 520 colligant
461 496 478 517 ,
492 466 623 508 Miffas
640 464 735 505 vero
761 462 963 504 celebrari
979 471 1125 505 curent
1147 462 1225 507 ali·

249 522 321 570 bi,
351 525 418 565 ubi
443 525 704 578 eleemosyna
733 517 800 564 seu
818 521 1013 577 stipendia
1038 520 1102 566 vel
1121 535 1218 564 con-

247 578 492 633 suetudine,
522 582 584 624 vel
606 580 803 636 synodali
830 581 921 636 lege
945 595 1023 637 pro
1054 581 1216 636 singulis

246 639 375 682 Miffis
392 642 585 683 attributa
599 640 689 683 sunt
704 640 872 683 minoris
899 641 1048 696 pretii,
1068 643 1219 696 quam-v

246 698 446 748 illic2ubi
469 699 749 754 accipiuntur,
775 699 989 742 darentur.
1019 699 1068 741 Id
1095 700 1218 755 quam

244 757 438 801 absonum
454 758 500 801 fit
512 770 636 814 atque
649 758 826 802 alienum
843 759 892 802 ab
918 757 999 814 ipsa
1032 758 1113 801 five
1145 773 1216 802 ex-

243 816 370 872 pressa
385 847 400 870 ‚
423 817 501 860 five
528 818 651 858 tacita
675 817 741 874 pie
754 817 1011 861 offerentium
1024 818 1215 861 volunta-

243 889 311 923 te,
326 891 465 918 omues
479 874 600 932 plane
613 875 854 933 intelligunt
868 890 884 930 3
899 890 971 920 nec
990 875 1109 920 aliter
1125 876 1212 919 exi-

243 935 484 978 stimandum
514 935 596 988 «τῆς
627 934 667 977 in
696 934 767 978 illa
785 937 891 979 enim
911 935 1049 993 potius
1077 934 1209 977 Mnffas

241 992 318 1037 effe
329 993 595 1038 celebrandas
606 993 774 1052 quisque
790 995 907 1044 vult,
934 994 988 1038 ad
1007 1007 1129 1052 quam
1145 1007 1211 1037 re-

242 1054 412 1108 ligionis
428 1056 469 1096 er
490 1054 658 1110 pietatis
678 1052 845 1098 stimulis
875 1053 1019 1097 duflus
1034 1054 1210 1097 eleemo-

243 1113 361 1168 synas
376 1111 554 1163 confert,
567 1113 690 1159 autin
705 1127 781 1171 qua
797 1111 994 1171 quispiam
1010 1111 1213 1158 fortasse,

239 1174 465 1216 tumulatus
494 1171 550 1215 est
573 1201 590 1224 ,
617 1176 739 1229 quam
763 1174 806 1215 iu
830 1174 909 1215 alia
937 1171 1117 1216 Ecclesia
1143 1171 1214 1214 fibi

237 1230 399 1287 prorsus
415 1233 566 1289 ignota·
580 1233 710 1293 Qod
724 1231 815 1275 saue
832 1231 958 1275 veluti
974 1231 1213 1275 mercaturis

237 1292 430 1335 faciendis
442 1299 466 1336 a
480 1293 611 1346 turpis
638 1291 742 1334 lucri
755 1291 982 1346 cupiditate
1002 1290 1210 1334 inductum

236 1363 322 1392 non
353 1351 479 1395 solum
506 1350 557 1392 ab
571 1350 749 1394 avaritiae
774 1349 997 1407 suspicione
1015 1351 1059 1392 δι
1075 1349 1206 1399 vitio,

236 1409 381 1451 verum
395 1410 516 1452 etiam
532 1409 553 1451 i
568 1408 664 1452 furti
687 1409 855 1452 crimine
867 1437 885 1460 ,
912 1408 1022 1454 unde
1041 1409 1207 1452 restitu-

234 1469 339 1511 tioni
353 1467 529 1522 subjacet
544 1495 560 1519 ‚
574 1468 679 1512 haud
696 1468 877 1510 immune
891 1497 909 1519 ,
940 1468 980 1510 in
999 1469 1112 1511 caum
1124 1466 1208 1520 est,

236 1538 282 1569 ut
295 1528 499 1570 bonorum
526 1526 815 1583 quamplurimi
830 1553 845 1575 ‚
874 1525 927 1566 ad
942 1536 1118 1579 quorum
1132 1536 1208 1565 no-

235 1586 371 1628 titiam
388 1595 616 1627 mercatura
664 1581 861 1638 ujusmodi
879 1581 1004 1631 venit,
1021 1580 1206 1636 graviter

234 1642 368 1686 offcnfi
379 1671 395 1693 ‚
408 1643 459 1683 ab
471 1640 632 1684 eleemo
679 1640 737 1682 nis
751 1638 802 1680 ad
819 1637 1083 1682 celebrandas
1109 1638 1200 1681 Mis-

233 1702 292 1745 sas
306 1699 479 1757 amplius
492 1699 706 1744 offerendis
723 1697 800 1744 (ese
813 1697 1036 1742 abstineant
1049 1727 1060 1740 .
1094 1699 1205 1741 Exe-

232 1760 432 1804 crabilem
459 1758 692 1817 hujusmodi
722 1754 884 1801 abusum
906 1757 1054 1801 alicubi
1068 1757 1207 1802 senfim

227 1822 479 1876 irrepentem
507 1818 751 1862 detestantes
782 1816 956 1860 Romani
972 1814 1206 1867 Pontifices,

230 1875 547 1925 Predecelsores
561 1877 681 1921 nostri
693 1903 709 1927 ‚
734 1875 787 1919 de
797 1875 968 1920 confilio
981 1886 1070 1919 tum
1086 1878 1205 1919 Con-

231 1939 481 1996 gregationis
509 1941 550 1981 S.
571 1939 622 1980 R.
641 1938 687 1979 E.
717 1935 1002 1979 cardinalium
1030 1936 1203 1980 Univer-

232 1998 323 2043 ialis
350 1997 625 2054 lnquifitionis
649 2005 796 2039 contra
826 1995 1053 2038 han-ericam
1067 1994 1205 2050 pravi-

229 2068 357 2101 tatem
372 2084 388 2107 ,
413 2066 499 2098 tum
514 2052 858 2112 congregationis
886 2053 1202 2099 cardinalium..

228 2116 413 2161 Concilii
432 2115 665 2163 Tridentini
688 2116 964 2169 interpretum
986 2113 1201 2157 decretum

227 2175 480 2226 voluerunt,
498 2176 686 2218 nimirum
710 2176 732 2218 i
755 2175 946 2231 quolibet
973 2172 1202 2218 Sacerdote

228 2235 429 2291 stipendio
443 2233 509 2277 seu
522 2232 780 2290 eleemosyna
808 2233 972 2288 majoris
990 2232 1109 2291 pretii
1125 2245 1199 2287 pro

227 2293 500 2339 celebratione
530 2293 651 2338 Mnffoe
673 2297 696 2337 a
721 2307 978 2348 quocumque
1002 2302 1200 2349 accepta.»

228 2368 309 2398 nou
327 2350 432 2410 poffe
444 2353 567 2397 alteri
590 2354 806 2398 Sacerdoti
824 2351 975 2396 Missam
995 2350 1200 2408 hujusmo-

226 2414 270 2457 di
283 2414 549 2458 celebraturo
563 2412 799 2470 stipendium
827 2411 890 2455 stu
905 2411 1199 2468 eleemosynam

229 2473 398 2516 minoris
412 2476 533 2529 pretii
550 2474 707 2529 erogari
720 2500 734 2523 ‚
749 2474 821 2517 etfi
835 2471 967 2516 eidem
982 2469 1201 2516 Sacerdoti

227 2531 385 2576 Mifi'am
399 2533 624 2576 celebranti
640 2533 681 2576 dt
693 2531 1020 2584 consentienti,le
1034 2529 1200 2588 majoris

228 2593 351 2647 pretii
366 2592 605 2646 stipendium
621 2589 690 2635 seu
702 2592 1001 2647 eleemosynam
1018 2587 1199 2647 accepis·

228 2650 267 2692 sc
281 2648 489 2693 indicaffet
506 2678 517 2690 .
549 2653 779 2706 Eapropter
797 2652 884 2694 Vos
896 2677 911 2702 ,
929 2647 1196 2693 venerabiles

229 2710 392 2751 Fratres
404 2733 420 2754 ‚
437 2709 475 2749 in
493 2708 714 2763 Apostolici
732 2707 971 2756 ministerii,
995 2709 1034 2750 δι
1050 2705 1199 2750 sollici·

228 2767 380 2809 tudinis
394 2765 534 2808 nostra·
549 2776 707 2820 partem
723 2765 898 2809 adscitos
913 2778 1100 2821 rogamus
1114 2793 1129 2816 ‚
1158 2765 1200 2807 dt

228 2826 505 2879 maximopere
531 2824 572 2866 in
595 2824 773 2868 Domino
788 2823 1005 2867 hortamur
1019 2852 1034 2876 ‚
1062 2832 1109 2867 ut
1128 2837 1198 2865 cu·

224 2883 442 2927 sswdientes
477 2881 632 2939 vigilias
665 2883 783 2939 super
814 2883 1001 2939 gregibus
1028 2882 1166 2926 vestris
1184 2911 1200 2936 ,

227 2941 468 2990 enitamini,
481 2954 532 2985 ne
543 2954 589 2983 ea
605 2941 721 2996 peliis
734 2941 904 2998 amplius
921 2949 1170 2998 pervagetur
1181 2967 1197 2993 ‚

227 3003 310 3054 sed,
324 3011 365 3043 ut
390 3000 547 3058 penitus
570 3001 833 3056 extinguatur
849 3031 861 3044 .
878 3000 944 3044 Ab
956 3000 1123 3044 avaritia
1152 3013 1198 3044 e-

229 3065 310 3105 nim
325 3090 341 3114 ,
358 3070 563 3117 tamquam
577 3061 598 3103 a
614 3059 750 3104 radice
775 3061 880 3104 mala
901 3062 1036 3104 omnia
1051 3061 1198 3116 germi-

227 3131 320 3165 nant
335 3133 351 3175 3
366 3133 488 3177 quam
504 3119 669 3176 quidam
683 3129 940 3178 appetentes,
956 3127 1198 3165 erraverunt

229 3182 249 3223 a
268 3182 362 3223 Fide
377 3207 394 3234 ,
412 3180 454 3222 δι
469 3178 722 3224 inseruerunt
748 3178 786 3224 se
799 3180 1013 3224 doloribus
1041 3179 1199 3224 multis.

226 3237 414 3282 Avaritia
436 3236 599 3296 quidem
635 3238 751 3283 nulla
788 3239 927 3296 potior
969 3239 1166 3295 contagio
1182 3267 1200 3292 ,

226 3312 310 3356 qut
338 3307 580 3354 conceptam
606 3298 712 3355 apud
751 3312 888 3342 omnes
923 3297 1197 3343 Sacerdotalia

227 3358 438 3415 dignitatis
453 3353 784 3413 perfectionisque
803 3356 1041 3413 opinionem
1061 3358 1193 3414 magis

230 3417 378 3460 inficiat
398 3416 637 3474 evellatque
651 3446 664 3460 .
693 3416 879 3460 Avaritia
895 3416 1038 3474 opibus
1065 3417 1196 3462 Deum

226 3476 463 3533 posthabere
476 3501 491 3525 ‚
512 3489 555 3519 ac
588 3476 738 3520 servire
756 3477 996 3520 Mammonae
1015 3475 1167 3520 docens
1181 3504 1198 3529 ,

225 3533 348 3578 efficit
368 3563 382 3586 ,
407 3546 450 3579 ut
479 3536 602 3580 Avari
621 3532 897 3579 hereditatem
923 3548 1002 3579 non
1021 3535 1196 3579 babeant

227 3595 269 3639 in
284 3594 431 3648 Regno
445 3593 591 3638 Christi
606 3595 647 3638 dt
664 3595 755 3639 Dei.
770 3593 894 3647 Quod
912 3593 937 3637 fi
951 3595 1032 3638 boc
1049 3595 1089 3638 in
1105 3594 1195 3640 Lai·

226 3655 285 3698 eis
315 3653 541 3697 bominibus
571 3653 734 3698 minime
761 3652 972 3698 toleranda
988 3682 1004 3706 ,
1018 3662 1194 3711 atque...-

225 3711 329 3756 adeo
359 3711 517 3767 tegibus
539 3712 795 3761 coercenda,
822 3711 920 3770 quid
938 3713 977 3756 in
995 3710 1191 3757 Eeclefia·

225 3771 331 3817 nicia
353 3769 490 3824 viri»,
503 3770 569 3828 qui
585 3774 757 3817 terrenis
783 3773 900 3817 rebus
916 3772 1100 3817 nuntium
1113 3771 1192 3816 mi·

1284 478 1368 509 tam
1384 465 1572 518 sordide,
1599 469 1640 509 δι
1659 481 1754 510 cum
1774 465 2097 513 sanfflffimarum·
2113 469 2254 525 legum

1277 528 1585 582 contemptu-,dt
1605 539 1698 568 cum
1716 526 1987 570 Sacerdotalis
2016 528 2258 572 characteris

1276 584 1483 629 dedecore
1508 587 1548 628 in
1568 586 1778 628 avaritiam
1792 586 1991 641 praecipiti
2017 585 2152 637 animo
2181 602 2252 630 ra-

1277 644 1476 700 piuntur?
1506 646 1788 692 Contendite‚
1817 644 1967 699 igitur,
1989 645 2254 689 venerabiles

1279 705 1444 746 fratres
1459 730 1474 754 ,
1486 704 1632 760 quibus
1656 703 1808 746 Christi
1824 703 1962 745 ovium
1977 715 2074 744 cura
2087 702 2252 749 deman-

1275 762 1372 804 data
1399 760 1481 811 est,
1514 776 1596 804 non
1629 762 1783 811 folum,
1800 772 1843 802 ut
1859 760 1984 803 verbo
2000 762 2040 803 δι
2054 762 2248 818 exemplo

1274 829 1493 877 praeeuntes
1509 848 1524 871 ,
1549 821 1701 864 Christi
1716 822 1797 863 fitis
1812 822 1940 863 bonus
1967 819 2071 862 odor
2084 822 2126 863 in
2139 821 2249 864 omni

1273 881 1370 922 loco
1389 908 1403 930 ,
1416 878 1523 921 unde
1537 880 1679 934 populi
1699 879 1858 934 vestigia
1873 879 1999 922 vestra
2016 876 2248 934 sequautur;

1271 937 1412 981 verum
1426 938 1564 986 etiam,
1578 947 1624 980 ut
1650 937 1951 980 ecclesiasticos
1966 939 2138 993 primum
2152 966 2167 989 a
2183 939 2253 981 de-

1272 996 1369 1039 inde
1396 997 1540 1039 Laicos
1565 998 1694 1039 Viros
1711 998 1763 1038 ab
1787 994 1943 1040 infestis
1962 998 2154 1041 vitiorum
2169 995 2253 1053 pas·

1272 1055 1357 1099 cuis
1372 1064 1611 1098 avertentes
1622 1082 1637 1105 a
1652 1068 1724 1110 per
1741 1056 1851 1099 viam
1870 1055 2156 1101 mandatorum
2172 1055 2254 1100 Dei

1274 1114 1326 1157 ad
1348 1114 1530 1158 Coeleste
1544 1115 1667 1156 Ovile
1684 1129 1850 1158 currere
1878 1115 2064 1159 doceatis
2078 1150 2094 1160 .
2126 1119 2252 1171 Quo-

1275 1175 1382 1217 uiam
1398 1184 1543 1222 autem>
1554 1173 1612 1216 ita
1625 1185 1903 1230 comparatum
1916 1173 2035 1226 est,ut
2048 1174 2254 1231 praesentis

1274 1247 1388 1290 penae
1406 1242 1519 1276 metu
1535 1233 1770 1276 salutaribus
1798 1234 1958 1277 monitis
1983 1230 2142 1279 facilius
2171 1234 2254 1276 ob-

1273 1303 1528 1350 temperetur
1542 1321 1558 1343 ,
1579 1305 1653 1348 per
1673 1293 1861 1335 Edictum
1883 1294 1924 1335 in
1943 1292 2080 1336 vestris
2097 1293 2246 1350 Diece-

1270 1351 1375 1395 fibus
1400 1350 1713 1407 proponendum
1728 1349 2056 1407 affigendumque
2079 1353 2248 1395 univer·-

1269 1413 1318 1454 ῆς
1344 1420 1489 1452 notum
1517 1407 1642 1452 facite
1657 1437 1672 1462 ‚
1704 1423 2004 1466 quemcumque
2020 1438 2037 1462 ,
2053 1412 2124 1465 qui
2138 1410 2248 1454 elee-

1267 1468 1453 1521 mosynas
1484 1469 1547 1509 seu
1579 1468 1772 1520 stipendia
1803 1466 1970 1521 majoris
2014 1468 2135 1522 pretii
2165 1481 2245 1524 pro

1268 1525 1395 1568 Miffis
1421 1523 1676 1566 celebrandis
1703 1553 1720 1575 ‚
1747 1523 2103 1579 quemadmodum.
2130 1525 2246 1568 loco-

1267 1596 1359 1626 rum
1375 1578 1686 1624 consuetudines
1705 1610 1720 1635 ‚
1744 1582 1807 1624 vel
1836 1581 2059 1639 synodalia
2089 1584 2244 1628 statuta
2304 1627 2313 1632 ,

1266 1641 1437 1697 exigunt
1450 1667 1464 1691 ‚
1481 1638 1705 1697 colligens,
1718 1641 1851 1684 Miffas
1867 1667 1881 1692 ‚
1897 1652 2054 1686 retenta
2069 1644 2138 1687 fibi
2154 1658 2249 1701 par-

1267 1711 1310 1745 te
1322 1699 1558 1743 earumdem
1572 1699 1923 1756 eleemosynarum
1947 1700 2014 1745 seu
2030 1702 2245 1760 stipendio·

1269 1770 1358 1804 rum
1385 1770 1648 1815 acceptorum
1663 1786 1679 1811 ‚
1699 1760 1779 1803 five
1800 1760 1952 1804 ibidem
1967 1787 1982 1810 a
2013 1761 2092 1806 five
2110 1761 2242 1815 alibi,

1267 1819 1336 1863 ubi
1350 1831 1424 1875 pro
1440 1818 1563 1862 Miffis
1586 1818 1843 1863 celebrandis
1859 1821 2015 1863 minora
2030 1820 2242 1877 stipendia,

1265 1881 1332 1923 seu
1350 1877 1609 1934 eleemosynae
1625 1878 1861 1923 tribuuntur
1875 1907 1890 1931 ,
1911 1879 2116 1923 celebrari
2132 1877 2243 1922 fece·
2257 1898 2268 1913 κ

1263 1939 1347 1987 rit,
1363 1937 1531 1980 Laicum
1555 1937 1719 1992 quidem
1746 1935 1815 1982 seu
1835 1939 2104 1990 Saecularem,
2137 1952 2238 1995 prte-

1263 2007 1329 2041 ter
1343 1996 1441 2061 alias
1457 1996 1634 2040 arbitrio
1653 1994 1787 2039 vestro
1810 1997 2052 2054 irrogandas
2067 2010 2211 2054 poenas
2223 2023 2241 2049 ‚

1265 2052 1709 2100 Excommunicationis
1723 2069 1887 2112 poenam
1903 2082 1918 2106 ‚
1938 2057 2149 2102 Clericum
2168 2070 2237 2100 ve·

1263 2117 1327 2166 ro,
1343 2113 1424 2158 five
1440 2128 1738 2173 quemcumque
1754 2116 2020 2161 Sacerdotem
2040 2129 2242 2174 poeuatm

1262 2173 1528 2232 suspensionis
1553 2174 1638 2231 ipso
1663 2172 1772 2218 fano
1788 2175 2026 2232 incurrere3
2054 2175 2241 2234 dquibus

1262 2234 1400 2279 nullus
1427 2248 1499 2291 per
1510 2233 1632 2277 alium
1644 2259 1661 2284 ‚
1675 2234 1796 2293 quim
1809 2247 1884 2292 per
1902 2239 1991 2280 Nos
2004 2234 2110 2293 ipsos
2123 2262 2140 2286 ‚
2169 2235 2242 2280 seu

1261 2296 1496 2340 Romanum
1513 2291 1753 2338 Pontificem
1766 2307 1844 2351 pro
1858 2304 2045 2352 tempore
2058 2294 2236 2340 existen-

1261 2364 1346 2398 tem
1362 2381 1378 2406 ,
1388 2351 1461 2397 nili
1476 2354 1525 2402 ¹in
1545 2353 1696 2397 mortis-
1708 2354 1883 2398 articulo
1896 2355 2157 2405 constitutus,
2171 2356 2243 2399 ab·

1262 2413 1364 2457 solvi
1387 2410 1505 2471 poffit
1520 2439 1537 2456 0
1566 2415 1679 2472 Fore
1690 2420 1830 2456 antem
1856 2413 1896 2456 in
1911 2413 2091 2457 Domino
2112 2413 2243 2458 confi·

1260 2473 1397 2518 dimus
1412 2501 1427 2526 ,
1451 2481 1500 2517 ut
1525 2471 1793 2530 unusquisque
1807 2484 1965 2517 memor
1983 2472 2238 2518 conditionis

1259 2531 1334 2576 suae
1351 2561 1366 2585 ,
1394 2532 1559 2590 posthac
1589 2533 1694 2576 bene
1708 2530 1940 2577 consultum
1968 2532 2074 2577 velit
2095 2532 2237 2577 anime

1260 2592 1362 2641 sue,
1392 2605 1470 2634 nec
1497 2600 1581 2634 tam
1613 2588 1809 2633 salutares
1832 2590 1944 2646 leges
1972 2586 2236 2649 censurasque

1258 2648 1553 2692 Ecclefiafiieas
1568 2646 1830 2702 parvipendat
1844 2676 1856 2689 .
1889 2649 2050 2692 Interea
2067 2650 2231 2695 Frater.

1259 2705 1451 2752 nitatibus
1465 2704 1599 2749 vestris
1612 2703 1887 2762 Apostolicam
1903 2705 2231 2752 Benedietionem

1260 2768 1300 2811 in
1318 2764 1491 2821 populos
1505 2764 1629 2808 etiam
1645 2776 1751 2807 cure.
1765 2763 1899 2809 vessroe
1920 2763 2150 2812 commissos
2167 2782 2235 2812 re·

1258 2824 1532 2869 dundaturam
1550 2832 1810 2880 peramanter
1824 2822 2083 2879 impertimur
2098 2852 2111 2868 ·
2145 2828 2234 2871 Vo-

1260 2883 1393 2928 lumus
1419 2891 1584 2932 autem,
1608 2893 1654 2926 ut
1683 2877 1935 2938 presentium
1963 2882 2226 2934 litterarum..

1258 2942 1522 2999 transumptis
1537 2941 1617 2986 five
1630 2941 1829 2999 exemplis
1841 2944 1922 2986 dcc.
2119 2969 2121 2974 -

1372 3001 1524 3046 Datum
1556 3003 1698 3046 Romae
1719 3002 1826 3055 apud
1852 3004 2040 3048 Sanctam
2057 3002 2227 3050 Mariam

1256 3059 1453 3118 Maiorem
1488 3061 1556 3104 (ub
1590 3060 1758 3106 Annulo
1796 3057 2014 3108 Piscator-is
2040 3061 2109 3108 die
2134 3077 2230 3110 xxx.

1249 3119 1359 3180 Junii
1389 3133 1624 3167 uoccxtt.
1655 3150 1671 3176 ,
1692 3118 1959 3167 Pontificatlis
1989 3121 2129 3169 Nostri
2142 3125 2228 3169 An·

1258 3195 1314 3226 no
1339 3179 1479 3226 Primo
1496 3209 1509 3223 .
2116 3185 2119 3189 “

1316 3295 1544 3345 aulearia»
1550 3298 1683 3358 praed.
1699 3308 1794 3345 tom.
1804 3312 1817 3343 ι
1826 3270 1955 3371 >‚fol-,5
1962 3300 2005 3346 6.
2061 3336 2069 3340 .

2055 3830 2166 3875 con-
