2444 4192
330 171 509 281 486

747 165 908 257 Sub
972 166 1381 256 BenediHo-
1427 169 1520 258 X
1541 168 1581 254 I
1591 169 1640 254 'I
1669 168 1725 256 ’1.

252 346 343 374 cum
357 330 470 374 sociis
483 329 701 388 applicuit,
728 338 850 383 utque
865 340 961 371 oves
977 336 1157 371 errantes
1172 340 1222 371 ex
1283 327 1440 370 dinales
1455 330 1566 372 novis
1581 328 1803 381 miraeum,
1820 329 1841 372 ἃ
1855 335 2035 386 tempore
2046 329 2131 386 e‘jus
2146 330 2247 373 Rea-¹

252 390 338 445 lupi
359 389 543 434 faucibus
574 398 734 445 ereptas
756 386 911 430 summo
924 387 1071 441 pastori
1086 386 1219 431 serva·

250 448 472 500 rct,nullis
488 447 753 491 incommodis
766 474 780 496 ,
794 447 831 486 &
849 445 998 501 vigiliis
1020 446 1218 503 pepercit.

250 507 417 551 Alienas
432 521 622 550 aerumnas
633 505 717 548 suas
732 514 840 546 ratus
852 534 867 555 ,
880 505 1034 561 Deique
1048 519 1187 550 amore
1201 533 1217 557 ‚

247 568 290 610 δι
303 567 476 622 proximi
488 567 640 608 aessuans
654 593 668 615 ‚
696 563 834 618 lingui
858 565 1038 619 gentium
1065 564 1216 607 divini·

248 636 315 668 tus
329 625 521 681 percepta
544 621 781 666 suaviffimos
814 622 1015 665 sermones
1042 624 1211 672 habens,

249 685 331 726 Dei
346 686 474 739 gratia
489 682 529 724 id
545 680 723 737 praestitit
736 706 751 729 ,
767 691 811 723 ut
835 682 1028 734 Barbari,
1054 682 1214 739 depoli-

247 739 467 784 taferitate
480 770 494 792 ‚
507 741 557 782 ad
570 739 991 784 Solanuminstruendi
1006 742 1119 785 ultro
1136 770 1151 793 ,
1171 742 1213 783 δι

247 802 436 844 certatim
449 807 729 842 accurrerent:
754 797 861 841 unde
874 797 1026 843 factum
1041 830 1055 853 ‚
1084 812 1127 843 ut
1154 802 1210 842 in-

247 873 454 901 numeram
470 871 614 901 corum
630 856 931 902 multitudinem
953 857 1066 902 {acro
1082 862 1212 903 Fonte

246 926 540 973 regeneraret:
564 917 667 959 tanti
692 916 798 972 apud
809 930 947 961 omnes
957 919 1113 962 habitus
1128 947 1144 970 ‚
1168 927 1211 959 ut

244 975 326 1032 ipse
337 975 386 1016 ab
402 976 449 1017 iis
463 973 584 1017 facile
594 975 804 1019 obtineret
817 1001 833 1024 ‚
861 990 947 1033 quae
958 977 1059 1021 alias
1067 990 1212 1034 poena-

246 1049 337 1077 rum
364 1043 522 1083 metus,
543 1034 586 1076 &
613 1036 727 1089 rigor
737 1045 981 1093 extorquere
999 1051 1078 1079 non
1095 1046 1208 1091 pote-

245 1103 334 1137 rant
348 1119 361 1134 .
390 1093 597 1145 Quantum
611 1092 695 1150 ejus
707 1094 911 1150 praesentia
924 1124 939 1147 ,
967 1097 1099 1152 piique
1126 1093 1210 1136 ser·

245 1152 373 1196 monis
397 1152 455 1195 vis
467 1151 573 1209 apud
588 1153 712 1195 Indos
727 1151 855 1209 poffet
868 1182 883 1206 ‚
917 1164 1015 1196 tunc
1038 1151 1211 1196 maxime

242 1211 374 1267 patuit
394 1239 409 1263 ‚
421 1225 543 1268 quum
557 1211 686 1254 multa
700 1213 826 1255 millia
839 1211 1071 1255 Infidclium
1087 1212 1211 1255 Chri-

243 1270 376 1313 stianis
387 1297 401 1319 ‚
414 1270 468 1314 de
482 1284 609 1321 more,
624 1271 663 1313 in
681 1272 900 1315 Dominicae
915 1271 1102 1315 Passionis
1119 1283 1210 1326 my·

242 1330 370 1372 steriis
395 1328 624 1373 recolendis
652 1329 754 1372 feria
767 1344 807 1372 v.
830 1332 870 1374 in
890 1333 1026 1375 Coena
1044 1329 1206 1373 Domini

242 1388 372 1431 sancte
384 1388 592 1444 occupatis
603 1416 619 1440 ‚
640 1399 845 1432 cruentam
857 1391 1024 1432 coedem
1049 1388 1207 1445 jamjam

239 1446 410 1490 allatura
423 1472 439 1495 ‚
464 1446 545 1502 ipse
560 1447 635 1489 Dei
652 1446 778 1490 verbo
790 1450 1011 1491 exarmavit
1028 1477 1043 1499 ‚
1071 1447 1205 1489 diver.

239 1505 366 1560 seque
379 1535 396 1557 ‚
408 1520 453 1547 ac
466 1505 534 1547 fibi
551 1506 699 1560 ignote
715 1506 857 1560 lingua
870 1508 1063 1548 barbaros
1078 1503 1209 1547 bomi-

240 1577 311 1607 ncs
325 1578 409 1606 uno
423 1563 612 1604 idiomate
624 1563 828 1604 allocutus
839 1588 856 1610 ‚
881 1576 960 1604 non
979 1560 1108 1603 solum
1135 1574 1207 1614 pa-

241 1634 332 1664 cem
358 1619 468 1662 suafit
479 1644 494 1667 ,
521 1618 586 1660 sed
613 1618 663 1659 ad
681 1618 832 1661 Christi
846 1617 968 1661 fidem
997 1619 1112 1672 supra
1129 1631 1205 1659 no·

238 1693 332 1721 vem
348 1678 474 1720 millia
487 1676 718 1719 convertit.
754 1677 995 1735 Pervulgata
1010 1675 1203 1720 francisci

241 1737 347 1780 fama
358 1762 374 1786 ,
392 1735 503 1778 miris
515 1733 631 1790 gestis
644 1733 869 1779 identidem
879 1739 992 1780 aucta
1004 1765 1020 1787 ,
1048 1736 1126 1791 ipse
1152 1734 1205 1777 ad

240 1794 408 1840 latibula
420 1791 657 1849 confugiens
668 1822 683 1845 ,
709 1807 797 1837 eam
811 1795 1019 1839 declinare
1032 1796 1202 1838 conaba-

237 1866 322 1907 tur,
333 1867 409 1896 nec
426 1852 494 1895 nifi
508 1850 710 1908 Majorum
725 1853 894 1910 imperio
906 1855 1205 1909 obtemperans,

239 1926 405 1957 munera
421 1909 490 1953 fibi
503 1910 682 1965 impolita
696 1912 828 1955 obivit
844 1942 860 1965 ,
873 1913 1002 1957 donec
1017 1914 1173 1956 Limam
1189 1938 1204 1961 ,

234 1972 360 2015 Orbis
374 1969 604 2014 Americani
620 1970 846 2026 Principem
858 1972 1079 2016 Civitatem
1114 1969 1201 2013 mis·

238 2030 302 2074 sus
318 2059 335 2083 ,
350 2029 580 2071 incolarum
591 2028 746 2070 animos
769 2029 820 2071 ad
834 2030 1117 2084 poenitentiam
1131 2043 1203 2072 co·

238 2091 429 2132 hortatus
447 2111 462 2134 ‚
474 2086 516 2129 ni
530 2095 651 2142 agant
664 2115 680 2139 ,
703 2087 806 2130 alter
816 2090 937 2144 Jonas
950 2118 967 2141 ,
982 2099 1204 2132 extremam

238 2147 402 2191 cladem
411 2144 692 2189 interminatur
704 2173 716 2186 .
750 2149 839 2190 Nec
853 2162 983 2200 mora,
996 2161 1139 2191 omnes
1150 2148 1203 2190 ad

236 2206 379 2251 seriam
390 2204 603 2249 criminum
613 2203 775 2249 suorum
785 2207 1068 2262 poenitentiam
1081 2221 1205 2264 agen·

241 2264 337 2307 dam
353 2262 543 2320 perduxit
556 2293 569 2307 .

354 2323 522 2366 Interim
545 2323 707 2367 summis
730 2338 806 2380 pro
823 2326 897 2369 Dei
910 2327 1039 2383 gloria
1057 2326 1203 2383 ampli·

234 2382 393 2427 ficanda
409 2380 614 2427 laboribus
630 2381 837 2428 confectus
848 2411 864 2437 ,
877 2384 1066 2442 supreme
1080 2400 1203 2430 voca·

234 2442 360 2485 tionis
376 2440 486 2484 diem
500 2442 569 2484 fibi
583 2442 860 2487 imminentem
871 2445 1105 2502 agnoscens,
1114 2449 1203 2489 san-

232 2499 408 2543 &immin
435 2500 618 2544 Ecclefiae
650 2505 917 2548 sacramentis
948 2506 1094 2548 muniri
1127 2517 1202 2546 vo·

236 2559 332 2610 luit,
345 2560 386 2601 δι
401 2557 531 2615 pridie
547 2559 775 2618 IdusJulias
786 2575 891 2607 anno
905 2564 1058 2608 Christi
1079 2563 1128 2607 16
1137 2575 1200 2607 to·

236 2617 278 2659 in
307 2617 502 2660 bonorem
531 2619 644 2662 Beati
659 2619 844 2664 Ecclefiae
866 2623 1055 2666 Doctoris
1071 2623 1199 2664 Bona·

235 2684 438 2723 ventura,
471 2675 584 2731 cujus
616 2677 848 2732 patrocinio
870 2677 1017 2723 seolim
1031 2680 1198 2723 addixe-

233 2743 325 2782 rat,
340 2733 432 2775 Deo
444 2731 550 2775 sacra
564 2762 580 2786 ,
595 2735 775 2777 manibus
805 2736 846 2778 in
866 2738 999 2782 crucis
1026 2736 1194 2793 figuram

232 2788 466 2859 compotitis
477 2816 494 2840 ‚
508 2792 590 2848 pias
599 2792 875 2836 oratiunculas
890 2797 1080 2846 recitans,
1092 2794 1195 2839 sem-

233 2848 705 2953 z'ssss'ssassfffflzzffz
708 2864 836 2952 {2⁸12}ss
847 2857 1195 2968 ἓζῖἓῗῖἰῖἒέξί

233 2963 327 3012 cisci
340 2964 473 3010 animi
487 2967 526 3009 in
550 2965 720 3010 Coelum
745 2979 909 3024 recepta
922 2996 937 3020 ‚
969 2971 1083 3017 faerae
1108 2970 1192 3027 ejus

232 3026 385 3070 exuviae
416 3035 531 3068 antea
561 3023 751 3082 subnigra
765 3053 780 3080 ,
810 3041 906 3072 mox
921 3031 1096 3085 pulchre
1108 3056 1123 3080 ‚
1152 3032 1193 3074 δι

229 3084 409 3129 candida
424 3095 695 3140 apparuerunt
710 3110 725 3135 ‚
752 3085 941 3146 suavique
956 3090 1087 3134 odore
1102 3102 1192 3146 per·

231 3141 321 3188 susa.-
332 3170 347 3192 2
373 3143 551 3199 undique
575 3142 626 3187 ad
652 3157 719 3188 eas
742 3147 992 3192 venerandas
1014 3162 1192 3194 concur·

231 3203 412 3246 rentibus
425 3200 610 3258 populis,
639 3201 802 3259 ejusque
834 3207 996 3252 venium
1012 3207 1192 3264 particu-

233 3262 287 3305 las
301 3261 368 3305 nbi
426 3274 473 3305 ro
495 3258 615 3304 sacris
631 3260 811 3319 reliquiis
825 3265 1033 3311 servandas
1049 3280 1193 3322 parare

231 3331 380 3364 conten
412 3318 573 3363 entibus
586 3348 598 3363 .
612 3319 752 3364 solani
782 3325 916 3377 postea
945 3325 1163 3370 virtutibus
1177 3351 1193 3376 ‚

235 3381 275 3420 ἀ
288 3377 495 3422 miraculis
508 3379 688 3423 omnium
705 3384 908 3436 preconio
920 3385 1068 3439 ubique
1080 3382 1195 3428 diffu-

232 3439 279 3480 iis
294 3440 358 3489 ,δι
373 3437 480 3493 apud
496 3437 597 3480 banc
617 3441 798 3484 sanciam
825 3442 1099 3499 Apostolicam
1122 3447 1196 3489 Se·

229 3497 325 3539 dem
341 3496 521 3551 probatis
532 3524 547 3549 ‚
562 3498 634 3551 pit
652 3500 856 3543 memorie
870 3502 1107 3547 Anteceffor
1122 3516 1194 3546 no-

230 3554 307 3598 ster
331 3554 518 3598 (siemens
547 3557 651 3613 Papa
679 3558 731 3600 Χ.
749 3571 861 3602 nono
884 3561 1086 3605 Kalendas
1118 3561 1194 3606 1²0-

233 3613 412 3658 bruarias
428 3625 534 3656 anno
550 3611 684 3660 salutis
705 3616 827 3670 ¹675.
855 3619 1196 3665 Franciscumso·

230 3671 367 3716 inum
386 3669 464 3713 ritu
482 3674 520 3714 S·
541 3673 592 3715 Β.
611 3676 654 3718 Ε.
671 3676 803 3719 beatis
822 3676 1052 3735 adstripfit.

354 3728 613 3774 Postmodum
625 3737 724 3777 vcro
741 3750 809 3789 per
825 3737 1087 3782 Venerabiles
1102 3740 1195 3783 Fra·

231 3798 312 3835 tres
332 3786 485 3832 nostros
513 3790 662 3834 banci:
684 3790 869 3840 Romane
885 3795 1069 3842 Ecclefiae
1090 3799 1195 3856 Carg

1283 386 1512 430 tificationis
1527 391 1749 444 patrati8,in
1769 388 1968 443 praesentia
1985 390 2116 433 nostra
2133 387 2244 445 aeque

1281 445 1454 488 diffiiffis
1467 475 1484 499 ,
1516 448 1637 505 inque
1666 450 1796 491 tribus
1809 447 2060 490 Confistoriis
2072 473 2087 496 ,
2101 450 2142 490 &
2159 447 2245 503 ple·

1279 518 1326 546 na
1333 504 1397 546 rio
1411 509 1629 549 Conventu
1658 506 1891 549 eorumdem
1902 505 2246 549 venerabilium

1278 564 1469 607 fratrum
1490 566 1647 608 S.R.E.
1665 564 1947 609 Cardinalium
1963 576 2109 620 ,atque
2124 566 2246 608 etiam

1277 623 1631 673 patriarcharum,
1647 622 2049 679 Archiepiscoporum
2063 646 2077 670 ‚
2091 623 2131 664 δι
2144 623 2244 678 Epi-

1275 678 1482 735 scoporum
1496 683 1702 726 nobiscum
1732 686 1871 724 Romae
1887 680 2143 736 praesentium
2162 681 2243 723 riti:

1275 741 1475 795 perpeofis
1490 769 1504 791 ,
1521 743 1697 784 unanimi
1711 741 1948 783 eorumdem
1964 739 2157 782 sententia
2172 752 2243 794 per

1274 798 1391 842 Sedis
1409 800 1649 855 Apostolicae
1669 800 1859 843 Notarios
1874 812 2013 841 coram
2029 797 2158 840 Nobis
2172 811 2243 840 ex-

1274 857 1391 912 cepta
1404 884 1419 908 ,
1440 861 1685 914 Regumque
1701 889 1714 911 ,
1731 872 1777 900 ac
1795 858 2030 912 Principum
2047 856 2243 900 Christia—

1273 929 1449 966 norum,
1481 917 1680 971 totiusque
1707 917 1870 959 Ordinis
1895 919 2081 959 Fratrum
2105 916 2241 958 Mino·

1272 987 1364 1015 rum
1381 989 1455 1028 pro
1472 977 1598 1017 Beato
1615 974 1826 1018 Francisco
1843 975 1996 1017 solano
2020 975 2060 1017 in
2075 977 2243 1019 Sancto-⁴

1270 1046 1360 1075 rum
1373 1032 1655 1076 Confefforum
1671 1049 1749 1077 non
1765 1033 2008 1077 Pontificum
2024 1036 2239 1076 Canonem

1270 1091 1490 1134 referendo
1504 1120 1519 1145 ‚
1533 1093 1718 1149 precibus
1746 1093 1862 1135 nobis
1876 1093 1992 1136 enixe
2017 1092 2210 1148 porrectis
2222 1116 2240 1141 ,

1271 1148 1359 1206 post
1390 1160 1510 1193 tantae
1540 1152 1594 1195 rei
1612 1150 1862 1205 perficienda
1889 1151 2110 1196 solemnem
2124 1150 2240 1194 diem

1270 1207 1459 1251 indictam
1473 1239 1487 1261 ,
1519 1224 1672 1266 perque
1702 1212 1931 1254 orationem
1955 1239 1970 1262 ‚
2003 1210 2171 1266 jejunia,
2201 1210 2242 1251 δε

1270 1267 1546 1323 eleemosynas
1577 1270 1878 1325 Omnipotentis
1907 1270 1985 1311 Dei
2013 1283 2132 1324 opem
2155 1266 2241 1310 fer—

1271 1326 1494 1370 ventiffime
1510 1328 1767 1383 imploratam
1782 1357 1797 1380 ‚
1821 1328 1987 1373 demum
2016 1328 2208 1370 univerfis
2220 1355 2238 1379 ,

1268 1399 1354 1443 quae
1374 1399 1425 1428 ex
1439 1384 1743 1431 Antecefforum
1769 1387 1997 1431 nostrorum
2026 1388 2239 1429 Rornano-

1268 1458 1358 1487 rum
1382 1444 1623 1487 Pontificum
1636 1445 2027 1493 emanationibus,
2042 1445 2083 1485 δι
2097 1443 2237 1486 s.R.E.

1267 1501 1479 1555 disciplina
1504 1501 1661 1555 agenda
1683 1510 1802 1544 erant
1816 1529 1832 1552 ,
1852 1502 1961 1543 omni
1978 1500 2239 1555 Religionea

1266 1561 1430 1612 peractis
1446 1586 1460 1609 ,
1478 1559 1549 1599 hae
1573 1559 1640 1601 die
1656 1558 1694 1600 in
1713 1559 1914 1602 honorem
1942 1559 2052 1603 Beati
2071 1559 2236 1603 loannis

1264 1616 1449 1671 Apostoli
1460 1643 1474 1667 ‚
1503 1618 1542 1658 &
1567 1617 1827 1673 Evangelistae
1855 1621 1947 1661 Deo
1979 1620 2086 1662 sacra
2111 1642 2127 1668 ‚
2157 1620 2238 1664 una

1264 1688 1357 1735 cum
1374 1675 1505 1719 iisdem
1523 1675 1834 1721 Venerabilibus
1850 1678 2056 1734 Fratribus
2087 1676 2233 1720 nostris

1265 1731 1308 1778 S.
1324 1735 1379 1776 R.
1399 1736 1446 1776 E.
1461 1733 1750 1778 Cardinalibus
1762 1763 1778 1788 ,
1792 1736 2061 1787 Patriarehis,
2075 1735 2239 1780 Archie·

1266 1789 1438 1849 piscopis
1453 1819 1468 1843 ,
1482 1794 1520 1835 δι
1538 1790 1768 1851 Epistopis,
1794 1808 1843 1837 ac
1861 1794 2070 1852 utriusque
2086 1794 2230 1847 Cleri,

1265 1852 1306 1893 δι
1320 1852 1459 1908 populi
1475 1852 1702 1909 frequentia
1721 1854 1759 1895 in
1776 1855 2074 1905 sacrosanctam
2094 1852 2237 1896 nami-

1265 1925 1353 1954 cam
1368 1912 1566 1966 Principis
1581 1913 1870 1970 Apostolorum
1892 1914 1982 1956 Deo
2004 1911 2233 1970 supplican-

1265 1979 1325 2013 tes
1338 1972 1606 2015 convenimus
1621 2001 1635 2023 ,
1650 1970 1718 2013 ubi
1733 1968 1881 2025 semel,
1909 1973 2075 2023 iterum,
2097 1971 2138 2014 δι
2152 1979 2236 2014 ter·

1265 2030 1327 2072 tio
1340 2041 1415 2084 pro
1430 2030 1531 2074 Viro
1547 2032 1639 2079 Dei,
1657 2029 1868 2073 Francisco
1895 2032 2042 2074 Solano
2069 2029 2109 2073 in
2138 2032 2236 2073 San·

1264 2090 1423 2131 &orum
1439 2087 1727 2132 Confess'orum
1757 2091 1966 2135 Canonern
1990 2088 2230 2138 referendo,

1265 2161 1338 2204 per
1354 2147 1642 2193 Venerabilem
1653 2151 1832 2192 Fratrem
1854 2149 2034 2193 nostrum
2049 2151 2230 2193 Lauren-

1264 2207 1387 2258 tium,
1400 2207 1439 2248 S.
1458 2209 1510 2250 R.
1525 2210 1574 2251 E.
1587 2206 1832 2265 Episcopum
1851 2207 2118 2253 Cardinalem
2143 2208 2232 2251 Tu·

1263 2263 1498 2313 sculanum,
1519 2266 1728 2310 Coi-(inum
1755 2277 2062 2324 nuncupatum,
2093 2268 2230 2323 precl-

1264 2325 1337 2368 bus
1356 2325 1564 2380 repetitis,
1576 2326 1662 2382 post
1682 2325 1916 2370 decantatas
1929 2326 2055 2370 sacras
2074 2325 2232 2369 oratio⁸⁴

1263 2397 1355 2436 nes,
1379 2386 1420 2426 δι
1444 2384 1621 2441 Spiritus
1640 2385 1769 2427 Sancti
1800 2387 1974 2442 gratiam
1996 2383 2233 2429 humillime-

1261 2445 1490 2488 invocatam
1503 2475 1518 2498 ,
1533 2444 1583 2489 ad
1598 2446 1797 2489 honorem
1815 2448 1990 2495 Sancte,
2019 2445 2060 2486 δι
2075 2442 2226 2486 indivi-

1260 2504 1344 2547 duae
1361 2502 1574 2548 Trinitatis
1587 2533 1602 2557 ‚
1630 2503 1742 2547 Fidei
1757 2504 1986 2548 Catholicae
2007 2501 2228 2546 exaltatio-

1259 2578 1349 2607 nem
1363 2593 1378 2616 ,
1400 2562 1667 2607 &Christiani
1694 2563 1870 2606 nominis
1894 2564 2195 2606 incrementum
2213 2587 2230 2611 ‚

1257 2625 1499 2668 auctoritate
1512 2619 1813 2675 Omnipotentis
1830 2620 1932 2672 Dei,
1949 2621 2095 2670 Patris,
2115 2617 2226 2670 Filii,

1254 2677 1481 2735 &Spiritus
1506 2678 1662 2727 Sancti,
1691 2678 1732 2720 δι
1752 2680 1969 2722 Beatorum
2002 2676 2224 2734 Apostolo-

1255 2751 1344 2782 rum
1379 2737 1487 2781 Petri
1513 2740 1553 2782 δι
1580 2736 1720 2787 Pauli,
1750 2751 1796 2780 ac
1813 2738 1971 2789 nostra,
2001 2737 2054 2780 de
2066 2749 2225 2779 eorum·

1255 2797 1350 2841 dem
1367 2797 1668 2840 Venerabilium
1689 2796 1767 2838 ΡΒ.
1794 2795 2021 2839 nostrorum
2046 2797 2089 2838 S.
2108 2796 2159 2838 R.
2176 2796 2227 2839 E.

1253 2855 1532 2900 Cardinalium
1548 2882 1563 2905 ‚
1595 2854 1923 2898 patriarcharum
1939 2880 1954 2903 a
1985 2850 2222 2908 Arcbiepis·

1255 2928 1476 2970 coporum,
1497 2915 1538 2958 δι
1566 2911 1856 2970 Episcoporu'm
1870 2941 1885 2966 ‚
1909 2913 2114 2956 nobiscum
2141 2911 2214 2957 ina

1257 2973 1439 3029 plenario
1469 2983 1674 3017 conventu
1707 2971 1876 3015 Balilicae
1892 2972 2096 3015 Vaticani:
2127 2983 2225 3027 pra:-

1258 3030 1430 3075 sentium
1445 3061 1460 3085 ,
1490 3030 1686 3085 confilio,
1719 3032 1760 3074 δι
1789 3031 1966 3075 unanimi
1983 3026 2184 3075 ‘consensu
2200 3057 2218 3083 ,

1251 3092 1421 3134 Beatum
1454 3089 1704 3135 Franciscum
1738 3090 1935 3134 Solarium
1950 3118 1967 3144 ,
1983 3090 2223 3146 Hispanum,

1254 3149 1426 3194 Ordinis
1444 3153 1627 3196 Fratrum
1639 3149 1844 3193 Minorum
1857 3176 1874 3202 ,
1899 3149 1969 3207 qui
1983 3148 2006 3192 a
2024 3144 2217 3205 Regulari

1253 3206 1519 3255 observantia
1545 3207 1892 3265 appellantur,de
1902 3205 2017 3264 cujus
2034 3203 2222 3251 sanctita-

1254 3278 1319 3317 te,
1350 3268 1460 3312 Fidei
1492 3268 1724 3312 sinceritate
1737 3294 1754 3321 ‚
1783 3268 2068 3311 &ceterarum
2085 3265 2220 3310 virtu-

1254 3336 1360 3379 tum,
1373 3328 1414 3370 δι
1426 3326 1717 3371 miraculorum
1730 3324 1975 3371 excellentia
1989 3322 2107 3380 plene
2122 3336 2222 3367 con·

1256 3384 1407 3435 stabat,
1438 3384 1645 3431 &constat
1658 3411 1674 3437 ,
1700 3387 1778 3431 una
1807 3397 1900 3428 curn
1930 3382 2061 3427 Beati·
2079 3382 2190 3425 Viris
2205 3406 2221 3432 ,

1254 3444 1423 3502 perinde
1439 3441 1747 3489 Cont‘efforibus
1761 3457 1840 3487 non
1857 3438 2215 3489 Pontificibuul’e·

1255 3504 1420 3559 tegrino
1452 3502 1612 3549 Latioso
1627 3502 1650 3547 1
1667 3499 1919 3549 Foro-Livii,
1934 3499 2099 3543 Ordinis
2121 3501 2219 3543 Fra·

1256 3573 1365 3606 trum
1383 3566 1605 3608 Servorum
1621 3564 1748 3608 Beate
1762 3559 1895 3605 Mari:
1909 3559 2219 3617 Virginis,&Jo·

1253 3635 1360 3665 anne
1386 3624 1409 3667 a
1424 3625 1575 3672 Cruce,
1594 3620 1762 3665 Ordinis
1786 3620 1975 3663 Fratrum
1995 3618 2218 3663 Excalcea-

1257 3691 1393 3724 torum
1423 3683 1550 3724 Beato
1564 3680 1700 3725 Mario
1714 3677 1892 3732 Virginis
1907 3677 1931 3722 a
1948 3679 2094 3722 Monte
2108 3678 2216 3721 Car·

1259 3739 1368 3782 melo
1381 3767 1396 3790 ,
1425 3740 1615 3783 Sannum
1643 3735 1719 3781 effe
1732 3736 1988 3781 definivimus
2002 3764 2017 3789 ‚
2048 3735 2218 3780 Sancto·

1256 3811 1348 3843 rum
1376 3793 1661 3843 Coniefforum
1686 3810 1768 3842 non
1785 3792 2026 3840 Pontificum
2056 3789 2215 3896 cazani

2099 3866 2120 3895 a
