2444 4192
758 176 924 257 Sub
990 174 1427 259 Alexandro
1488 170 1532 253 I
1555 173 1657 257 V.

200 332 327 373 ..ἤια
354 327 528 365 dentum
560 324 716 361 intimata
736 345 751 366 ,
774 322 965 358 necessiraie
988 332 1103 358 autem
1127 323 1173 360 it·

202 382 366 424 ”imre
380 398 395 417 ‚
407 375 631 421 postmodum
645 371 687 408 ad
708 381 825 405 ornnes
842 369 1065 406 ecclesiarum
1093 371 1155 405 An

199 424 321 486 tristiter
345 434 405 473 per
436 421 584 459 Litteras
609 417 806 458 Pontificius
816 418 918 464 supra
930 417 1052 464 politas
1063 415 1171 454 miffa.

201 522 700 545 ,ἠΰ-1.·--ι---·-ι-----·---·---Γ
1065 521 1177 534 —-

207 598 399 648 Beatam
451 595 640 645 Claram
686 585 944 640 Affifiatem
993 588 1177 638 SanRa-

205 710 210 715 .
274 684 380 716 rum
398 667 646 735 Virginum
677 661 891 727 catalogo
916 656 1130 708 adscribit
1160 693 1175 716 ,

270 734 452 802 eJusque
469 738 592 785 diem
609 730 774 781 festum
789 728 1066 779 duodecimo
1081 735 1175 778 Au·

271 805 392 876 gusti
409 805 648 875 quotannis
663 801 879 851 celebrari
891 800 1109 858 decernit,
1128 817 1181 848 ac

209 888 215 893 “
271 880 320 927 in
338 894 393 927 eo
410 913 425 935 ,
450 876 498 928 &
517 876 640 925 illius
669 872 844 924 oetavis
870 870 1180 939 indulgentias

273 948 497 1017 largitur.
550 943 553 946 ’

273 1069 696 1119 ALEXANDER
732 1064 1103 1118 EPISCOPUS

394 1165 570 1209 Sertvus
601 1177 857 1219 suavorum
892 1165 970 1206 Det
985 1187 999 1202 .

214 1268 500 1314 wne-rabilibus
517 1272 732 1317 Fratribus
747 1265 1180 1322 univcrfir,Arcbicp.ss

265 1334 365 1385 copis
374 1360 390 1381 ,
406 1329 456 1376 θ’
474 1334 529 1384 Ep
536 1330 744 1388 iscopispcr
759 1332 929 1386 Regnum
943 1329 1125 1370 Francia

321 1386 731 1446 coustitutir‚sblutem
746 1389 796 1438 ἶς’
817 1387 1069 1448 apostolicam

525 1449 828 1492 Benedablioncm
843 1475 856 1488 .

330 1559 429 1602 Lara
444 1557 565 1601 claris
581 1557 770 1615 preclara
788 1556 941 1600 meritis
964 1566 1114 1611 magna:
1142 1552 1182 1593 in

342 1618 473 1661 Coelo
494 1618 684 1662 claritate
711 1618 850 1672 gloriae
880 1644 893 1668 ,
927 1628 974 1656 ac
1003 1613 1046 1655 in
1072 1623 1180 1655 terra

204 1674 417 1728 splendore
431 1675 719 1720 miraculorum
734 1674 959 1719 sublimium
971 1672 1084 1714 clare
1095 1672 1177 1714 cla·

205 1742 268 1775 ret
282 1762 293 1774 .
321 1734 453 1778 Clarae
468 1734 583 1791 hujus
598 1736 705 1778 ufta
722 1763 734 1785 ‚
759 1736 796 1776 8(
812 1733 895 1776 alta
923 1730 1088 1788 Religio
1114 1731 1180 1773 hic

206 1790 420 1847 coruscat3
449 1793 566 1849 hujus
580 1792 728 1837 sursum
741 1794 879 1837 eterni
897 1793 1047 1846 pra-mii
1072 1790 1181 1832 radi-

202 1860 243 1893 at
261 1852 497 1907 magnitudo
509 1879 522 1903 ‚
537 1852 655 1909 hujus
673 1853 806 1898 virtus
825 1851 938 1907 (ignis
954 1848 1176 1906 magnificis

201 1910 439 1960 mortalibus
456 1912 679 1958 illucescit.
709 1912 814 1956 Huic
843 1912 971 1954 Clarae
994 1908 1174 1952 intitula-

203 1976 292 2034 tum
329 1969 405 2015 fuit
436 1971 591 2015 summe
619 1971 872 2029 privilegium
901 1969 1180 2025 paupertatis,

206 2025 357 2069 liutein
372 2023 535 2071 excelso
546 2030 778 2083 rependitur
799 2029 1082 2073 inaestimabilis
1109 2042 1175 2069 co·

205 2084 274 2139 pia
302 2085 612 2135 thesaurorum,
642 2086 735 2125 huic
763 2086 785 2127 a
813 2086 1042 2126 Catholicis
1067 2085 1187 2134 plena

207 2142 436 2194 devotio‚&
451 2143 614 2184 honoris
629 2140 814 2182 cumulus
825 2140 1039 2182 exhibetur
1052 2150 1068 2189 3
1085 2141 1187 2178 hanc

208 2201 379 2244 Claram
394 2202 434 2239 in
444 2199 531 2237 alto
548 2197 701 2235 Divrnoe
727 2196 829 2234 lucis
843 2194 1041 2232 clarificat
1058 2196 1185 2241 pleni·

204 2256 332 2309 rud03
347 2255 449 2298 banc
466 2250 702 2295 Christianis
719 2248 886 2303 Populis
905 2247 1184 2302 prodigiorum

203 2314 291 2374 ejus
307 2311 469 2370 infignia
498 2309 688 2365 stupenda
714 2308 928 2351 declarant
945 2333 958 2346 .
987 2309 1027 2347 Ο
1057 2305 1183 2346 Clara

202 2370 450 2419 multimode
477 2369 607 2414 titulis
624 2368 792 2424 praedita
804 2364 1003 2411 claritatis
1022 2394 1035 2407 .
1064 2367 1177 2407 Ante

201 2431 518 2479 Conveifionem
534 2438 644 2473 tuam
660 2430 799 2484 utique
822 2427 959 2474 clara,
987 2425 1027 2466 in
1059 2426 1176 2466 Con·

204 2494 388 2542 vernone
415 2490 591 2537 clarior,
617 2488 657 2529 in
672 2485 871 2531 claustrali
897 2498 976 2527 con
984 2480 1178 2526 versatio-

205 2565 259 2596 ne
279 2549 469 2607 praeclara
481 2573 497 2598 2
523 2549 564 2590 δι
579 2545 663 2602 post
677 2544 888 2589 decursum
907 2544 997 2586 ritae
1011 2542 1180 2597 praesen-

207 2612 260 2654 tis
280 2608 451 2667 spatium
463 2604 677 2650 clariffima
690 2603 852 2648 illuxisti
863 2634 875 2645 .
901 2603 967 2646 Ab
982 2603 1056 2645 bac
1073 2603 1181 2643 inter

212 2672 458 2714 amenitates
472 2665 660 2710 coelestes
674 2692 690 2715 ,
714 2662 832 2707 suave
857 2663 986 2706 lilium
1012 2661 1184 2717 virgini-

214 2726 515 2774 tatisoffertur:
532 2726 596 2768 Ab
613 2724 688 2769 hae
711 2723 837 2766 Clara
866 2723 1021 2765 clarum
1048 2734 1183 2764 exem-

208 2788 268 2848 pli
281 2786 484 2844 speculum
502 2783 591 2848 hiric
608 2781 750 2826 saeculo
765 2779 932 2838 prodit:
961 2781 1028 2824 Ab
1043 2781 1117 2822 hac
1144 2778 1185 2820 in

213 2848 342 2892 terris
363 2841 571 2888 manifesta
585 2841 893 2886 subventionum
908 2839 1087 2883 remedia
1102 2836 1188 2880 sen-

210 2909 372 2952 tiuntur
388 2933 400 2946 .
420 2905 461 2946 O
471 2899 706 2945 admiranda
721 2900 852 2943 Clara
865 2901 983 2943 beata
997 2898 1158 2942 claritas
1171 2924 1187 2947 ,

209 2981 296 3025 quae
309 2993 324 3017 ,
337 2963 491 3019 quanto
506 2958 711 3004 studiofius
724 2973 799 3015 per
814 2958 957 3015 finguta
971 2960 1184 3015 queritur,

213 3027 331 3070 tanto
348 3018 595 3080 splendidior
607 3019 650 3062 in
661 3017 822 3073 lingulis
837 3018 1063 3062 invenitur.
1078 3016 1187 3059 Emi·

217 3085 303 3128 cuit
319 3083 400 3125 haec
414 3110 429 3133 ,
456 3081 618 3136 inquam
632 3106 647 3129 ,
673 3078 714 3118 in
733 3078 810 3120 hoc
823 3075 995 3130 seculo,
1017 3078 1057 3119 in
1074 3074 1187 3118 Reli-

215 3145 339 3202 gione
353 3137 572 3196 praesulfit3
600 3138 642 3180 in
657 3137 791 3178 Domo
807 3135 939 3179 illuxit
956 3145 1000 3179 ut
1013 3134 1162 3178 radius
1179 3160 1194 3183 ‚

217 3205 257 3247 in
273 3200 466 3246 Claustro
480 3195 704 3242 coruscavit
719 3206 760 3237 ut
777 3194 916 3251 fulgor
932 3208 948 3249 3
974 3196 1139 3239 emicuit
1153 3193 1193 3233 in

219 3259 418 3314 viia‚pon
433 3266 614 3301 mortem
626 3254 791 3298 irradiat
807 3283 821 3306 ,
846 3254 994 3297 claruit
1016 3254 1054 3296 in
1069 3263 1198 3302 terra,

219 3319 260 3364 in
274 3317 404 3363 Coelo
418 3318 575 3365 relucet
590 3346 601 3358 .
629 3317 669 3358 Ο
681 3324 831 3372 quanta
842 3314 961 3370 hujus
978 3313 1197 3356 vehemen-

222 3382 275 3423 tia
299 3377 457 3420 luminis
473 3405 488 3428 ‚
513 3378 552 3421 &
569 3374 689 3433 quim
717 3375 933 3417 vehemens
962 3372 1071 3415 istius
1099 3370 1194 3412 illu-

227 3437 400 3481 minatio-
416 3435 616 3479 claritatis
643 3437 654 3476 Ξ
692 3435 882 3477 Manebat
922 3431 1088 3489 quidem
1115 3430 1193 3472 haec

227 3495 293 3541 lux
306 3497 474 3541 secretis
501 3492 652 3538 inclusa
680 3491 969 3536 Claustralibus
985 3521 999 3543 ,
1024 3492 1063 3532 δι
1089 3485 1197 3530 foras

230 3555 420 3600 micantes
436 3554 575 3598 radios
591 3555 804 3598 emittebat
819 3581 830 3593 .
860 3551 1145 3606 colligebatur
1159 3547 1199 3588 in

231 3616 336 3657 affin
349 3614 567 3666 coenobio,
593 3615 632 3656 &
649 3614 685 3656 in
713 3612 850 3669 amplo
876 3609 1017 3653 saeculo
1039 3611 1200 3665 sparge-

233 3671 346 3714 batur
359 3686 373 3715 :
387 3674 624 3717 -iervabatur
650 3674 780 3723 intra,
808 3673 848 3714 δι
861 3679 976 3714 extra
991 3667 1194 3712 manebat.

232 3730 403 3772 Latebat
413 3747 582 3789 namque
598 3732 723 3775 Clara
734 3758 748 3780 ,
767 3731 834 3773 sed
851 3730 937 3785 ejus
951 3730 1014 3773 via
1031 3726 1209 3784 patebat·

225 3786 382 3831 Silebat
401 3789 518 3839 Clara
533 3820 548 3845 ,
564 3791 630 3835 sed
647 3790 731 3850 ejus
747 3788 850 3834 fama
867 3789 1099 3832 clamabat.
1119 3787 1208 3829 Cae-

2021 200 2135 283 29

1234 325 1393 363 labatur
1410 321 1448 361 in
1462 324 1608 370 Cella,
1629 325 1672 364 &
1700 321 1739 363 in
1755 322 1931 366 Urbibus
1952 327 2176 374 docebatur
2190 360 2205 371 .

1234 383 1323 421 Nec
1340 379 1488 419 mirum
1503 407 1518 430 ,
1532 384 1623 434 quia
1637 381 1803 422 lucerna
1820 392 1900 421 tam
1916 391 2077 427 accenia
2090 416 2105 436 ,
2117 400 2203 431 tam

1235 436 1402 484 lucens,
1422 434 1611 478 abscondi
1627 451 1709 478 non
1741 449 1896 489 poterat
1912 466 1926 488 ,
1953 444 2048 494 quin
2072 446 2206 496 splen-

1233 496 1355 538 deret
1371 522 1385 546 ,
1415 494 1456 534 δι
1469 494 1624 536 clarum
1639 496 1678 536 in
1690 496 1821 537 Domo
1838 500 1999 538 Domini
2012 499 2127 540 daret
2144 503 2207 543 lu-

1239 568 1330 598 men
1349 582 1363 598 .
1385 556 1474 595 Nec
1491 554 1659 595 recondi
1687 565 1852 610 poterat
1879 567 1947 596 vas
1974 567 2033 597 tot
2050 569 2208 598 aroma-

1239 624 1324 655 tum
1338 640 1354 663 ‚
1371 613 1468 668 quin
1486 610 1684 666 fragraret
1698 641 1712 664 ‚
1725 614 1763 654 &
1779 611 1885 654 suavi
1905 614 2034 655 odore
2060 614 2206 656 Domi-

1237 673 1369 715 nicam
1394 672 1647 727 respergeret
1689 671 1932 714 manfiunem
1949 698 1965 724 ,
1992 671 2074 712 imo
2112 685 2206 715 cum

1236 734 1276 774 in
1293 731 1458 786 angusto
1473 729 1701 774 solitudinis
1724 728 1946 773 reclusorio
1971 729 2211 772 alabastrum

1241 790 1296 832 sni
1321 790 1507 846 corporis
1547 791 1627 831 haec
1668 788 1767 832 dure
1802 799 2036 832 contereret
2067 816 2082 839 ,
2120 797 2210 830 tota

1238 847 1404 905 omnino
1422 848 1604 891 Ecclefiae
1617 848 1736 898 aula,
1752 849 1982 892 Sanffitatis
2003 845 2090 904 ejus
2106 846 2211 888 odo—

1242 908 1354 951 ribus
1367 907 1603 964 replebatur
1616 933 1627 945 ·

1300 967 1324 1017 ὁ
1345 981 1377 1009 ι.
1449 968 1552 1010 Sane
1567 980 1662 1009 cum
1683 966 1789 1023 ipsa,
1806 967 1900 1010 dum
1930 966 2060 1008 adhuc
2091 964 2214 1007 Puel-

1237 1027 1277 1070 la
1305 1024 1399 1069 effer
1425 1026 1466 1068 in
1491 1025 1648 1070 Saeculo
1672 1056 1689 1077 ,
1720 1031 1824 1069 bunc
1861 1027 2060 1070 Mundum
2087 1022 2214 1078 fragi-

1237 1087 1318 1130 lem
1332 1115 1346 1137 ,
1361 1088 1399 1129 &
1422 1086 1673 1128 immundum
1687 1114 1701 1135 ‚
1731 1086 1882 1128 mundo
1895 1085 1999 1128 calle
2023 1085 2074 1127 ab
2096 1092 2211 1127 aetate

1248 1157 1387 1188 tenera
1401 1145 1599 1187 tranlilire
1615 1144 1820 1196 (luderet,
1844 1146 1885 1187 &
1902 1142 2115 1199 pretiosum
2138 1141 2213 1183 suae

1246 1205 1494 1260 virginitatis
1507 1202 1737 1247 thesaurum
1750 1230 1765 1252 ‚
1794 1204 1957 1247 illibato
1971 1204 2126 1257 semper
2141 1213 2216 1256 pu·

1242 1263 1579 1307 dorecustodiens
1595 1291 1608 1314 ,
1634 1263 1834 1306 claritatis
1870 1265 1911 1306 &
1940 1262 2102 1318 pietatis
2116 1273 2216 1315 ope-

1242 1324 1354 1366 ribus
1370 1323 1587 1379 vigilanter
1608 1320 1841 1365 intenderet
1858 1351 1872 1375 ,
1900 1323 1956 1365 ita
1970 1320 2079 1378 quod
2102 1332 2151 1363 ex
2165 1332 2215 1360 ea

1244 1394 1360 1439 grata
1374 1383 1412 1423 δι
1441 1380 1654 1424 laudabilis
1669 1381 1719 1423 ad
1737 1382 1887 1424 vicinos
1905 1409 1921 1434 ,
1944 1380 2096 1422 &alios
2112 1378 2215 1419 fama

1244 1441 1428 1497 prodiret
1454 1468 1467 1491 ,
1494 1441 1643 1482 Beatus
1659 1439 1892 1482 franciscus
1907 1469 1922 1491 ,
1935 1439 2075 1480 audito
2103 1434 2221 1490 hujus

1243 1500 1354 1544 samae
1371 1498 1702 1553 preconio,cepit
1716 1495 1926 1540 confestim
1943 1495 2098 1539 hortari
2113 1508 2220 1543 eam,

1243 1561 1283 1602 δι
1299 1556 1348 1599 ad
1366 1556 1516 1599 Christi
1527 1553 1745 1611 perfectam
1759 1556 1949 1598 inducere
1962 1554 2215 1596 servitutem.

1240 1621 1342 1677 Qiae
1360 1614 1478 1659 sacris
1491 1617 1603 1658 illius
1618 1615 1783 1658 monitis
1802 1629 1896 1657 mox
1913 1614 2121 1656 adbaerens
2135 1642 2149 1664 ,
2175 1612 2215 1652 &

1245 1675 1446 1720 Mundum
1486 1688 1577 1719 cum
1614 1676 1791 1717 terrenis
1827 1675 2013 1717 omnibus
2054 1672 2216 1729 penitus

1245 1735 1433 1778 abdicare
1447 1762 1461 1786 ,
1476 1749 1523 1777 ac
1540 1732 1610 1776 soli
1631 1736 1810 1777 Domino
1837 1735 1874 1776 in
1892 1741 2127 1788 paupertate
2146 1744 2218 1772 vo-

1245 1796 1421 1838 luntaria
1436 1792 1618 1836 famulari
1632 1793 1861 1837 defiderans
1876 1821 1891 1844 ‚
1917 1793 1993 1834 hoc
2010 1790 2118 1834 suum
2137 1786 2220 1832 fer·

1240 1867 1336 1897 vens
1351 1854 1598 1898 defiderium
1613 1880 1628 1904 ‚
1657 1854 1776 1910 quim
1789 1854 1875 1897 cito
1900 1851 2035 1907 potuit
2051 1878 2067 1902 ,
2087 1848 2222 1891 adim-

1268 1912 1369 1957 levit
1383 1944 1394 1956 .

1240 1929 1265 1972 Ρ
1297 1972 1395 2022 §.2
1457 1977 1558 2028 Quae
1586 1972 1749 2016 tandem
1779 1974 1919 2014 cancia
1938 1967 2005 2011 sua
2023 1968 2153 2014 bona,
2180 1966 2222 2006 δι

1245 2046 1320 2075 una
1340 2030 1489 2079 secum,
1504 2033 1701 2089 quidquid
1716 2031 1838 2076 etiam
1853 2031 2029 2073 habebat
2046 2054 2060 2076 ,
2073 2024 2223 2067 Christi

1246 2091 1443 2141 ‘’bsequio
1457 2092 1674 2144 deputaret
1691 2094 1731 2134 in
1747 2086 2022 2144 eleemosynas
2037 2114 2053 2137 ‚
2068 2086 2108 2128 δι
2124 2096 2225 2139 pau-

1252 2154 1391 2198 perum
1409 2145 1575 2186 subsidia
1588 2148 1791 2187 distribuit
1805 2149 1846 2187 δι
1858 2144 2069 2188 convertit
2084 2170 2099 2183 .

1304 2201 1328 2243 ὁ
1361 2214 1397 2248 3·
1413 2206 1604 2251 Cumque
1621 2202 1673 2242 de
1686 2202 1812 2243 saeculi
1839 2201 2005 2254 strepitu
2033 2198 2192 2254 fugiens
2206 2225 2223 2249 ,

1246 2250 1296 2291 ad
1329 2253 1547 2305 quamdam
1587 2257 1853 2306 campestrem
1879 2256 2113 2298 declinaffet
2149 2260 2225 2299 Ec-

1244 2308 1406 2351 clesmn
1420 2310 1460 2350 &
1479 2311 1528 2352 ab
1542 2309 1627 2364 ipso
1645 2312 1685 2351 B.
1706 2309 1920 2352 francisco
1947 2311 2056 2354 sacra
2082 2314 2135 2354 ibi
2162 2326 2228 2354 re·

1245 2368 1366 2419 cepta
1382 2367 1543 2410 tonsura
1560 2395 1575 2418 ,
1600 2367 1840 2422 processiffet
1865 2370 1913 2412 ad
1938 2372 2087 2418 aliam,
2127 2383 2231 2413 con-

1238 2427 1457 2483 sanguineis
1467 2426 1551 2481 ejus
1562 2426 1684 2482 ipsam
1693 2428 1839 2471 exinde
1851 2429 2047 2473 reducere
2059 2428 2230 2479 mallen·->

1245 2489 1370 2538 tibus,
1393 2486 1462 2528 illa
1486 2487 1669 2542 protinus
1683 2487 1927 2542 amplectens
1945 2489 2088 2532 Altare
2101 2513 2116 2536 ,
2130 2501 2230 2543 pan·

1245 2546 1394 2602 nosque
1419 2544 1736 2600 apprehendens
1767 2546 1884 2603 ipflus
1911 2576 1927 2597 ‚
1964 2547 2130 2589 crinium
2168 2544 2229 2588 sui

1244 2604 1391 2661 capitis
1408 2606 1447 2647 in
1464 2604 1593 2646 cisura
1607 2604 1767 2648 deteaa
1788 2634 1803 2656 ‚
1819 2604 1970 2649 eisdem
1986 2604 2229 2660 consangui-

1249 2665 1391 2709 neusin
1409 2666 1485 2706 hoc
1501 2661 1674 2708 sortiter
1704 2664 1851 2708 restitit
1867 2692 1882 2715 ,
1907 2666 1948 2707 δι
1973 2663 2227 2715 constanter,

1245 2725 1451 2781 quia‚cum
1464 2723 1539 2778 jam
1557 2721 1652 2766 effer
1670 2735 1804 2766 mente
1815 2725 1972 2782 integra
1986 2722 2115 2777 juncta
2123 2725 2229 2774 Deo,

1248 2782 1334 2839 pati
1351 2796 1433 2825 non
1460 2792 1622 2839 poterat
1637 2783 1689 2826 ab
1707 2784 1795 2825 eius
1819 2783 1988 2826 servitio
2000 2781 2038 2824 se
2051 2782 2229 2825 divelli·

1249 2842 1460 2896 Denique,
1473 2854 1568 2884 eum
1585 2842 1633 2884 ad
1652 2842 1874 2885 Ecclefiam
1892 2842 2024 2887 Sancti
2039 2840 2227 2885 Damiani

1244 2912 1361 2947 extra
1378 2902 1607 2944 Civitatem
1623 2900 1999 2951 Affifinatem,unde
2013 2903 2137 2944 traxit
2149 2900 2231 2942 ori-

1249 2961 1383 3018 ginem
1397 2989 1414 3015 ,
1427 2976 1499 3013 per
1511 2960 1700 3004 eumdem
1717 2962 1760 3003 B.
1779 2959 2031 3003 Franciscum
2055 2959 2227 3003 adducta

1250 3020 1382 3066 fuisset
1397 3048 1412 3070 ,
1428 3021 1533 3064 ibici
1553 3021 1753 3062 Dominus
1766 3019 1816 3061 ad
1848 3032 2026 3062 amorem
2039 3045 2054 3068 ‚
2073 3021 2114 3061 δι
2140 3017 2232 3060 cul·

1255 3091 1343 3125 tum
1371 3078 1565 3124 affiduum
1593 3079 1650 3121 sui
1675 3080 1860 3121 Nominis
1884 3105 1899 3126 a
1929 3079 2067 3134 plures
2094 3077 2230 3120 Socias

1255 3139 1494 3194 aggregavit
1511 3168 1523 3182 .
1542 3138 1605 3181 Ab
1632 3139 1707 3180 hac
1735 3138 1927 3192 fiquidem
1943 3163 1957 3186 2
1983 3136 2165 3194 insignis,
2190 3137 2229 3176 &

1258 3197 1366 3240 sacer
1382 3196 1500 3239 Ordo
1513 3198 1646 3240 Sancti
1678 3198 1862 3240 Damiani
1891 3210 1962 3251 per
1979 3198 2123 3239 orbem
2150 3194 2229 3251 jam

1257 3256 1379 3311 longe
1395 3255 1558 3299 diffusus
1573 3284 1588 3306 ,
1612 3254 1787 3299 salutare
1811 3254 1970 3310 sumpfit
1994 3253 2229 3297 exordium.

1258 3319 1353 3359 Haec
1368 3344 1383 3366 ,
1413 3316 1660 3357 adhortante
1687 3314 1770 3370 ipso
1794 3317 1840 3358 B.
1865 3312 2076 3358 Francisco
2098 3339 2113 3361 ‚
2136 3312 2229 3354 huic

1258 3388 1372 3417 novae
1398 3402 1413 3424 ‚
1438 3373 1654 3430 sanctaeque
1691 3373 1964 3418 observantia
1993 3370 2234 3427 sequendum

1257 3433 1373 3477 dedit
1392 3433 1577 3476 initium.
1603 3435 1698 3475 Haec
1721 3434 1839 3487 hujus
1868 3444 2015 3487 magne
2048 3429 2235 3485 Religio-

1261 3494 1320 3536 nis
1347 3489 1422 3534 fuit
1470 3492 1729 3547 primarium,
1755 3495 1795 3535 &
1821 3493 1958 3535 stabile
1991 3489 2233 3533 fundamen-

1261 3564 1363 3601 tum:
1399 3554 1495 3594 Haec
1524 3550 1642 3606 hujus
1672 3550 1747 3594 alti
1793 3551 1928 3607 operis
1954 3550 2055 3606 lapis
2095 3549 2234 3591 extitit

1261 3611 1514 3668 primitivus:
1543 3613 1636 3653 Haec
1652 3624 1801 3666 genere
1829 3609 2021 3658 Nobilis,
2044 3606 2112 3650 sed
2137 3622 2230 3648 con·

1259 3670 1488 3713 vertatione
1517 3668 1694 3712 nobilior
1718 3699 1734 3720 ,
1766 3669 2045 3726 virginitatem
2063 3696 2079 3717 ,
2112 3678 2232 3720 quam

1270 3730 1381 3785 prius
1399 3730 1522 3771 etiam
1539 3728 1810 3772 custodiverat
1822 3758 1835 3780 ,
1851 3726 1920 3771 sub
1934 3730 2009 3770 hac
2026 3726 2233 3767 sanoimo·

1269 3790 1343 3833 niae
1361 3789 1520 3846 Regula
1554 3787 1754 3846 praecipue
1773 3787 2026 3833 conservavit
2046 3813 2058 3826 .
2081 3843 2103 3891 ξ
2228 3831 2231 3832 ⁷
