<?xml version="1.0" encoding="UTF-8"?>
<!DOCTYPE html PUBLIC "-//W3C//DTD XHTML 1.0 Transitional//EN"
    "http://www.w3.org/TR/xhtml1/DTD/xhtml1-transitional.dtd">
<html xmlns="http://www.w3.org/1999/xhtml" xml:lang="en" lang="en">
 <head>
  <title>
</title>
<meta http-equiv="Content-Type" content="text/html;charset=utf-8" />
  <meta name='ocr-system' content='tesseract 3.04.00' />
  <meta name='ocr-capabilities' content='ocr_page ocr_carea ocr_par ocr_line ocrx_word'/>
</head>
<body>
  <div class='ocr_page' id='page_1' title='image "./bullariumordinis06cath_0289.png"; bbox 0 0 2444 4192; ppageno 0'>
   <div class='ocr_carea' id='block_1_1' title="bbox 855 165 1501 253">
    <p class='ocr_par' dir='ltr' id='par_1_1' title="bbox 855 165 1501 253">
     <span class='ocr_line' id='line_1_1' title="bbox 855 165 1501 253; baseline 0.002 -2"><span class='ocrx_word' id='word_1_1' title='bbox 855 169 1017 251; x_wconf 78' lang='lat' dir='ltr'>Sub</span> <span class='ocrx_word' id='word_1_2' title='bbox 1078 170 1154 253; x_wconf 87' lang='lat' dir='ltr'>S.</span> <span class='ocrx_word' id='word_1_3' title='bbox 1193 170 1331 251; x_wconf 78' lang='lat' dir='ltr'>Pio</span> <span class='ocrx_word' id='word_1_4' title='bbox 1398 165 1501 252; x_wconf 84' lang='lat' dir='ltr'>V·</span> 
     </span>
    </p>
   </div>
   <div class='ocr_carea' id='block_1_2' title="bbox 1931 168 2102 274">
    <p class='ocr_par' dir='ltr' id='par_1_2' title="bbox 1931 168 2102 274">
     <span class='ocr_line' id='line_1_2' title="bbox 1931 168 2102 274; baseline 0.023 -29"><span class='ocrx_word' id='word_1_5' title='bbox 1931 168 2102 274; x_wconf 82' lang='lat'>267</span> 
     </span>
    </p>
   </div>
   <div class='ocr_carea' id='block_1_3' title="bbox 204 308 2160 368">
    <p class='ocr_par' dir='ltr' id='par_1_3' title="bbox 204 308 2160 368">
     <span class='ocr_line' id='line_1_3' title="bbox 204 308 2160 368; baseline -0.002 -4"><span class='ocrx_word' id='word_1_6' title='bbox 204 331 286 364; x_wconf 86' lang='lat' dir='ltr'>rem</span> <span class='ocrx_word' id='word_1_7' title='bbox 299 342 315 368; x_wconf 71' lang='lat'><em>2</em></span> <span class='ocrx_word' id='word_1_8' title='bbox 329 315 370 359; x_wconf 70' lang='lat' dir='ltr'>Bt</span> <span class='ocrx_word' id='word_1_9' title='bbox 390 317 484 356; x_wconf 79' lang='lat' dir='ltr'>ante</span> <span class='ocrx_word' id='word_1_10' title='bbox 500 311 610 356; x_wconf 86' lang='lat' dir='ltr'>illius</span> <span class='ocrx_word' id='word_1_11' title='bbox 626 310 870 357; x_wconf 83' lang='lat' dir='ltr'>emiffionem</span> <span class='ocrx_word' id='word_1_12' title='bbox 883 314 935 354; x_wconf 91' lang='lat' dir='ltr'>ab</span> <span class='ocrx_word' id='word_1_13' title='bbox 949 316 1021 356; x_wconf 87' lang='lat' dir='ltr'>hac</span> <span class='ocrx_word' id='word_1_14' title='bbox 1040 317 1155 359; x_wconf 51' lang='lat' dir='ltr'>vita„</span> <span class='ocrx_word' id='word_1_15' title='bbox 1214 314 1535 357; x_wconf 79' lang='lat' dir='ltr'>misericorditer</span> <span class='ocrx_word' id='word_1_16' title='bbox 1575 310 1619 352; x_wconf 91' lang='lat' dir='ltr'>in</span> <span class='ocrx_word' id='word_1_17' title='bbox 1659 308 1836 351; x_wconf 90' lang='lat' dir='ltr'>Domino</span> <span class='ocrx_word' id='word_1_18' title='bbox 1881 317 2160 365; x_wconf 54' lang='lat' dir='ltr'>auctoritate,</span> 
     </span>
    </p>
   </div>
   <div class='ocr_carea' id='block_1_4' title="bbox 202 373 1152 431">
    <p class='ocr_par' dir='ltr' id='par_1_4' title="bbox 202 373 1152 431">
     <span class='ocr_line' id='line_1_4' title="bbox 202 373 1152 431; baseline -0.015 -12"><span class='ocrx_word' id='word_1_19' title='bbox 202 378 374 431; x_wconf 85' lang='lat' dir='ltr'>migrant</span> <span class='ocrx_word' id='word_1_20' title='bbox 401 402 415 424; x_wconf 89' lang='lat'>,</span> <span class='ocrx_word' id='word_1_21' title='bbox 458 374 498 414; x_wconf 87' lang='lat'>&amp;</span> <span class='ocrx_word' id='word_1_22' title='bbox 523 374 564 415; x_wconf 89' lang='lat' dir='ltr'>in</span> <span class='ocrx_word' id='word_1_23' title='bbox 592 373 702 416; x_wconf 68' lang='lat' dir='ltr'>disto</span> <span class='ocrx_word' id='word_1_24' title='bbox 728 380 918 425; x_wconf 88' lang='lat' dir='ltr'>tempore</span> <span class='ocrx_word' id='word_1_25' title='bbox 948 373 1152 426; x_wconf 86' lang='lat' dir='ltr'>probatio.</span> 
     </span>
    </p>
   </div>
   <div class='ocr_carea' id='block_1_5' title="bbox 178 428 1147 2774">
    <p class='ocr_par' dir='ltr' id='par_1_5' title="bbox 178 428 1147 2774">
     <span class='ocr_line' id='line_1_5' title="bbox 197 428 1147 482; baseline -0.005 -5"><span class='ocrx_word' id='word_1_26' title='bbox 197 436 257 477; x_wconf 86' lang='lat' dir='ltr'>nis</span> <span class='ocrx_word' id='word_1_27' title='bbox 269 458 282 482; x_wconf 88' lang='lat'>,</span> <span class='ocrx_word' id='word_1_28' title='bbox 297 431 542 474; x_wconf 89' lang='lat' dir='ltr'>obstantibus</span> <span class='ocrx_word' id='word_1_29' title='bbox 558 428 924 475; x_wconf 77' lang='lat' dir='ltr'>Constitutionibus</span> <span class='ocrx_word' id='word_1_30' title='bbox 939 457 955 478; x_wconf 92' lang='lat'>,</span> <span class='ocrx_word' id='word_1_31' title='bbox 981 432 1061 472; x_wconf 80' lang='lat' dir='ltr'>five</span> <span class='ocrx_word' id='word_1_32' title='bbox 1076 431 1147 472; x_wconf 85' lang='lat' dir='ltr'>sta-</span> 
     </span>
     <span class='ocr_line' id='line_1_6' title="bbox 195 486 1146 541; baseline -0.006 -7"><span class='ocrx_word' id='word_1_33' title='bbox 195 491 292 534; x_wconf 87' lang='lat' dir='ltr'>tutis</span> <span class='ocrx_word' id='word_1_34' title='bbox 306 491 346 531; x_wconf 86' lang='grc' dir='ltr'>8ι</span> <span class='ocrx_word' id='word_1_35' title='bbox 360 490 696 541; x_wconf 84' lang='lat' dir='ltr'>ordinationibus,</span> <span class='ocrx_word' id='word_1_36' title='bbox 709 500 791 529; x_wconf 92' lang='lat' dir='ltr'>non</span> <span class='ocrx_word' id='word_1_37' title='bbox 811 486 991 528; x_wconf 85' lang='lat' dir='ltr'>valentes</span> <span class='ocrx_word' id='word_1_38' title='bbox 1001 487 1146 528; x_wconf 73' lang='lat' dir='ltr'>dietam</span> 
     </span>
     <span class='ocr_line' id='line_1_7' title="bbox 191 543 1144 608; baseline -0.006 -18"><span class='ocrx_word' id='word_1_39' title='bbox 191 545 473 608; x_wconf 84' lang='lat' dir='ltr'>profeffionem</span> <span class='ocrx_word' id='word_1_40' title='bbox 486 553 702 596; x_wconf 82' lang='lat' dir='ltr'>emittere,</span> <span class='ocrx_word' id='word_1_41' title='bbox 726 553 866 588; x_wconf 88' lang='lat' dir='ltr'>carent</span> <span class='ocrx_word' id='word_1_42' title='bbox 894 543 1050 586; x_wconf 84' lang='lat' dir='ltr'>coelesti</span> <span class='ocrx_word' id='word_1_43' title='bbox 1063 558 1144 585; x_wconf 89' lang='lat' dir='ltr'>me-</span> 
     </span>
     <span class='ocr_line' id='line_1_8' title="bbox 194 600 1142 664; baseline -0.015 -9"><span class='ocrx_word' id='word_1_44' title='bbox 194 609 300 655; x_wconf 87' lang='lat' dir='ltr'>rito,</span> <span class='ocrx_word' id='word_1_45' title='bbox 328 622 412 664; x_wconf 91' lang='lat' dir='ltr'>quo</span> <span class='ocrx_word' id='word_1_46' title='bbox 435 623 482 652; x_wconf 88' lang='lat' dir='ltr'>ex</span> <span class='ocrx_word' id='word_1_47' title='bbox 509 607 617 652; x_wconf 91' lang='lat' dir='ltr'>dono</span> <span class='ocrx_word' id='word_1_48' title='bbox 642 604 939 661; x_wconf 78' lang='lat' dir='ltr'>&amp;benignitate</span> <span class='ocrx_word' id='word_1_49' title='bbox 953 600 1069 645; x_wconf 87' lang='lat' dir='ltr'>Sedis</span> <span class='ocrx_word' id='word_1_50' title='bbox 1081 603 1142 642; x_wconf 86' lang='lat' dir='ltr'>A-</span> 
     </span>
     <span class='ocr_line' id='line_1_9' title="bbox 191 659 1146 721; baseline -0.01 -11"><span class='ocrx_word' id='word_1_51' title='bbox 191 665 396 721; x_wconf 83' lang='lat' dir='ltr'>postolicae</span> <span class='ocrx_word' id='word_1_52' title='bbox 425 696 441 720; x_wconf 88' lang='lat'>,</span> <span class='ocrx_word' id='word_1_53' title='bbox 476 677 574 710; x_wconf 86' lang='lat' dir='ltr'>caete</span> <span class='ocrx_word' id='word_1_54' title='bbox 649 664 744 708; x_wconf 70' lang='lat' dir='ltr'>dieti</span> <span class='ocrx_word' id='word_1_55' title='bbox 769 661 933 706; x_wconf 84' lang='lat' dir='ltr'>Ordinis</span> <span class='ocrx_word' id='word_1_56' title='bbox 949 659 1146 704; x_wconf 89' lang='lat' dir='ltr'>Moniales</span> 
     </span>
     <span class='ocr_line' id='line_1_10' title="bbox 189 718 1145 776; baseline -0.008 -9"><span class='ocrx_word' id='word_1_57' title='bbox 189 722 375 768; x_wconf 76' lang='lat' dir='ltr'>Profeffae</span> <span class='ocrx_word' id='word_1_58' title='bbox 391 726 431 768; x_wconf 90' lang='lat' dir='ltr'>in</span> <span class='ocrx_word' id='word_1_59' title='bbox 446 725 550 769; x_wconf 68' lang='lat' dir='ltr'>dicta</span> <span class='ocrx_word' id='word_1_60' title='bbox 598 722 803 769; x_wconf 86' lang='lat' dir='ltr'>rofeffione</span> <span class='ocrx_word' id='word_1_61' title='bbox 816 748 832 770; x_wconf 70' lang='lat' dir='ltr'>a</span> <span class='ocrx_word' id='word_1_62' title='bbox 853 723 891 763; x_wconf 77' lang='grc' dir='ltr'>δι</span> <span class='ocrx_word' id='word_1_63' title='bbox 907 719 1066 776; x_wconf 87' lang='lat' dir='ltr'>Regula</span> <span class='ocrx_word' id='word_1_64' title='bbox 1077 718 1145 760; x_wconf 91' lang='lat' dir='ltr'>de-</span> 
     </span>
     <span class='ocr_line' id='line_1_11' title="bbox 192 778 1144 840; baseline -0.006 -14"><span class='ocrx_word' id='word_1_65' title='bbox 192 784 383 828; x_wconf 84' lang='lat' dir='ltr'>cedentes</span> <span class='ocrx_word' id='word_1_66' title='bbox 396 784 577 840; x_wconf 87' lang='lat' dir='ltr'>gaudent</span> <span class='ocrx_word' id='word_1_67' title='bbox 591 812 604 826; x_wconf 87' lang='lat'><strong>.</strong></span> <span class='ocrx_word' id='word_1_68' title='bbox 637 786 774 840; x_wconf 81' lang='lat' dir='ltr'>Quare</span> <span class='ocrx_word' id='word_1_69' title='bbox 788 780 918 825; x_wconf 87' lang='lat' dir='ltr'>Nobis</span> <span class='ocrx_word' id='word_1_70' title='bbox 934 778 1144 822; x_wconf 85' lang='lat' dir='ltr'>humiliter</span> 
     </span>
     <span class='ocr_line' id='line_1_12' title="bbox 190 837 1145 898; baseline -0.003 -16"><span class='ocrx_word' id='word_1_71' title='bbox 190 841 408 898; x_wconf 88' lang='lat' dir='ltr'>supplicari</span> <span class='ocrx_word' id='word_1_72' title='bbox 423 842 604 887; x_wconf 88' lang='lat' dir='ltr'>fecerunt</span> <span class='ocrx_word' id='word_1_73' title='bbox 620 870 635 895; x_wconf 90' lang='lat'>,</span> <span class='ocrx_word' id='word_1_74' title='bbox 647 851 691 884; x_wconf 90' lang='lat' dir='ltr'>ut</span> <span class='ocrx_word' id='word_1_75' title='bbox 713 839 782 883; x_wconf 87' lang='lat' dir='ltr'>fibi</span> <span class='ocrx_word' id='word_1_76' title='bbox 800 841 839 882; x_wconf 91' lang='lat' dir='ltr'>in</span> <span class='ocrx_word' id='word_1_77' title='bbox 853 837 1049 896; x_wconf 80' lang='lat' dir='ltr'>praemiffis</span> <span class='ocrx_word' id='word_1_78' title='bbox 1068 852 1145 893; x_wconf 89' lang='lat' dir='ltr'>op-</span> 
     </span>
     <span class='ocr_line' id='line_1_13' title="bbox 186 897 1146 958; baseline -0.003 -16"><span class='ocrx_word' id='word_1_79' title='bbox 186 900 367 957; x_wconf 76' lang='lat' dir='ltr'>portune</span> <span class='ocrx_word' id='word_1_80' title='bbox 382 902 601 958; x_wconf 88' lang='lat' dir='ltr'>providere</span> <span class='ocrx_word' id='word_1_81' title='bbox 613 927 628 952; x_wconf 88' lang='lat'>,</span> <span class='ocrx_word' id='word_1_82' title='bbox 647 900 698 944; x_wconf 90' lang='lat' dir='ltr'>de</span> <span class='ocrx_word' id='word_1_83' title='bbox 713 898 960 955; x_wconf 83' lang='lat' dir='ltr'>benignitate</span> <span class='ocrx_word' id='word_1_84' title='bbox 976 897 1146 952; x_wconf 76' lang='lat' dir='ltr'>Aposto-</span> 
     </span>
     <span class='ocr_line' id='line_1_14' title="bbox 184 954 1143 1016; baseline -0.005 -14"><span class='ocrx_word' id='word_1_85' title='bbox 184 959 267 1002; x_wconf 87' lang='lat' dir='ltr'>lica</span> <span class='ocrx_word' id='word_1_86' title='bbox 289 959 576 1016; x_wconf 90' lang='lat' dir='ltr'>dignaremur.</span> <span class='ocrx_word' id='word_1_87' title='bbox 601 961 690 1003; x_wconf 90' lang='lat' dir='ltr'>Nos</span> <span class='ocrx_word' id='word_1_88' title='bbox 710 958 837 1015; x_wconf 87' lang='lat' dir='ltr'>igitur</span> <span class='ocrx_word' id='word_1_89' title='bbox 853 986 869 1010; x_wconf 87' lang='lat'>‚</span> <span class='ocrx_word' id='word_1_90' title='bbox 883 958 950 1015; x_wconf 92' lang='lat' dir='ltr'>qui</span> <span class='ocrx_word' id='word_1_91' title='bbox 979 954 1143 999; x_wconf 88' lang='lat' dir='ltr'>salutem</span> 
     </span>
     <span class='ocr_line' id='line_1_15' title="bbox 186 1016 1145 1063; baseline -0.002 -4"><span class='ocrx_word' id='word_1_92' title='bbox 186 1017 411 1062; x_wconf 89' lang='lat' dir='ltr'>animarum</span> <span class='ocrx_word' id='word_1_93' title='bbox 442 1019 639 1063; x_wconf 65' lang='lat' dir='ltr'>dietarum</span> <span class='ocrx_word' id='word_1_94' title='bbox 669 1017 911 1062; x_wconf 87' lang='lat' dir='ltr'>Monialium</span> <span class='ocrx_word' id='word_1_95' title='bbox 953 1016 1145 1059; x_wconf 86' lang='lat' dir='ltr'>Novitia-</span> 
     </span>
     <span class='ocr_line' id='line_1_16' title="bbox 186 1074 1146 1130; baseline -0.002 -11"><span class='ocrx_word' id='word_1_96' title='bbox 186 1090 278 1119; x_wconf 83' lang='lat' dir='ltr'>rum</span> <span class='ocrx_word' id='word_1_97' title='bbox 300 1106 315 1130; x_wconf 89' lang='lat'>,</span> <span class='ocrx_word' id='word_1_98' title='bbox 346 1078 398 1120; x_wconf 88' lang='lat' dir='ltr'>fic</span> <span class='ocrx_word' id='word_1_99' title='bbox 415 1088 507 1122; x_wconf 89' lang='lat' dir='ltr'>ante</span> <span class='ocrx_word' id='word_1_100' title='bbox 534 1075 785 1122; x_wconf 81' lang='lat' dir='ltr'>Professionis</span> <span class='ocrx_word' id='word_1_101' title='bbox 804 1074 1047 1119; x_wconf 78' lang='lat' dir='ltr'>emiss&#39;ionem</span> <span class='ocrx_word' id='word_1_102' title='bbox 1061 1101 1077 1124; x_wconf 83' lang='lat'>,</span> <span class='ocrx_word' id='word_1_103' title='bbox 1106 1075 1146 1117; x_wconf 76' lang='grc' dir='ltr'>δι</span> 
     </span>
     <span class='ocr_line' id='line_1_17' title="bbox 185 1133 1142 1193; baseline -0.001 -16"><span class='ocrx_word' id='word_1_104' title='bbox 185 1133 361 1178; x_wconf 86' lang='lat' dir='ltr'>durante</span> <span class='ocrx_word' id='word_1_105' title='bbox 375 1147 559 1192; x_wconf 90' lang='lat' dir='ltr'>tempore</span> <span class='ocrx_word' id='word_1_106' title='bbox 572 1136 822 1193; x_wconf 87' lang='lat' dir='ltr'>probationis</span> <span class='ocrx_word' id='word_1_107' title='bbox 838 1134 1057 1178; x_wconf 88' lang='lat' dir='ltr'>earundem</span> <span class='ocrx_word' id='word_1_108' title='bbox 1072 1134 1142 1176; x_wconf 92' lang='lat' dir='ltr'>de-</span> 
     </span>
     <span class='ocr_line' id='line_1_18' title="bbox 184 1192 1144 1247; baseline -0.001 -12"><span class='ocrx_word' id='word_1_109' title='bbox 184 1193 422 1237; x_wconf 88' lang='lat' dir='ltr'>cedentium</span> <span class='ocrx_word' id='word_1_110' title='bbox 436 1222 450 1245; x_wconf 92' lang='lat'>,</span> <span class='ocrx_word' id='word_1_111' title='bbox 464 1193 617 1237; x_wconf 88' lang='lat' dir='ltr'>fincero</span> <span class='ocrx_word' id='word_1_112' title='bbox 631 1193 900 1237; x_wconf 76' lang='lat' dir='ltr'>desideramus</span> <span class='ocrx_word' id='word_1_113' title='bbox 913 1192 1068 1243; x_wconf 62' lang='lat' dir='ltr'>affeetu,</span> <span class='ocrx_word' id='word_1_114' title='bbox 1082 1192 1144 1247; x_wconf 88' lang='lat' dir='ltr'>ip-</span> 
     </span>
     <span class='ocr_line' id='line_1_19' title="bbox 181 1247 1143 1307; baseline -0.002 -15"><span class='ocrx_word' id='word_1_115' title='bbox 181 1247 316 1307; x_wconf 62' lang='lat' dir='ltr'>sasilue</span> <span class='ocrx_word' id='word_1_116' title='bbox 339 1251 543 1294; x_wconf 86' lang='lat' dir='ltr'>Moniales</span> <span class='ocrx_word' id='word_1_117' title='bbox 559 1251 746 1294; x_wconf 89' lang='lat' dir='ltr'>Novitias</span> <span class='ocrx_word' id='word_1_118' title='bbox 762 1279 776 1302; x_wconf 93' lang='lat'>,</span> <span class='ocrx_word' id='word_1_119' title='bbox 799 1253 838 1293; x_wconf 87' lang='lat'>&amp;</span> <span class='ocrx_word' id='word_1_120' title='bbox 864 1264 1004 1293; x_wconf 89' lang='lat' dir='ltr'>earum</span> <span class='ocrx_word' id='word_1_121' title='bbox 1019 1250 1044 1292; x_wconf 82' lang='lat' dir='ltr'>fi</span> <span class='ocrx_word' id='word_1_122' title='bbox 1104 1263 1143 1290; x_wconf 86' lang='lat' dir='ltr'>u·</span> 
     </span>
     <span class='ocr_line' id='line_1_20' title="bbox 181 1306 1146 1367; baseline -0.004 -15"><span class='ocrx_word' id='word_1_123' title='bbox 181 1307 267 1361; x_wconf 89' lang='lat' dir='ltr'>las,</span> <span class='ocrx_word' id='word_1_124' title='bbox 297 1310 321 1353; x_wconf 75' lang='lat' dir='ltr'>a</span> <span class='ocrx_word' id='word_1_125' title='bbox 346 1310 549 1367; x_wconf 84' lang='lat' dir='ltr'>quibusvis</span> <span class='ocrx_word' id='word_1_126' title='bbox 580 1309 1039 1359; x_wconf 81' lang='lat' dir='ltr'>excommunicationis,</span> <span class='ocrx_word' id='word_1_127' title='bbox 1084 1306 1146 1348; x_wconf 90' lang='lat' dir='ltr'>us-</span> 
     </span>
     <span class='ocr_line' id='line_1_21' title="bbox 185 1364 1143 1424; baseline -0.005 -13"><span class='ocrx_word' id='word_1_128' title='bbox 185 1366 383 1424; x_wconf 85' lang='lat' dir='ltr'>penfionis</span> <span class='ocrx_word' id='word_1_129' title='bbox 400 1369 478 1411; x_wconf 86' lang='lat' dir='ltr'>&amp;c.</span> <span class='ocrx_word' id='word_1_130' title='bbox 492 1366 746 1412; x_wconf 84' lang='lat' dir='ltr'>absolventes</span> <span class='ocrx_word' id='word_1_131' title='bbox 759 1392 773 1416; x_wconf 80' lang='lat'>,</span> <span class='ocrx_word' id='word_1_132' title='bbox 788 1368 827 1410; x_wconf 72' lang='grc' dir='ltr'>δι</span> <span class='ocrx_word' id='word_1_133' title='bbox 842 1366 1040 1410; x_wconf 86' lang='lat' dir='ltr'>absolutas</span> <span class='ocrx_word' id='word_1_134' title='bbox 1054 1364 1143 1408; x_wconf 90' lang='lat' dir='ltr'>sore</span> 
     </span>
     <span class='ocr_line' id='line_1_22' title="bbox 185 1420 1143 1484; baseline -0.001 -17"><span class='ocrx_word' id='word_1_135' title='bbox 185 1420 419 1477; x_wconf 75' lang='lat' dir='ltr'>censentes,</span> <span class='ocrx_word' id='word_1_136' title='bbox 445 1425 672 1484; x_wconf 85' lang='lat' dir='ltr'>hujusmodi</span> <span class='ocrx_word' id='word_1_137' title='bbox 701 1425 1057 1483; x_wconf 80' lang='lat' dir='ltr'>supplicationibus</span> <span class='ocrx_word' id='word_1_138' title='bbox 1079 1424 1143 1467; x_wconf 91' lang='lat' dir='ltr'>in-</span> 
     </span>
     <span class='ocr_line' id='line_1_23' title="bbox 183 1484 1141 1540; baseline -0.003 -12"><span class='ocrx_word' id='word_1_139' title='bbox 183 1485 351 1540; x_wconf 87' lang='lat' dir='ltr'>clinati,</span> <span class='ocrx_word' id='word_1_140' title='bbox 364 1484 510 1531; x_wconf 89' lang='lat' dir='ltr'>eisdem</span> <span class='ocrx_word' id='word_1_141' title='bbox 531 1485 780 1530; x_wconf 86' lang='lat' dir='ltr'>Monialibus</span> <span class='ocrx_word' id='word_1_142' title='bbox 797 1484 976 1529; x_wconf 87' lang='lat' dir='ltr'>Novitiis</span> <span class='ocrx_word' id='word_1_143' title='bbox 989 1510 1004 1533; x_wconf 86' lang='lat'>,</span> <span class='ocrx_word' id='word_1_144' title='bbox 1021 1497 1141 1532; x_wconf 89' lang='lat' dir='ltr'>nunc,</span> 
     </span>
     <span class='ocr_line' id='line_1_24' title="bbox 185 1543 1142 1601; baseline -0.003 -15"><span class='ocrx_word' id='word_1_145' title='bbox 185 1545 225 1586; x_wconf 77' lang='grc' dir='ltr'>δι</span> <span class='ocrx_word' id='word_1_146' title='bbox 251 1559 324 1601; x_wconf 91' lang='lat' dir='ltr'>pro</span> <span class='ocrx_word' id='word_1_147' title='bbox 345 1555 529 1601; x_wconf 89' lang='lat' dir='ltr'>tempore</span> <span class='ocrx_word' id='word_1_148' title='bbox 553 1544 839 1597; x_wconf 83' lang='lat' dir='ltr'>existentibus,</span> <span class='ocrx_word' id='word_1_149' title='bbox 859 1546 899 1587; x_wconf 78' lang='grc' dir='ltr'>δι</span> <span class='ocrx_word' id='word_1_150' title='bbox 919 1556 1056 1590; x_wconf 87' lang='lat' dir='ltr'>earum</span> <span class='ocrx_word' id='word_1_151' title='bbox 1070 1543 1142 1584; x_wconf 81' lang='lat' dir='ltr'>sm·</span> 
     </span>
     <span class='ocr_line' id='line_1_25' title="bbox 185 1601 1143 1660; baseline 0 -17"><span class='ocrx_word' id='word_1_152' title='bbox 185 1602 288 1658; x_wconf 87' lang='lat' dir='ltr'>gulis</span> <span class='ocrx_word' id='word_1_153' title='bbox 307 1632 321 1655; x_wconf 93' lang='lat'>,</span> <span class='ocrx_word' id='word_1_154' title='bbox 353 1613 399 1647; x_wconf 91' lang='lat' dir='ltr'>ut</span> <span class='ocrx_word' id='word_1_155' title='bbox 415 1604 578 1660; x_wconf 89' lang='lat' dir='ltr'>quando</span> <span class='ocrx_word' id='word_1_156' title='bbox 591 1631 607 1656; x_wconf 92' lang='lat'>,</span> <span class='ocrx_word' id='word_1_157' title='bbox 636 1605 677 1645; x_wconf 72' lang='grc' dir='ltr'>δε</span> <span class='ocrx_word' id='word_1_158' title='bbox 689 1603 846 1659; x_wconf 83' lang='lat' dir='ltr'>quoties</span> <span class='ocrx_word' id='word_1_159' title='bbox 868 1603 1001 1659; x_wconf 86' lang='lat' dir='ltr'>aliqua</span> <span class='ocrx_word' id='word_1_160' title='bbox 1018 1615 1069 1645; x_wconf 84' lang='lat' dir='ltr'>ex</span> <span class='ocrx_word' id='word_1_161' title='bbox 1084 1601 1143 1644; x_wconf 89' lang='lat' dir='ltr'>eis</span> 
     </span>
     <span class='ocr_line' id='line_1_26' title="bbox 181 1660 1141 1719; baseline -0.003 -14"><span class='ocrx_word' id='word_1_162' title='bbox 181 1662 365 1705; x_wconf 86' lang='lat' dir='ltr'>nondum</span> <span class='ocrx_word' id='word_1_163' title='bbox 389 1662 556 1718; x_wconf 68' lang='lat' dir='ltr'>professa</span> <span class='ocrx_word' id='word_1_164' title='bbox 570 1690 584 1713; x_wconf 92' lang='lat'>‚</span> <span class='ocrx_word' id='word_1_165' title='bbox 600 1661 652 1705; x_wconf 89' lang='lat' dir='ltr'>de</span> <span class='ocrx_word' id='word_1_166' title='bbox 673 1661 847 1719; x_wconf 83' lang='lat' dir='ltr'>aiicujus</span> <span class='ocrx_word' id='word_1_167' title='bbox 872 1660 1026 1706; x_wconf 88' lang='lat' dir='ltr'>Medici</span> <span class='ocrx_word' id='word_1_168' title='bbox 1040 1674 1141 1703; x_wconf 89' lang='lat' dir='ltr'>con-</span> 
     </span>
     <span class='ocr_line' id='line_1_27' title="bbox 181 1718 1137 1776; baseline -0.002 -14"><span class='ocrx_word' id='word_1_169' title='bbox 181 1718 271 1762; x_wconf 82' lang='lat' dir='ltr'>filio</span> <span class='ocrx_word' id='word_1_170' title='bbox 293 1722 342 1762; x_wconf 90' lang='lat' dir='ltr'>ab</span> <span class='ocrx_word' id='word_1_171' title='bbox 358 1722 437 1764; x_wconf 88' lang='lat' dir='ltr'>hoc</span> <span class='ocrx_word' id='word_1_172' title='bbox 455 1719 599 1763; x_wconf 84' lang='lat' dir='ltr'>saeculo</span> <span class='ocrx_word' id='word_1_173' title='bbox 622 1719 837 1764; x_wconf 84' lang='lat' dir='ltr'>tranlitura</span> <span class='ocrx_word' id='word_1_174' title='bbox 862 1718 1137 1776; x_wconf 86' lang='lat' dir='ltr'>conspicitur,</span> 
     </span>
     <span class='ocr_line' id='line_1_28' title="bbox 184 1774 1139 1835; baseline -0.003 -13"><span class='ocrx_word' id='word_1_175' title='bbox 184 1776 266 1832; x_wconf 84' lang='lat' dir='ltr'>ipsa</span> <span class='ocrx_word' id='word_1_176' title='bbox 281 1791 359 1834; x_wconf 91' lang='lat' dir='ltr'>pro</span> <span class='ocrx_word' id='word_1_177' title='bbox 380 1779 662 1824; x_wconf 74' lang='lat' dir='ltr'>consolatione</span> <span class='ocrx_word' id='word_1_178' title='bbox 677 1780 816 1822; x_wconf 70' lang='lat' dir='ltr'>anima</span> <span class='ocrx_word' id='word_1_179' title='bbox 835 1778 908 1821; x_wconf 87' lang='lat' dir='ltr'>suae</span> <span class='ocrx_word' id='word_1_180' title='bbox 935 1774 1139 1835; x_wconf 75' lang='lat' dir='ltr'>professio.</span> 
     </span>
     <span class='ocr_line' id='line_1_29' title="bbox 183 1836 1144 1896; baseline -0.002 -16"><span class='ocrx_word' id='word_1_181' title='bbox 183 1848 281 1880; x_wconf 83' lang='lat' dir='ltr'>nem</span> <span class='ocrx_word' id='word_1_182' title='bbox 307 1836 531 1893; x_wconf 64' lang='lat' dir='ltr'>praedidtam</span> <span class='ocrx_word' id='word_1_183' title='bbox 559 1848 652 1883; x_wconf 82' lang='lat' dir='ltr'>ante</span> <span class='ocrx_word' id='word_1_184' title='bbox 680 1849 838 1895; x_wconf 89' lang='lat' dir='ltr'>tempus</span> <span class='ocrx_word' id='word_1_185' title='bbox 879 1836 1112 1896; x_wconf 85' lang='lat' dir='ltr'>requilitum</span> <span class='ocrx_word' id='word_1_186' title='bbox 1130 1865 1144 1888; x_wconf 89' lang='lat'>‚</span> 
     </span>
     <span class='ocr_line' id='line_1_30' title="bbox 185 1896 1141 1952; baseline 0.001 -16"><span class='ocrx_word' id='word_1_187' title='bbox 185 1903 389 1951; x_wconf 85' lang='lat' dir='ltr'>quatenus</span> <span class='ocrx_word' id='word_1_188' title='bbox 417 1903 551 1939; x_wconf 88' lang='lat' dir='ltr'>tamen</span> <span class='ocrx_word' id='word_1_189' title='bbox 565 1897 604 1938; x_wconf 91' lang='lat' dir='ltr'>in</span> <span class='ocrx_word' id='word_1_190' title='bbox 618 1906 736 1940; x_wconf 66' lang='lat' dir='ltr'>etate</span> <span class='ocrx_word' id='word_1_191' title='bbox 753 1896 933 1952; x_wconf 84' lang='lat' dir='ltr'>legitima</span> <span class='ocrx_word' id='word_1_192' title='bbox 949 1897 1141 1939; x_wconf 86' lang='lat' dir='ltr'>constitu-</span> 
     </span>
     <span class='ocr_line' id='line_1_31' title="bbox 188 1953 1144 2004; baseline -0.001 -8"><span class='ocrx_word' id='word_1_193' title='bbox 188 1959 234 1996; x_wconf 85' lang='lat' dir='ltr'>&#39;ta</span> <span class='ocrx_word' id='word_1_194' title='bbox 245 1954 290 1995; x_wconf 83' lang='lat' dir='ltr'>fit</span> <span class='ocrx_word' id='word_1_195' title='bbox 302 1981 316 2004; x_wconf 81' lang='lat'>,</span> <span class='ocrx_word' id='word_1_196' title='bbox 327 1953 377 1996; x_wconf 86' lang='lat' dir='ltr'>ad</span> <span class='ocrx_word' id='word_1_197' title='bbox 394 1953 503 1996; x_wconf 89' lang='lat' dir='ltr'>illam</span> <span class='ocrx_word' id='word_1_198' title='bbox 529 1954 795 1998; x_wconf 84' lang='lat' dir='ltr'>emittendam</span> <span class='ocrx_word' id='word_1_199' title='bbox 811 1956 851 1998; x_wconf 92' lang='lat' dir='ltr'>in</span> <span class='ocrx_word' id='word_1_200' title='bbox 865 1955 1048 1997; x_wconf 82' lang='lat' dir='ltr'>manibus</span> <span class='ocrx_word' id='word_1_201' title='bbox 1064 1954 1144 1996; x_wconf 74' lang='lat' dir='ltr'>Ab·</span> 
     </span>
     <span class='ocr_line' id='line_1_32' title="bbox 185 2009 1145 2064; baseline -0.004 -8"><span class='ocrx_word' id='word_1_202' title='bbox 185 2009 360 2064; x_wconf 75' lang='lat' dir='ltr'>bariffae,</span> <span class='ocrx_word' id='word_1_203' title='bbox 395 2014 457 2056; x_wconf 74' lang='lat' dir='ltr'>stu</span> <span class='ocrx_word' id='word_1_204' title='bbox 484 2011 704 2064; x_wconf 77' lang='lat' dir='ltr'>Prioriffae,</span> <span class='ocrx_word' id='word_1_205' title='bbox 735 2011 799 2054; x_wconf 90' lang='lat' dir='ltr'>vel</span> <span class='ocrx_word' id='word_1_206' title='bbox 825 2011 994 2054; x_wconf 88' lang='lat' dir='ltr'>alterius</span> <span class='ocrx_word' id='word_1_207' title='bbox 1023 2016 1145 2063; x_wconf 86' lang='lat' dir='ltr'>Supe-</span> 
     </span>
     <span class='ocr_line' id='line_1_33' title="bbox 188 2066 1146 2128; baseline -0.003 -15"><span class='ocrx_word' id='word_1_208' title='bbox 188 2071 308 2114; x_wconf 87' lang='lat' dir='ltr'>rioris</span> <span class='ocrx_word' id='word_1_209' title='bbox 335 2071 595 2115; x_wconf 84' lang='lat' dir='ltr'>Novitiarum</span> <span class='ocrx_word' id='word_1_210' title='bbox 622 2070 740 2128; x_wconf 85' lang='lat' dir='ltr'>ipfius</span> <span class='ocrx_word' id='word_1_211' title='bbox 777 2068 1010 2115; x_wconf 82' lang='lat' dir='ltr'>Monasterii</span> <span class='ocrx_word' id='word_1_212' title='bbox 1035 2095 1049 2119; x_wconf 96' lang='lat'>,</span> <span class='ocrx_word' id='word_1_213' title='bbox 1080 2066 1146 2110; x_wconf 91' lang='lat' dir='ltr'>seu</span> 
     </span>
     <span class='ocr_line' id='line_1_34' title="bbox 186 2127 1145 2186; baseline -0.005 -13"><span class='ocrx_word' id='word_1_214' title='bbox 186 2127 344 2173; x_wconf 70' lang='lat' dir='ltr'>Domus</span> <span class='ocrx_word' id='word_1_215' title='bbox 355 2158 371 2181; x_wconf 90' lang='lat'>,</span> <span class='ocrx_word' id='word_1_216' title='bbox 386 2130 439 2173; x_wconf 86' lang='lat' dir='ltr'>ita</span> <span class='ocrx_word' id='word_1_217' title='bbox 455 2137 608 2180; x_wconf 87' lang='lat' dir='ltr'>tamen,</span> <span class='ocrx_word' id='word_1_218' title='bbox 622 2130 731 2186; x_wconf 88' lang='lat' dir='ltr'>quod</span> <span class='ocrx_word' id='word_1_219' title='bbox 747 2129 834 2184; x_wconf 80' lang='lat' dir='ltr'>ipsa:</span> <span class='ocrx_word' id='word_1_220' title='bbox 849 2127 1045 2171; x_wconf 85' lang='lat' dir='ltr'>Moniales</span> <span class='ocrx_word' id='word_1_221' title='bbox 1058 2129 1145 2169; x_wconf 87' lang='lat' dir='ltr'>No-</span> 
     </span>
     <span class='ocr_line' id='line_1_35' title="bbox 186 2185 1144 2240; baseline -0.006 -11"><span class='ocrx_word' id='word_1_222' title='bbox 186 2187 295 2229; x_wconf 80' lang='lat' dir='ltr'>vitioe</span> <span class='ocrx_word' id='word_1_223' title='bbox 309 2186 361 2228; x_wconf 83' lang='lat' dir='ltr'>fic</span> <span class='ocrx_word' id='word_1_224' title='bbox 375 2186 617 2229; x_wconf 76' lang='lat' dir='ltr'>decedentes</span> <span class='ocrx_word' id='word_1_225' title='bbox 632 2215 646 2237; x_wconf 91' lang='lat'>,</span> <span class='ocrx_word' id='word_1_226' title='bbox 678 2186 976 2240; x_wconf 77' lang='lat' dir='ltr'>indulgentiam</span> <span class='ocrx_word' id='word_1_227' title='bbox 989 2187 1030 2225; x_wconf 76' lang='grc' dir='ltr'>δι</span> <span class='ocrx_word' id='word_1_228' title='bbox 1051 2185 1144 2225; x_wconf 90' lang='lat' dir='ltr'>alias</span> 
     </span>
     <span class='ocr_line' id='line_1_36' title="bbox 182 2240 1142 2300; baseline -0.002 -14"><span class='ocrx_word' id='word_1_229' title='bbox 182 2246 333 2300; x_wconf 76' lang='lat' dir='ltr'>gratias</span> <span class='ocrx_word' id='word_1_230' title='bbox 361 2268 375 2292; x_wconf 87' lang='lat'>,</span> <span class='ocrx_word' id='word_1_231' title='bbox 402 2257 498 2300; x_wconf 81' lang='lat' dir='ltr'>quas</span> <span class='ocrx_word' id='word_1_232' title='bbox 523 2243 724 2286; x_wconf 84' lang='lat' dir='ltr'>Moniales</span> <span class='ocrx_word' id='word_1_233' title='bbox 753 2243 855 2286; x_wconf 73' lang='lat' dir='ltr'>vere</span> <span class='ocrx_word' id='word_1_234' title='bbox 885 2240 1061 2299; x_wconf 77' lang='lat' dir='ltr'>proseffae</span> <span class='ocrx_word' id='word_1_235' title='bbox 1074 2241 1142 2284; x_wconf 86' lang='lat' dir='ltr'>de-</span> 
     </span>
     <span class='ocr_line' id='line_1_37' title="bbox 180 2300 1140 2359; baseline -0.003 -13"><span class='ocrx_word' id='word_1_236' title='bbox 180 2301 373 2346; x_wconf 75' lang='lat' dir='ltr'>cedentes</span> <span class='ocrx_word' id='word_1_237' title='bbox 400 2300 729 2358; x_wconf 82' lang='lat' dir='ltr'>consequuntur,</span> <span class='ocrx_word' id='word_1_238' title='bbox 755 2301 941 2359; x_wconf 87' lang='lat' dir='ltr'>consequi</span> <span class='ocrx_word' id='word_1_239' title='bbox 966 2300 1140 2357; x_wconf 83' lang='lat' dir='ltr'>poffint,</span> 
     </span>
     <span class='ocr_line' id='line_1_38' title="bbox 182 2360 1142 2412; baseline -0.001 -7"><span class='ocrx_word' id='word_1_240' title='bbox 182 2360 374 2405; x_wconf 80' lang='lat' dir='ltr'>emittere</span> <span class='ocrx_word' id='word_1_241' title='bbox 387 2361 428 2404; x_wconf 80' lang='lat' dir='ltr'>in</span> <span class='ocrx_word' id='word_1_242' title='bbox 443 2360 619 2404; x_wconf 88' lang='lat' dir='ltr'>articulo</span> <span class='ocrx_word' id='word_1_243' title='bbox 635 2360 776 2403; x_wconf 88' lang='lat' dir='ltr'>mortis</span> <span class='ocrx_word' id='word_1_244' title='bbox 791 2389 806 2412; x_wconf 87' lang='lat'>,</span> <span class='ocrx_word' id='word_1_245' title='bbox 825 2360 956 2405; x_wconf 67' lang='lat' dir='ltr'>libere</span> <span class='ocrx_word' id='word_1_246' title='bbox 975 2361 1016 2402; x_wconf 77' lang='grc' dir='ltr'>δι</span> <span class='ocrx_word' id='word_1_247' title='bbox 1029 2360 1142 2404; x_wconf 71' lang='lat' dir='ltr'>licite</span> 
     </span>
     <span class='ocr_line' id='line_1_39' title="bbox 182 2418 1142 2476; baseline -0.002 -11"><span class='ocrx_word' id='word_1_248' title='bbox 182 2419 347 2465; x_wconf 86' lang='lat' dir='ltr'>valeant</span> <span class='ocrx_word' id='word_1_249' title='bbox 373 2449 388 2473; x_wconf 83' lang='lat'>,</span> <span class='ocrx_word' id='word_1_250' title='bbox 411 2418 645 2476; x_wconf 82' lang='lat' dir='ltr'>Apostolica</span> <span class='ocrx_word' id='word_1_251' title='bbox 669 2420 912 2464; x_wconf 70' lang='lat' dir='ltr'>auctoritate</span> <span class='ocrx_word' id='word_1_252' title='bbox 926 2446 941 2469; x_wconf 82' lang='lat'>,</span> <span class='ocrx_word' id='word_1_253' title='bbox 957 2426 1142 2466; x_wconf 57' lang='lat' dir='ltr'>tenore,</span> 
     </span>
     <span class='ocr_line' id='line_1_40' title="bbox 180 2477 1142 2536; baseline 0 -14"><span class='ocrx_word' id='word_1_254' title='bbox 180 2477 431 2535; x_wconf 65' lang='lat' dir='ltr'>presentium</span> <span class='ocrx_word' id='word_1_255' title='bbox 459 2480 660 2536; x_wconf 75' lang='lat' dir='ltr'>perpetuo</span> <span class='ocrx_word' id='word_1_256' title='bbox 680 2480 943 2523; x_wconf 85' lang='lat' dir='ltr'>concedimus</span> <span class='ocrx_word' id='word_1_257' title='bbox 958 2480 996 2521; x_wconf 83' lang='lat'>&amp;</span> <span class='ocrx_word' id='word_1_258' title='bbox 1013 2479 1142 2522; x_wconf 88' lang='lat' dir='ltr'>indul-</span> 
     </span>
     <span class='ocr_line' id='line_1_41' title="bbox 182 2537 1140 2595; baseline 0 -14"><span class='ocrx_word' id='word_1_259' title='bbox 182 2537 348 2595; x_wconf 80' lang='lat' dir='ltr'>gemus:</span> <span class='ocrx_word' id='word_1_260' title='bbox 371 2550 527 2594; x_wconf 84' lang='lat' dir='ltr'>necnon</span> <span class='ocrx_word' id='word_1_261' title='bbox 557 2537 701 2581; x_wconf 77' lang='lat' dir='ltr'>eisdem</span> <span class='ocrx_word' id='word_1_262' title='bbox 730 2538 982 2582; x_wconf 87' lang='lat' dir='ltr'>Monialibus</span> <span class='ocrx_word' id='word_1_263' title='bbox 1004 2538 1140 2581; x_wconf 83' lang='lat' dir='ltr'>Novi·</span> 
     </span>
     <span class='ocr_line' id='line_1_42' title="bbox 182 2595 1137 2653; baseline 0.001 -15"><span class='ocrx_word' id='word_1_264' title='bbox 182 2596 248 2638; x_wconf 88' lang='lat' dir='ltr'>tiis</span> <span class='ocrx_word' id='word_1_265' title='bbox 272 2596 327 2639; x_wconf 88' lang='lat' dir='ltr'>ita</span> <span class='ocrx_word' id='word_1_266' title='bbox 356 2605 452 2640; x_wconf 89' lang='lat' dir='ltr'>tunc</span> <span class='ocrx_word' id='word_1_267' title='bbox 469 2595 648 2653; x_wconf 80' lang='lat' dir='ltr'>prosellis</span> <span class='ocrx_word' id='word_1_268' title='bbox 668 2597 957 2649; x_wconf 86' lang='lat' dir='ltr'>decedentibus</span> <span class='ocrx_word' id='word_1_269' title='bbox 970 2626 985 2649; x_wconf 90' lang='lat'>,</span> <span class='ocrx_word' id='word_1_270' title='bbox 999 2596 1137 2652; x_wconf 89' lang='lat' dir='ltr'>plena-</span> 
     </span>
     <span class='ocr_line' id='line_1_43' title="bbox 178 2655 1140 2713; baseline 0.001 -15"><span class='ocrx_word' id='word_1_271' title='bbox 178 2655 278 2698; x_wconf 82' lang='lat' dir='ltr'>riam</span> <span class='ocrx_word' id='word_1_272' title='bbox 305 2656 486 2699; x_wconf 88' lang='lat' dir='ltr'>0mnium</span> <span class='ocrx_word' id='word_1_273' title='bbox 519 2666 782 2713; x_wconf 87' lang='lat' dir='ltr'>peccatorum</span> <span class='ocrx_word' id='word_1_274' title='bbox 812 2656 974 2701; x_wconf 87' lang='lat' dir='ltr'>suorum</span> <span class='ocrx_word' id='word_1_275' title='bbox 999 2656 1140 2699; x_wconf 84' lang='lat' dir='ltr'>Indul-</span> 
     </span>
     <span class='ocr_line' id='line_1_44' title="bbox 178 2714 1142 2774; baseline 0.001 -16"><span class='ocrx_word' id='word_1_276' title='bbox 178 2714 414 2772; x_wconf 75' lang='lat' dir='ltr'>gentiam&amp;</span> <span class='ocrx_word' id='word_1_277' title='bbox 439 2714 707 2760; x_wconf 81' lang='lat' dir='ltr'>remiffionem</span> <span class='ocrx_word' id='word_1_278' title='bbox 732 2716 771 2759; x_wconf 85' lang='lat' dir='ltr'>in</span> <span class='ocrx_word' id='word_1_279' title='bbox 803 2715 934 2762; x_wconf 84' lang='lat' dir='ltr'>sorma</span> <span class='ocrx_word' id='word_1_280' title='bbox 958 2716 1111 2774; x_wconf 75' lang='lat' dir='ltr'>Jubilai</span> <span class='ocrx_word' id='word_1_281' title='bbox 1125 2745 1142 2769; x_wconf 90' lang='lat'>,</span> 
     </span>
    </p>
   </div>
   <div class='ocr_carea' id='block_1_6' title="bbox 904 2863 1127 2927">
    <p class='ocr_par' dir='ltr' id='par_1_6' title="bbox 904 2863 1127 2927">
     <span class='ocr_line' id='line_1_45' title="bbox 904 2863 1127 2927; baseline 0.004 -1"><span class='ocrx_word' id='word_1_282' title='bbox 904 2863 1127 2927; x_wconf 88' lang='grc' dir='ltr'>ΝΟ</span> 
     </span>
    </p>
   </div>
   <div class='ocr_carea' id='block_1_7' title="bbox 145 3004 151 3030">
    <p class='ocr_par' dir='ltr' id='par_1_7' title="bbox 145 3004 151 3030">
     <span class='ocr_line' id='line_1_46' title="bbox 145 3004 151 3030; baseline 0 0"><span class='ocrx_word' id='word_1_283' title='bbox 145 3004 151 3030; x_wconf 68' lang='lat' dir='ltr'><strong><em>s</em></strong></span> 
     </span>
    </p>
   </div>
   <div class='ocr_carea' id='block_1_8' title="bbox 1199 367 2169 2596">
    <p class='ocr_par' dir='ltr' id='par_1_8' title="bbox 1199 367 2169 2418">
     <span class='ocr_line' id='line_1_47' title="bbox 1211 367 2162 420; baseline -0.004 -8"><span class='ocrx_word' id='word_1_284' title='bbox 1211 374 1252 412; x_wconf 87' lang='lat'>&amp;</span> <span class='ocrx_word' id='word_1_285' title='bbox 1279 382 1422 412; x_wconf 92' lang='lat' dir='ltr'>tenore</span> <span class='ocrx_word' id='word_1_286' title='bbox 1447 367 1695 420; x_wconf 84' lang='lat' dir='ltr'>elargimur,</span> <span class='ocrx_word' id='word_1_287' title='bbox 1721 379 1769 407; x_wconf 84' lang='lat' dir='ltr'>ac</span> <span class='ocrx_word' id='word_1_288' title='bbox 1782 370 2162 420; x_wconf 76' lang='lat' dir='ltr'>conceffionem,jn-</span> 
     </span>
     <span class='ocr_line' id='line_1_48' title="bbox 1206 423 2158 480; baseline 0.001 -10"><span class='ocrx_word' id='word_1_289' title='bbox 1206 427 1368 470; x_wconf 89' lang='lat' dir='ltr'>dultum</span> <span class='ocrx_word' id='word_1_290' title='bbox 1392 452 1408 475; x_wconf 90' lang='lat'><strong>‚</strong></span> <span class='ocrx_word' id='word_1_291' title='bbox 1431 425 1474 464; x_wconf 81' lang='grc' dir='ltr'>δι</span> <span class='ocrx_word' id='word_1_292' title='bbox 1505 423 1788 478; x_wconf 84' lang='lat' dir='ltr'>elargitionem</span> <span class='ocrx_word' id='word_1_293' title='bbox 1810 423 2040 475; x_wconf 79' lang='lat' dir='ltr'>huiusmodi</span> <span class='ocrx_word' id='word_1_294' title='bbox 2069 457 2083 480; x_wconf 87' lang='lat'>‚</span> <span class='ocrx_word' id='word_1_295' title='bbox 2115 446 2158 473; x_wconf 88' lang='lat' dir='ltr'>ac</span> 
     </span>
     <span class='ocr_line' id='line_1_49' title="bbox 1204 480 2161 543; baseline 0.001 -16"><span class='ocrx_word' id='word_1_296' title='bbox 1204 484 1414 543; x_wconf 85' lang='lat' dir='ltr'>praesentes</span> <span class='ocrx_word' id='word_1_297' title='bbox 1444 481 1601 523; x_wconf 82' lang='lat' dir='ltr'>litteras</span> <span class='ocrx_word' id='word_1_298' title='bbox 1626 480 1696 523; x_wconf 84' lang='lat' dir='ltr'>sub</span> <span class='ocrx_word' id='word_1_299' title='bbox 1717 481 1919 535; x_wconf 86' lang='lat' dir='ltr'>quibusvis</span> <span class='ocrx_word' id='word_1_300' title='bbox 1947 484 2161 538; x_wconf 77' lang='lat' dir='ltr'>similium,</span> 
     </span>
     <span class='ocr_line' id='line_1_50' title="bbox 1205 538 2168 597; baseline 0.001 -13"><span class='ocrx_word' id='word_1_301' title='bbox 1205 543 1268 584; x_wconf 87' lang='lat' dir='ltr'>vel</span> <span class='ocrx_word' id='word_1_302' title='bbox 1306 538 1548 585; x_wconf 85' lang='lat' dir='ltr'>diffimilium</span> <span class='ocrx_word' id='word_1_303' title='bbox 1579 538 1927 595; x_wconf 86' lang='lat' dir='ltr'>indulgentiarum</span> <span class='ocrx_word' id='word_1_304' title='bbox 1952 541 1991 582; x_wconf 71' lang='grc' dir='ltr'>ὃ(</span> <span class='ocrx_word' id='word_1_305' title='bbox 2017 546 2168 597; x_wconf 88' lang='lat' dir='ltr'>gratia-</span> 
     </span>
     <span class='ocr_line' id='line_1_51' title="bbox 1202 598 2162 656; baseline 0 -13"><span class='ocrx_word' id='word_1_306' title='bbox 1202 614 1291 643; x_wconf 90' lang='lat' dir='ltr'>rum</span> <span class='ocrx_word' id='word_1_307' title='bbox 1306 598 1625 656; x_wconf 70' lang='lat' dir='ltr'>suspensionibus</span> <span class='ocrx_word' id='word_1_308' title='bbox 1639 626 1654 650; x_wconf 92' lang='lat'>,</span> <span class='ocrx_word' id='word_1_309' title='bbox 1670 598 2004 643; x_wconf 84' lang='lat' dir='ltr'>revocationibus</span> <span class='ocrx_word' id='word_1_310' title='bbox 2019 629 2033 651; x_wconf 82' lang='lat'>,</span> <span class='ocrx_word' id='word_1_311' title='bbox 2047 603 2087 642; x_wconf 77' lang='grc' dir='ltr'>δι</span> <span class='ocrx_word' id='word_1_312' title='bbox 2112 602 2162 643; x_wconf 91' lang='lat' dir='ltr'>li-</span> 
     </span>
     <span class='ocr_line' id='line_1_52' title="bbox 1206 657 2165 713; baseline -0.001 -11"><span class='ocrx_word' id='word_1_313' title='bbox 1206 659 1485 702; x_wconf 86' lang='lat' dir='ltr'>mirationibus</span> <span class='ocrx_word' id='word_1_314' title='bbox 1498 686 1512 708; x_wconf 89' lang='lat'>,</span> <span class='ocrx_word' id='word_1_315' title='bbox 1542 660 1664 701; x_wconf 88' lang='lat' dir='ltr'>etiam</span> <span class='ocrx_word' id='word_1_316' title='bbox 1694 659 1735 701; x_wconf 90' lang='lat' dir='ltr'>in</span> <span class='ocrx_word' id='word_1_317' title='bbox 1762 657 1946 701; x_wconf 87' lang='lat' dir='ltr'>favorem</span> <span class='ocrx_word' id='word_1_318' title='bbox 1973 672 2165 713; x_wconf 86' lang='lat' dir='ltr'>quorum-</span> 
     </span>
     <span class='ocr_line' id='line_1_53' title="bbox 1205 715 2164 775; baseline 0 -15"><span class='ocrx_word' id='word_1_319' title='bbox 1205 732 1363 775; x_wconf 90' lang='lat' dir='ltr'>cunque</span> <span class='ocrx_word' id='word_1_320' title='bbox 1382 715 1494 760; x_wconf 77' lang='lat' dir='ltr'>fac&#39;tis</span> <span class='ocrx_word' id='word_1_321' title='bbox 1504 747 1518 770; x_wconf 91' lang='lat'>‚</span> <span class='ocrx_word' id='word_1_322' title='bbox 1530 719 1571 759; x_wconf 86' lang='lat'>&amp;</span> <span class='ocrx_word' id='word_1_323' title='bbox 1586 716 1791 767; x_wconf 85' lang='lat' dir='ltr'>faciendis,</span> <span class='ocrx_word' id='word_1_324' title='bbox 1803 716 2038 762; x_wconf 90' lang='lat' dir='ltr'>nullatenus</span> <span class='ocrx_word' id='word_1_325' title='bbox 2051 732 2164 760; x_wconf 89' lang='lat' dir='ltr'>com-</span> 
     </span>
     <span class='ocr_line' id='line_1_54' title="bbox 1203 775 2162 834; baseline -0.001 -15"><span class='ocrx_word' id='word_1_326' title='bbox 1203 777 1443 834; x_wconf 88' lang='lat' dir='ltr'>prehensas,</span> <span class='ocrx_word' id='word_1_327' title='bbox 1468 775 1535 820; x_wconf 93' lang='lat' dir='ltr'>sed</span> <span class='ocrx_word' id='word_1_328' title='bbox 1567 777 1724 833; x_wconf 85' lang='lat' dir='ltr'>semper</span> <span class='ocrx_word' id='word_1_329' title='bbox 1753 778 1804 820; x_wconf 90' lang='lat' dir='ltr'>ab</span> <span class='ocrx_word' id='word_1_330' title='bbox 1827 775 1912 819; x_wconf 85' lang='lat' dir='ltr'>illis</span> <span class='ocrx_word' id='word_1_331' title='bbox 1936 786 2128 833; x_wconf 83' lang='lat' dir='ltr'>exceptas</span> <span class='ocrx_word' id='word_1_332' title='bbox 2147 804 2162 828; x_wconf 94' lang='lat'>,</span> 
     </span>
     <span class='ocr_line' id='line_1_55' title="bbox 1203 834 2163 893; baseline -0.002 -14"><span class='ocrx_word' id='word_1_333' title='bbox 1203 839 1244 879; x_wconf 78' lang='grc' dir='ltr'>δι</span> <span class='ocrx_word' id='word_1_334' title='bbox 1274 837 1433 892; x_wconf 87' lang='lat' dir='ltr'>quoties</span> <span class='ocrx_word' id='word_1_335' title='bbox 1457 835 1537 879; x_wconf 84' lang='lat' dir='ltr'>illae</span> <span class='ocrx_word' id='word_1_336' title='bbox 1550 838 1820 885; x_wconf 86' lang='lat' dir='ltr'>emanabunt,</span> <span class='ocrx_word' id='word_1_337' title='bbox 1844 835 1965 880; x_wconf 87' lang='lat' dir='ltr'>toties</span> <span class='ocrx_word' id='word_1_338' title='bbox 1978 836 2017 878; x_wconf 90' lang='lat' dir='ltr'>in</span> <span class='ocrx_word' id='word_1_339' title='bbox 2033 834 2163 893; x_wconf 82' lang='lat' dir='ltr'>prisii-</span> 
     </span>
     <span class='ocr_line' id='line_1_56' title="bbox 1204 894 2165 946; baseline 0 -8"><span class='ocrx_word' id='word_1_340' title='bbox 1204 909 1302 940; x_wconf 89' lang='lat' dir='ltr'>num</span> <span class='ocrx_word' id='word_1_341' title='bbox 1315 922 1329 946; x_wconf 92' lang='lat'>,</span> <span class='ocrx_word' id='word_1_342' title='bbox 1347 895 1387 936; x_wconf 71' lang='grc' dir='ltr'>δι</span> <span class='ocrx_word' id='word_1_343' title='bbox 1405 894 1686 938; x_wconf 83' lang='lat' dir='ltr'>validiffimum</span> <span class='ocrx_word' id='word_1_344' title='bbox 1702 895 1843 938; x_wconf 84' lang='lat' dir='ltr'>statum</span> <span class='ocrx_word' id='word_1_345' title='bbox 1858 895 2088 944; x_wconf 78' lang='lat' dir='ltr'>restitutas,</span> <span class='ocrx_word' id='word_1_346' title='bbox 2103 908 2165 938; x_wconf 88' lang='lat' dir='ltr'>re-</span> 
     </span>
     <span class='ocr_line' id='line_1_57' title="bbox 1205 952 2160 1013; baseline -0.001 -16"><span class='ocrx_word' id='word_1_347' title='bbox 1205 953 1351 1013; x_wconf 84' lang='lat' dir='ltr'>pofitas</span> <span class='ocrx_word' id='word_1_348' title='bbox 1360 982 1375 1006; x_wconf 88' lang='lat'>,</span> <span class='ocrx_word' id='word_1_349' title='bbox 1386 955 1424 995; x_wconf 74' lang='grc' dir='ltr'>δι</span> <span class='ocrx_word' id='word_1_350' title='bbox 1442 953 1494 996; x_wconf 93' lang='lat' dir='ltr'>de</span> <span class='ocrx_word' id='word_1_351' title='bbox 1506 966 1621 997; x_wconf 87' lang='lat' dir='ltr'>novo</span> <span class='ocrx_word' id='word_1_352' title='bbox 1633 952 1834 997; x_wconf 80' lang='lat' dir='ltr'>coneeffas</span> <span class='ocrx_word' id='word_1_353' title='bbox 1848 954 2014 998; x_wconf 81' lang='lat' dir='ltr'>existere</span> <span class='ocrx_word' id='word_1_354' title='bbox 2025 982 2039 1005; x_wconf 90' lang='lat'>,</span> <span class='ocrx_word' id='word_1_355' title='bbox 2053 953 2160 1010; x_wconf 84' lang='lat' dir='ltr'>iplis·</span> 
     </span>
     <span class='ocr_line' id='line_1_58' title="bbox 1205 1012 2159 1071; baseline -0.001 -15"><span class='ocrx_word' id='word_1_356' title='bbox 1205 1028 1282 1071; x_wconf 89' lang='lat' dir='ltr'>que</span> <span class='ocrx_word' id='word_1_357' title='bbox 1295 1012 1538 1056; x_wconf 86' lang='lat' dir='ltr'>Monialibus</span> <span class='ocrx_word' id='word_1_358' title='bbox 1552 1014 1604 1055; x_wconf 84' lang='lat' dir='ltr'>fic</span> <span class='ocrx_word' id='word_1_359' title='bbox 1617 1012 1924 1064; x_wconf 88' lang='lat' dir='ltr'>decedentibus,</span> <span class='ocrx_word' id='word_1_360' title='bbox 1939 1014 1981 1056; x_wconf 73' lang='grc' dir='ltr'>δε</span> <span class='ocrx_word' id='word_1_361' title='bbox 1996 1012 2159 1057; x_wconf 76' lang='lat' dir='ltr'>Profes-</span> 
     </span>
     <span class='ocr_line' id='line_1_59' title="bbox 1204 1071 2160 1128; baseline -0.001 -13"><span class='ocrx_word' id='word_1_362' title='bbox 1204 1076 1353 1117; x_wconf 69' lang='lat' dir='ltr'>tionem</span> <span class='ocrx_word' id='word_1_363' title='bbox 1375 1073 1655 1116; x_wconf 87' lang='lat' dir='ltr'>emittentibus</span> <span class='ocrx_word' id='word_1_364' title='bbox 1668 1103 1684 1124; x_wconf 94' lang='lat'>,</span> <span class='ocrx_word' id='word_1_365' title='bbox 1698 1071 1904 1128; x_wconf 80' lang='lat' dir='ltr'>suffragari</span> <span class='ocrx_word' id='word_1_366' title='bbox 1933 1072 2039 1128; x_wconf 83' lang='lat' dir='ltr'>poffe</span> <span class='ocrx_word' id='word_1_367' title='bbox 2058 1085 2074 1126; x_wconf 82' lang='lat'>3</span> <span class='ocrx_word' id='word_1_368' title='bbox 2090 1071 2160 1114; x_wconf 85' lang='lat' dir='ltr'>fic·</span> 
     </span>
     <span class='ocr_line' id='line_1_60' title="bbox 1204 1129 2164 1190; baseline -0.003 -15"><span class='ocrx_word' id='word_1_369' title='bbox 1204 1146 1284 1190; x_wconf 89' lang='lat' dir='ltr'>que</span> <span class='ocrx_word' id='word_1_370' title='bbox 1312 1145 1382 1189; x_wconf 89' lang='lat' dir='ltr'>per</span> <span class='ocrx_word' id='word_1_371' title='bbox 1403 1132 1665 1189; x_wconf 88' lang='lat' dir='ltr'>quoscunque</span> <span class='ocrx_word' id='word_1_372' title='bbox 1687 1132 1851 1189; x_wconf 82' lang='lat' dir='ltr'>Judices</span> <span class='ocrx_word' id='word_1_373' title='bbox 1878 1129 2164 1175; x_wconf 78' lang='lat' dir='ltr'>&amp;commiffa-</span> 
     </span>
     <span class='ocr_line' id='line_1_61' title="bbox 1204 1191 2160 1247; baseline -0.003 -13"><span class='ocrx_word' id='word_1_374' title='bbox 1204 1194 1284 1234; x_wconf 91' lang='lat' dir='ltr'>rios</span> <span class='ocrx_word' id='word_1_375' title='bbox 1299 1191 1437 1246; x_wconf 85' lang='lat' dir='ltr'>quavis</span> <span class='ocrx_word' id='word_1_376' title='bbox 1452 1192 1693 1236; x_wconf 66' lang='lat' dir='ltr'>auctoritate</span> <span class='ocrx_word' id='word_1_377' title='bbox 1707 1191 1938 1247; x_wconf 86' lang='lat' dir='ltr'>fungentes,</span> <span class='ocrx_word' id='word_1_378' title='bbox 1951 1193 1991 1233; x_wconf 75' lang='grc' dir='ltr'>δι</span> <span class='ocrx_word' id='word_1_379' title='bbox 2006 1192 2160 1234; x_wconf 78' lang='lat' dir='ltr'>s.R.E.</span> 
     </span>
     <span class='ocr_line' id='line_1_62' title="bbox 1207 1250 2166 1306; baseline -0.001 -14"><span class='ocrx_word' id='word_1_380' title='bbox 1207 1250 1518 1302; x_wconf 87' lang='lat' dir='ltr'>Cardinales,ac</span> <span class='ocrx_word' id='word_1_381' title='bbox 1535 1250 1646 1294; x_wconf 85' lang='lat' dir='ltr'>Sacri</span> <span class='ocrx_word' id='word_1_382' title='bbox 1664 1250 1808 1294; x_wconf 88' lang='lat' dir='ltr'>Palatii</span> <span class='ocrx_word' id='word_1_383' title='bbox 1825 1250 2050 1306; x_wconf 82' lang='lat' dir='ltr'>Apostolici</span> <span class='ocrx_word' id='word_1_384' title='bbox 2065 1263 2166 1292; x_wconf 87' lang='lat' dir='ltr'>cau·</span> 
     </span>
     <span class='ocr_line' id='line_1_63' title="bbox 1206 1308 2162 1361; baseline -0.003 -9"><span class='ocrx_word' id='word_1_385' title='bbox 1206 1309 1335 1352; x_wconf 90' lang='lat' dir='ltr'>sarum</span> <span class='ocrx_word' id='word_1_386' title='bbox 1365 1310 1589 1352; x_wconf 80' lang='lat' dir='ltr'>Auditores</span> <span class='ocrx_word' id='word_1_387' title='bbox 1601 1339 1616 1361; x_wconf 91' lang='lat'>,</span> <span class='ocrx_word' id='word_1_388' title='bbox 1644 1308 1796 1352; x_wconf 76' lang='lat' dir='ltr'>sublata</span> <span class='ocrx_word' id='word_1_389' title='bbox 1817 1311 1874 1351; x_wconf 88' lang='lat' dir='ltr'>eis</span> <span class='ocrx_word' id='word_1_390' title='bbox 1904 1337 1918 1360; x_wconf 92' lang='lat'>,</span> <span class='ocrx_word' id='word_1_391' title='bbox 1952 1310 1993 1350; x_wconf 90' lang='lat'>&amp;</span> <span class='ocrx_word' id='word_1_392' title='bbox 2019 1322 2162 1350; x_wconf 88' lang='lat' dir='ltr'>eorum</span> 
     </span>
     <span class='ocr_line' id='line_1_64' title="bbox 1205 1366 2162 1422; baseline -0.001 -14"><span class='ocrx_word' id='word_1_393' title='bbox 1205 1368 1370 1408; x_wconf 85' lang='lat' dir='ltr'>cuilibet</span> <span class='ocrx_word' id='word_1_394' title='bbox 1393 1368 1469 1408; x_wconf 78' lang='lat' dir='ltr'>&amp;c-</span> <span class='ocrx_word' id='word_1_395' title='bbox 1492 1368 1716 1422; x_wconf 85' lang='lat' dir='ltr'>eontigerit</span> <span class='ocrx_word' id='word_1_396' title='bbox 1744 1368 1966 1416; x_wconf 89' lang='lat' dir='ltr'>attentari,</span> <span class='ocrx_word' id='word_1_397' title='bbox 1998 1366 2162 1408; x_wconf 88' lang='lat' dir='ltr'>irritum</span> 
     </span>
     <span class='ocr_line' id='line_1_65' title="bbox 1203 1423 2160 1469; baseline -0.002 -1"><span class='ocrx_word' id='word_1_398' title='bbox 1203 1427 1239 1468; x_wconf 73' lang='grc' dir='ltr'>δι</span> <span class='ocrx_word' id='word_1_399' title='bbox 1259 1425 1375 1469; x_wconf 87' lang='lat' dir='ltr'>inane</span> <span class='ocrx_word' id='word_1_400' title='bbox 1388 1425 1658 1468; x_wconf 86' lang='lat' dir='ltr'>decernimus.</span> <span class='ocrx_word' id='word_1_401' title='bbox 1674 1428 1767 1468; x_wconf 85' lang='lat' dir='ltr'>Non</span> <span class='ocrx_word' id='word_1_402' title='bbox 1781 1423 2032 1468; x_wconf 79' lang='lat' dir='ltr'>obstantibus</span> <span class='ocrx_word' id='word_1_403' title='bbox 2047 1427 2160 1467; x_wconf 90' lang='lat' dir='ltr'>Con-</span> 
     </span>
     <span class='ocr_line' id='line_1_66' title="bbox 1203 1482 2158 1538; baseline -0.004 -10"><span class='ocrx_word' id='word_1_404' title='bbox 1203 1483 1479 1528; x_wconf 69' lang='lat' dir='ltr'>{litationibus</span> <span class='ocrx_word' id='word_1_405' title='bbox 1493 1514 1510 1536; x_wconf 89' lang='lat'>,</span> <span class='ocrx_word' id='word_1_406' title='bbox 1535 1486 1575 1527; x_wconf 74' lang='grc' dir='ltr'>δι</span> <span class='ocrx_word' id='word_1_407' title='bbox 1587 1482 1924 1527; x_wconf 85' lang='lat' dir='ltr'>Ordinationibus</span> <span class='ocrx_word' id='word_1_408' title='bbox 1946 1482 2158 1538; x_wconf 82' lang='lat' dir='ltr'>Apostoli-</span> 
     </span>
     <span class='ocr_line' id='line_1_67' title="bbox 1202 1541 2164 1593; baseline -0.002 -8"><span class='ocrx_word' id='word_1_409' title='bbox 1202 1544 1258 1586; x_wconf 92' lang='lat' dir='ltr'>cis</span> <span class='ocrx_word' id='word_1_410' title='bbox 1272 1571 1286 1593; x_wconf 94' lang='lat'>,</span> <span class='ocrx_word' id='word_1_411' title='bbox 1301 1557 1347 1585; x_wconf 88' lang='lat' dir='ltr'>ae</span> <span class='ocrx_word' id='word_1_412' title='bbox 1361 1544 1595 1587; x_wconf 77' lang='lat' dir='ltr'>Monasterii</span> <span class='ocrx_word' id='word_1_413' title='bbox 1613 1542 1680 1587; x_wconf 86' lang='lat' dir='ltr'>seu</span> <span class='ocrx_word' id='word_1_414' title='bbox 1692 1541 1843 1585; x_wconf 80' lang='lat' dir='ltr'>Domt&#39;is</span> <span class='ocrx_word' id='word_1_415' title='bbox 1858 1544 1898 1585; x_wconf 77' lang='grc' dir='ltr'>δι</span> <span class='ocrx_word' id='word_1_416' title='bbox 1911 1543 2075 1585; x_wconf 86' lang='lat' dir='ltr'>Ordinis</span> <span class='ocrx_word' id='word_1_417' title='bbox 2092 1543 2164 1583; x_wconf 85' lang='lat' dir='ltr'>hu·</span> 
     </span>
     <span class='ocr_line' id='line_1_68' title="bbox 1201 1601 2158 1658; baseline -0.001 -13"><span class='ocrx_word' id='word_1_418' title='bbox 1201 1601 1400 1658; x_wconf 85' lang='lat' dir='ltr'>jusmodi,</span> <span class='ocrx_word' id='word_1_419' title='bbox 1428 1602 1683 1658; x_wconf 82' lang='lat' dir='ltr'>juramento,</span> <span class='ocrx_word' id='word_1_420' title='bbox 1715 1601 2030 1645; x_wconf 87' lang='lat' dir='ltr'>confirmatione</span> <span class='ocrx_word' id='word_1_421' title='bbox 2047 1605 2158 1657; x_wconf 84' lang='lat' dir='ltr'>Apo-</span> 
     </span>
     <span class='ocr_line' id='line_1_69' title="bbox 1204 1660 2164 1717; baseline -0.004 -13"><span class='ocrx_word' id='word_1_422' title='bbox 1204 1661 1342 1704; x_wconf 82' lang='lat' dir='ltr'>stolica</span> <span class='ocrx_word' id='word_1_423' title='bbox 1358 1662 1438 1703; x_wconf 75' lang='grc' dir='ltr'>διε.</span> <span class='ocrx_word' id='word_1_424' title='bbox 1470 1661 1579 1713; x_wconf 86' lang='lat' dir='ltr'>illis,</span> <span class='ocrx_word' id='word_1_425' title='bbox 1603 1674 1825 1716; x_wconf 87' lang='lat' dir='ltr'>eorumque</span> <span class='ocrx_word' id='word_1_426' title='bbox 1851 1660 2131 1717; x_wconf 84' lang='lat' dir='ltr'>Superioribus</span> <span class='ocrx_word' id='word_1_427' title='bbox 2148 1689 2164 1711; x_wconf 90' lang='lat'>,</span> 
     </span>
     <span class='ocr_line' id='line_1_70' title="bbox 1199 1718 2166 1776; baseline -0.002 -13"><span class='ocrx_word' id='word_1_428' title='bbox 1199 1723 1239 1763; x_wconf 73' lang='grc' dir='ltr'>δι</span> <span class='ocrx_word' id='word_1_429' title='bbox 1266 1718 1447 1776; x_wconf 90' lang='lat' dir='ltr'>personis</span> <span class='ocrx_word' id='word_1_430' title='bbox 1461 1749 1476 1772; x_wconf 91' lang='lat'>,</span> <span class='ocrx_word' id='word_1_431' title='bbox 1490 1720 1559 1762; x_wconf 86' lang='lat' dir='ltr'>sub</span> <span class='ocrx_word' id='word_1_432' title='bbox 1586 1719 1890 1776; x_wconf 86' lang='lat' dir='ltr'>quibuscunque</span> <span class='ocrx_word' id='word_1_433' title='bbox 1904 1720 2109 1762; x_wconf 90' lang='lat' dir='ltr'>tenoribus</span> <span class='ocrx_word' id='word_1_434' title='bbox 2123 1721 2166 1761; x_wconf 86' lang='lat'>&amp;</span> 
     </span>
     <span class='ocr_line' id='line_1_71' title="bbox 1202 1777 2157 1835; baseline -0.002 -14"><span class='ocrx_word' id='word_1_435' title='bbox 1202 1778 1345 1822; x_wconf 84' lang='lat' dir='ltr'>formis</span> <span class='ocrx_word' id='word_1_436' title='bbox 1360 1807 1374 1830; x_wconf 94' lang='lat'>,</span> <span class='ocrx_word' id='word_1_437' title='bbox 1390 1793 1435 1821; x_wconf 84' lang='lat' dir='ltr'>ac</span> <span class='ocrx_word' id='word_1_438' title='bbox 1458 1793 1551 1822; x_wconf 90' lang='lat' dir='ltr'>cum</span> <span class='ocrx_word' id='word_1_439' title='bbox 1572 1778 1776 1835; x_wconf 84' lang='lat' dir='ltr'>quibusvis</span> <span class='ocrx_word' id='word_1_440' title='bbox 1793 1777 1982 1822; x_wconf 87' lang='lat' dir='ltr'>clausulis</span> <span class='ocrx_word' id='word_1_441' title='bbox 1997 1806 2011 1828; x_wconf 91' lang='lat'>,</span> <span class='ocrx_word' id='word_1_442' title='bbox 2030 1778 2157 1820; x_wconf 83' lang='lat' dir='ltr'>&amp;de-</span> 
     </span>
     <span class='ocr_line' id='line_1_72' title="bbox 1202 1834 2164 1893; baseline -0.005 -12"><span class='ocrx_word' id='word_1_443' title='bbox 1202 1839 1327 1881; x_wconf 84' lang='lat' dir='ltr'>cretis</span> <span class='ocrx_word' id='word_1_444' title='bbox 1342 1839 1380 1879; x_wconf 90' lang='lat' dir='ltr'>in</span> <span class='ocrx_word' id='word_1_445' title='bbox 1395 1838 1655 1890; x_wconf 64' lang='lat' dir='ltr'>contrarium!</span> <span class='ocrx_word' id='word_1_446' title='bbox 1668 1837 1984 1893; x_wconf 87' lang='lat' dir='ltr'>quomodolibet</span> <span class='ocrx_word' id='word_1_447' title='bbox 2000 1834 2164 1878; x_wconf 89' lang='lat' dir='ltr'>conces-</span> 
     </span>
     <span class='ocr_line' id='line_1_73' title="bbox 1203 1893 2165 1952; baseline -0.004 -13"><span class='ocrx_word' id='word_1_448' title='bbox 1203 1897 1247 1940; x_wconf 81' lang='lat' dir='ltr'>sis</span> <span class='ocrx_word' id='word_1_449' title='bbox 1259 1926 1274 1950; x_wconf 90' lang='lat'>,</span> <span class='ocrx_word' id='word_1_450' title='bbox 1291 1897 1523 1952; x_wconf 86' lang='lat' dir='ltr'>approbatis</span> <span class='ocrx_word' id='word_1_451' title='bbox 1538 1925 1551 1947; x_wconf 92' lang='lat'>,</span> <span class='ocrx_word' id='word_1_452' title='bbox 1566 1895 1819 1939; x_wconf 80' lang='lat' dir='ltr'>&amp;innovatis</span> <span class='ocrx_word' id='word_1_453' title='bbox 1834 1924 1849 1947; x_wconf 87' lang='lat'>,</span> <span class='ocrx_word' id='word_1_454' title='bbox 1872 1896 2016 1952; x_wconf 88' lang='lat' dir='ltr'>quibus</span> <span class='ocrx_word' id='word_1_455' title='bbox 2031 1893 2165 1936; x_wconf 89' lang='lat' dir='ltr'>omni-</span> 
     </span>
     <span class='ocr_line' id='line_1_74' title="bbox 1203 1953 2167 2010; baseline -0.004 -12"><span class='ocrx_word' id='word_1_456' title='bbox 1203 1958 1277 1998; x_wconf 90' lang='lat' dir='ltr'>bus</span> <span class='ocrx_word' id='word_1_457' title='bbox 1291 1957 1332 1997; x_wconf 75' lang='grc' dir='ltr'>δι</span> <span class='ocrx_word' id='word_1_458' title='bbox 1348 1954 1512 2010; x_wconf 80' lang='lat' dir='ltr'>singulis</span> <span class='ocrx_word' id='word_1_459' title='bbox 1525 1954 1687 1997; x_wconf 87' lang='lat' dir='ltr'>illorum</span> <span class='ocrx_word' id='word_1_460' title='bbox 1704 1965 1887 2004; x_wconf 88' lang='lat' dir='ltr'>tenores,</span> <span class='ocrx_word' id='word_1_461' title='bbox 1904 1969 1948 1997; x_wconf 79' lang='lat' dir='ltr'>ac</span> <span class='ocrx_word' id='word_1_462' title='bbox 1966 1954 1989 1996; x_wconf 86' lang='lat' dir='ltr'>fi</span> <span class='ocrx_word' id='word_1_463' title='bbox 2004 1953 2057 1995; x_wconf 92' lang='lat' dir='ltr'>de</span> <span class='ocrx_word' id='word_1_464' title='bbox 2075 1966 2167 1995; x_wconf 81' lang='lat' dir='ltr'>ver-</span> 
     </span>
     <span class='ocr_line' id='line_1_75' title="bbox 1205 2010 2167 2067; baseline 0.001 -13"><span class='ocrx_word' id='word_1_465' title='bbox 1205 2013 1260 2054; x_wconf 90' lang='lat' dir='ltr'>bo</span> <span class='ocrx_word' id='word_1_466' title='bbox 1282 2012 1332 2054; x_wconf 87' lang='lat' dir='ltr'>ad</span> <span class='ocrx_word' id='word_1_467' title='bbox 1350 2014 1518 2054; x_wconf 86' lang='lat' dir='ltr'>verbum</span> <span class='ocrx_word' id='word_1_468' title='bbox 1531 2037 1547 2060; x_wconf 92' lang='lat'>,</span> <span class='ocrx_word' id='word_1_469' title='bbox 1561 2013 1660 2054; x_wconf 87' lang='lat' dir='ltr'>nibil</span> <span class='ocrx_word' id='word_1_470' title='bbox 1674 2013 1836 2067; x_wconf 87' lang='lat' dir='ltr'>penitus</span> <span class='ocrx_word' id='word_1_471' title='bbox 1849 2010 2015 2063; x_wconf 81' lang='lat' dir='ltr'>omiffo,</span> <span class='ocrx_word' id='word_1_472' title='bbox 2030 2012 2071 2053; x_wconf 72' lang='lat' dir='ltr'>ar</span> <span class='ocrx_word' id='word_1_473' title='bbox 2085 2012 2167 2055; x_wconf 85' lang='lat' dir='ltr'>sor·</span> 
     </span>
     <span class='ocr_line' id='line_1_76' title="bbox 1208 2068 2167 2119; baseline -0.002 -6"><span class='ocrx_word' id='word_1_474' title='bbox 1208 2083 1270 2113; x_wconf 89' lang='lat' dir='ltr'>ma</span> <span class='ocrx_word' id='word_1_475' title='bbox 1286 2071 1324 2110; x_wconf 92' lang='lat' dir='ltr'>in</span> <span class='ocrx_word' id='word_1_476' title='bbox 1339 2068 1416 2111; x_wconf 89' lang='lat' dir='ltr'>illis</span> <span class='ocrx_word' id='word_1_477' title='bbox 1432 2068 1583 2111; x_wconf 86' lang='lat' dir='ltr'>tradita</span> <span class='ocrx_word' id='word_1_478' title='bbox 1609 2068 1823 2112; x_wconf 80' lang='lat' dir='ltr'>observata</span> <span class='ocrx_word' id='word_1_479' title='bbox 1850 2068 1987 2112; x_wconf 89' lang='lat' dir='ltr'>inserti</span> <span class='ocrx_word' id='word_1_480' title='bbox 2011 2068 2167 2119; x_wconf 80' lang='lat' dir='ltr'>forent,</span> 
     </span>
     <span class='ocr_line' id='line_1_77' title="bbox 1207 2126 2167 2184; baseline -0.002 -13"><span class='ocrx_word' id='word_1_481' title='bbox 1207 2126 1466 2184; x_wconf 82' lang='lat' dir='ltr'>praesentibus</span> <span class='ocrx_word' id='word_1_482' title='bbox 1497 2142 1573 2184; x_wconf 89' lang='lat' dir='ltr'>pro</span> <span class='ocrx_word' id='word_1_483' title='bbox 1612 2126 1855 2170; x_wconf 84' lang='lat' dir='ltr'>sufficienter</span> <span class='ocrx_word' id='word_1_484' title='bbox 1890 2126 2071 2184; x_wconf 79' lang='lat' dir='ltr'>expreffis</span> <span class='ocrx_word' id='word_1_485' title='bbox 2095 2130 2167 2169; x_wconf 88' lang='lat' dir='ltr'>ba·</span> 
     </span>
     <span class='ocr_line' id='line_1_78' title="bbox 1205 2185 2169 2242; baseline -0.004 -13"><span class='ocrx_word' id='word_1_486' title='bbox 1205 2189 1376 2234; x_wconf 86' lang='lat' dir='ltr'>bentes,</span> <span class='ocrx_word' id='word_1_487' title='bbox 1405 2186 1484 2227; x_wconf 88' lang='lat' dir='ltr'>illis</span> <span class='ocrx_word' id='word_1_488' title='bbox 1497 2187 1596 2228; x_wconf 73' lang='lat' dir='ltr'>aliis</span> <span class='ocrx_word' id='word_1_489' title='bbox 1612 2186 1652 2228; x_wconf 90' lang='lat' dir='ltr'>in</span> <span class='ocrx_word' id='word_1_490' title='bbox 1669 2186 1739 2229; x_wconf 89' lang='lat' dir='ltr'>suo</span> <span class='ocrx_word' id='word_1_491' title='bbox 1761 2186 1911 2229; x_wconf 85' lang='lat' dir='ltr'>robore</span> <span class='ocrx_word' id='word_1_492' title='bbox 1938 2185 2169 2242; x_wconf 79' lang='lat' dir='ltr'>permansu-</span> 
     </span>
     <span class='ocr_line' id='line_1_79' title="bbox 1202 2242 2164 2301; baseline 0 -15"><span class='ocrx_word' id='word_1_493' title='bbox 1202 2246 1259 2286; x_wconf 86' lang='lat' dir='ltr'>ris</span> <span class='ocrx_word' id='word_1_494' title='bbox 1274 2270 1289 2292; x_wconf 83' lang='lat'>,</span> <span class='ocrx_word' id='word_1_495' title='bbox 1303 2246 1376 2286; x_wconf 82' lang='lat' dir='ltr'>hac</span> <span class='ocrx_word' id='word_1_496' title='bbox 1391 2244 1479 2285; x_wconf 86' lang='lat' dir='ltr'>vice</span> <span class='ocrx_word' id='word_1_497' title='bbox 1497 2245 1693 2287; x_wconf 75' lang='lat' dir='ltr'>duntaxat</span> <span class='ocrx_word' id='word_1_498' title='bbox 1709 2245 1936 2299; x_wconf 82' lang='lat' dir='ltr'>specialiter</span> <span class='ocrx_word' id='word_1_499' title='bbox 1952 2248 1993 2287; x_wconf 87' lang='lat'>&amp;</span> <span class='ocrx_word' id='word_1_500' title='bbox 2007 2242 2164 2301; x_wconf 81' lang='lat' dir='ltr'>expres-</span> 
     </span>
     <span class='ocr_line' id='line_1_80' title="bbox 1200 2302 2166 2360; baseline 0 -16"><span class='ocrx_word' id='word_1_501' title='bbox 1200 2303 1241 2345; x_wconf 64' lang='lat' dir='ltr'>se</span> <span class='ocrx_word' id='word_1_502' title='bbox 1267 2302 1510 2359; x_wconf 86' lang='lat' dir='ltr'>derogamus</span> <span class='ocrx_word' id='word_1_503' title='bbox 1527 2331 1543 2356; x_wconf 90' lang='lat'>,</span> <span class='ocrx_word' id='word_1_504' title='bbox 1572 2303 1803 2360; x_wconf 68' lang='lat' dir='ltr'>caterisque</span> <span class='ocrx_word' id='word_1_505' title='bbox 1832 2304 2050 2348; x_wconf 88' lang='lat' dir='ltr'>contrariis</span> <span class='ocrx_word' id='word_1_506' title='bbox 2079 2303 2166 2360; x_wconf 88' lang='lat' dir='ltr'>qui-</span> 
     </span>
     <span class='ocr_line' id='line_1_81' title="bbox 1201 2363 1647 2418; baseline -0.007 -13"><span class='ocrx_word' id='word_1_507' title='bbox 1201 2363 1455 2418; x_wconf 85' lang='lat' dir='ltr'>buscunque.</span> <span class='ocrx_word' id='word_1_508' title='bbox 1642 2410 1647 2415; x_wconf 37' lang='grc'><em>,</em></span> 
     </span>
    </p>

    <p class='ocr_par' dir='ltr' id='par_1_9' title="bbox 1201 2420 2163 2596">
     <span class='ocr_line' id='line_1_82' title="bbox 1319 2420 2163 2476; baseline -0.001 -12"><span class='ocrx_word' id='word_1_509' title='bbox 1319 2423 1468 2464; x_wconf 79' lang='lat' dir='ltr'>Datum</span> <span class='ocrx_word' id='word_1_510' title='bbox 1491 2422 1631 2463; x_wconf 81' lang='lat' dir='ltr'>Romae</span> <span class='ocrx_word' id='word_1_511' title='bbox 1657 2420 1763 2476; x_wconf 90' lang='lat' dir='ltr'>apud</span> <span class='ocrx_word' id='word_1_512' title='bbox 1783 2424 1969 2466; x_wconf 64' lang='lat' dir='ltr'>Sanfilum</span> <span class='ocrx_word' id='word_1_513' title='bbox 1991 2423 2163 2465; x_wconf 87' lang='lat' dir='ltr'>Petrum</span> 
     </span>
     <span class='ocr_line' id='line_1_83' title="bbox 1201 2478 2161 2534; baseline 0 -12"><span class='ocrx_word' id='word_1_514' title='bbox 1201 2480 1270 2524; x_wconf 90' lang='lat' dir='ltr'>sub</span> <span class='ocrx_word' id='word_1_515' title='bbox 1301 2480 1467 2523; x_wconf 81' lang='lat' dir='ltr'>Annulo</span> <span class='ocrx_word' id='word_1_516' title='bbox 1494 2478 1705 2522; x_wconf 82' lang='lat' dir='ltr'>Piscatoris</span> <span class='ocrx_word' id='word_1_517' title='bbox 1724 2480 1794 2523; x_wconf 87' lang='lat' dir='ltr'>die</span> <span class='ocrx_word' id='word_1_518' title='bbox 1820 2496 1895 2524; x_wconf 84' lang='lat' dir='ltr'>xxi</span> <span class='ocrx_word' id='word_1_519' title='bbox 1911 2496 1977 2525; x_wconf 84' lang='lat' dir='ltr'>ri.</span> <span class='ocrx_word' id='word_1_520' title='bbox 1995 2480 2161 2534; x_wconf 78' lang='lat' dir='ltr'>Augusti</span> 
     </span>
     <span class='ocr_line' id='line_1_84' title="bbox 1201 2535 2135 2596; baseline -0.005 -12"><span class='ocrx_word' id='word_1_521' title='bbox 1201 2553 1363 2588; x_wconf 66' lang='lat' dir='ltr'>murxx.</span> <span class='ocrx_word' id='word_1_522' title='bbox 1381 2535 1648 2581; x_wconf 71' lang='lat' dir='ltr'>Pontificattis</span> <span class='ocrx_word' id='word_1_523' title='bbox 1664 2539 1785 2582; x_wconf 85' lang='lat' dir='ltr'>nollri</span> <span class='ocrx_word' id='word_1_524' title='bbox 1806 2542 1931 2583; x_wconf 86' lang='lat' dir='ltr'>Anno</span> <span class='ocrx_word' id='word_1_525' title='bbox 1945 2540 2109 2596; x_wconf 88' lang='lat' dir='ltr'>Quinto</span> <span class='ocrx_word' id='word_1_526' title='bbox 2122 2567 2135 2579; x_wconf 89' lang='lat'><strong>.</strong></span> 
     </span>
    </p>
   </div>
   <div class='ocr_carea' id='block_1_9' title="bbox 1261 2654 2164 2777">
    <p class='ocr_par' dir='ltr' id='par_1_10' title="bbox 1261 2654 2164 2777">
     <span class='ocr_line' id='line_1_85' title="bbox 1261 2654 2164 2717; baseline -0.003 -17"><span class='ocrx_word' id='word_1_527' title='bbox 1261 2654 1425 2712; x_wconf 83' lang='lat' dir='ltr'>Rodriq.</span> <span class='ocrx_word' id='word_1_528' title='bbox 1439 2658 1483 2700; x_wconf 85' lang='lat' dir='ltr'>in</span> <span class='ocrx_word' id='word_1_529' title='bbox 1495 2657 1581 2700; x_wconf 83' lang='lat' dir='ltr'>coll.</span> <span class='ocrx_word' id='word_1_530' title='bbox 1594 2655 1735 2713; x_wconf 76' lang='lat' dir='ltr'>privil.</span> <span class='ocrx_word' id='word_1_531' title='bbox 1742 2666 1941 2717; x_wconf 54' lang='lat' dir='ltr'>pagano.</span> <span class='ocrx_word' id='word_1_532' title='bbox 1956 2654 2164 2701; x_wconf 72' lang='lat' dir='ltr'>Ball-ord.</span> 
     </span>
     <span class='ocr_line' id='line_1_86' title="bbox 1321 2715 1786 2777; baseline 0 -17"><span class='ocrx_word' id='word_1_533' title='bbox 1321 2716 1446 2762; x_wconf 73' lang='lat' dir='ltr'>Pred-</span> <span class='ocrx_word' id='word_1_534' title='bbox 1457 2727 1596 2767; x_wconf 76' lang='lat' dir='ltr'>tom-5.</span> <span class='ocrx_word' id='word_1_535' title='bbox 1600 2715 1786 2777; x_wconf 73' lang='lat' dir='ltr'>fi10249.</span> 
     </span>
    </p>
   </div>
   <div class='ocr_carea' id='block_1_10' title="bbox 1219 2865 1437 2931">
    <p class='ocr_par' dir='ltr' id='par_1_11' title="bbox 1219 2865 1437 2931">
     <span class='ocr_line' id='line_1_87' title="bbox 1219 2865 1437 2931; baseline 0.014 -3"><span class='ocrx_word' id='word_1_536' title='bbox 1219 2865 1437 2931; x_wconf 89' lang='lat' dir='ltr'>TA</span> 
     </span>
    </p>
   </div>
   <div class='ocr_carea' id='block_1_11' title="bbox 181 3042 2166 3580">
    <p class='ocr_par' dir='ltr' id='par_1_12' title="bbox 181 3042 2166 3483">
     <span class='ocr_line' id='line_1_88' title="bbox 265 3042 2166 3094; baseline 0.002 -13"><span class='ocrx_word' id='word_1_537' title='bbox 265 3043 479 3090; x_wconf 79' lang='lat' dir='ltr'>Rivilegium</span> <span class='ocrx_word' id='word_1_538' title='bbox 501 3042 569 3081; x_wconf 81' lang='lat' dir='ltr'>hoc</span> <span class='ocrx_word' id='word_1_539' title='bbox 593 3051 665 3080; x_wconf 88' lang='lat' dir='ltr'>non</span> <span class='ocrx_word' id='word_1_540' title='bbox 690 3045 739 3082; x_wconf 73' lang='lat' dir='ltr'>est</span> <span class='ocrx_word' id='word_1_541' title='bbox 762 3043 811 3081; x_wconf 86' lang='lat' dir='ltr'>ita</span> <span class='ocrx_word' id='word_1_542' title='bbox 837 3047 1007 3092; x_wconf 80' lang='lat' dir='ltr'>peculiare</span> <span class='ocrx_word' id='word_1_543' title='bbox 1031 3048 1116 3086; x_wconf 82' lang='lat' dir='ltr'>RR.</span> <span class='ocrx_word' id='word_1_544' title='bbox 1140 3048 1209 3085; x_wconf 85' lang='lat' dir='ltr'>PP.</span> <span class='ocrx_word' id='word_1_545' title='bbox 1238 3049 1507 3086; x_wconf 71' lang='lat' dir='ltr'>Praedicatorum</span> <span class='ocrx_word' id='word_1_546' title='bbox 1531 3045 1680 3091; x_wconf 80' lang='lat' dir='ltr'>ordini,</span> <span class='ocrx_word' id='word_1_547' title='bbox 1703 3048 1789 3094; x_wconf 81' lang='lat' dir='ltr'>quin</span> <span class='ocrx_word' id='word_1_548' title='bbox 1811 3045 1941 3084; x_wconf 75' lang='lat' dir='ltr'>caeteris</span> <span class='ocrx_word' id='word_1_549' title='bbox 1961 3047 2166 3091; x_wconf 74' lang='lat' dir='ltr'>Ordinibus,</span> 
     </span>
     <span class='ocr_line' id='line_1_89' title="bbox 278 3091 2163 3140; baseline 0.001 -9"><span class='ocrx_word' id='word_1_550' title='bbox 278 3091 621 3131; x_wconf 78' lang='lat' dir='ltr'>communicationem</span> <span class='ocrx_word' id='word_1_551' title='bbox 635 3093 899 3139; x_wconf 84' lang='lat' dir='ltr'>privilegiorum</span> <span class='ocrx_word' id='word_1_552' title='bbox 910 3095 1084 3133; x_wconf 85' lang='lat' dir='ltr'>ordinum</span> <span class='ocrx_word' id='word_1_553' title='bbox 1099 3097 1370 3135; x_wconf 76' lang='lat' dir='ltr'>MendIcantium</span> <span class='ocrx_word' id='word_1_554' title='bbox 1383 3105 1460 3132; x_wconf 86' lang='lat' dir='ltr'>cum</span> <span class='ocrx_word' id='word_1_555' title='bbox 1476 3093 1549 3131; x_wconf 89' lang='lat' dir='ltr'>illis</span> <span class='ocrx_word' id='word_1_556' title='bbox 1562 3096 1774 3136; x_wconf 80' lang='lat' dir='ltr'>habentibus,</span> <span class='ocrx_word' id='word_1_557' title='bbox 1787 3107 1980 3140; x_wconf 87' lang='lat' dir='ltr'>commune,</span> <span class='ocrx_word' id='word_1_558' title='bbox 1997 3098 2163 3133; x_wconf 81' lang='lat' dir='ltr'>concordi</span> 
     </span>
     <span class='ocr_line' id='line_1_90' title="bbox 181 3140 2161 3194; baseline -0.001 -12"><span class='ocrx_word' id='word_1_559' title='bbox 181 3142 382 3182; x_wconf 66' lang='lat' dir='ltr'>nostorum</span> <span class='ocrx_word' id='word_1_560' title='bbox 406 3140 501 3179; x_wconf 71' lang='lat' dir='ltr'>sensti</span> <span class='ocrx_word' id='word_1_561' title='bbox 527 3150 704 3190; x_wconf 82' lang='lat' dir='ltr'>reputetur</span> <span class='ocrx_word' id='word_1_562' title='bbox 722 3141 809 3178; x_wconf 81' lang='lat' dir='ltr'>&amp;fit</span> <span class='ocrx_word' id='word_1_563' title='bbox 823 3164 834 3177; x_wconf 81' lang='grc'><strong>.</strong></span> <span class='ocrx_word' id='word_1_564' title='bbox 850 3142 1012 3180; x_wconf 77' lang='lat' dir='ltr'>Profeffio</span> <span class='ocrx_word' id='word_1_565' title='bbox 1034 3149 1150 3182; x_wconf 83' lang='lat' dir='ltr'>autem</span> <span class='ocrx_word' id='word_1_566' title='bbox 1177 3144 1374 3194; x_wconf 85' lang='lat' dir='ltr'>hujusmodi</span> <span class='ocrx_word' id='word_1_567' title='bbox 1398 3142 1511 3184; x_wconf 64' lang='lat' dir='ltr'>fasta,</span> <span class='ocrx_word' id='word_1_568' title='bbox 1525 3155 1595 3179; x_wconf 90' lang='lat' dir='ltr'>non</span> <span class='ocrx_word' id='word_1_569' title='bbox 1620 3144 1734 3181; x_wconf 80' lang='lat' dir='ltr'>solitm</span> <span class='ocrx_word' id='word_1_570' title='bbox 1760 3145 1796 3180; x_wconf 93' lang='lat' dir='ltr'>in</span> <span class='ocrx_word' id='word_1_571' title='bbox 1821 3143 1899 3179; x_wconf 88' lang='lat' dir='ltr'>soro</span> <span class='ocrx_word' id='word_1_572' title='bbox 1918 3144 2161 3189; x_wconf 63' lang='lat' dir='ltr'>conscientie,</span> 
     </span>
     <span class='ocr_line' id='line_1_91' title="bbox 181 3189 2165 3241; baseline 0 -13"><span class='ocrx_word' id='word_1_573' title='bbox 181 3190 243 3230; x_wconf 81' lang='lat' dir='ltr'>sed</span> <span class='ocrx_word' id='word_1_574' title='bbox 266 3193 373 3230; x_wconf 87' lang='lat' dir='ltr'>etiam</span> <span class='ocrx_word' id='word_1_575' title='bbox 400 3191 435 3227; x_wconf 88' lang='lat' dir='ltr'>in</span> <span class='ocrx_word' id='word_1_576' title='bbox 459 3190 534 3226; x_wconf 78' lang='lat' dir='ltr'>foro</span> <span class='ocrx_word' id='word_1_577' title='bbox 551 3189 617 3227; x_wconf 89' lang='lat' dir='ltr'>fori</span> <span class='ocrx_word' id='word_1_578' title='bbox 643 3190 760 3228; x_wconf 88' lang='lat' dir='ltr'>valida</span> <span class='ocrx_word' id='word_1_579' title='bbox 784 3190 854 3235; x_wconf 82' lang='lat' dir='ltr'>est,</span> <span class='ocrx_word' id='word_1_580' title='bbox 877 3191 913 3228; x_wconf 72' lang='grc' dir='ltr'><strong>ἃ</strong></span> <span class='ocrx_word' id='word_1_581' title='bbox 939 3192 1167 3239; x_wconf 81' lang='lat' dir='ltr'>proprietates</span> <span class='ocrx_word' id='word_1_582' title='bbox 1195 3205 1343 3237; x_wconf 86' lang='lat' dir='ltr'>ornnes,</span> <span class='ocrx_word' id='word_1_583' title='bbox 1364 3204 1441 3240; x_wconf 76' lang='lat' dir='ltr'>quae</span> <span class='ocrx_word' id='word_1_584' title='bbox 1465 3190 1583 3234; x_wconf 59' lang='lat' dir='ltr'>astum</span> <span class='ocrx_word' id='word_1_585' title='bbox 1599 3204 1687 3228; x_wconf 67' lang='lat' dir='ltr'>verz</span> <span class='ocrx_word' id='word_1_586' title='bbox 1711 3192 1923 3239; x_wconf 83' lang='lat' dir='ltr'>professionis</span> <span class='ocrx_word' id='word_1_587' title='bbox 1947 3192 2165 3241; x_wconf 85' lang='lat' dir='ltr'>consequun-</span> 
     </span>
     <span class='ocr_line' id='line_1_92' title="bbox 185 3238 2165 3289; baseline 0.001 -13"><span class='ocrx_word' id='word_1_588' title='bbox 185 3248 242 3276; x_wconf 88' lang='lat' dir='ltr'>tur</span> <span class='ocrx_word' id='word_1_589' title='bbox 254 3265 266 3282; x_wconf 91' lang='lat'><em>‚</em></span> <span class='ocrx_word' id='word_1_590' title='bbox 291 3239 487 3278; x_wconf 77' lang='lat' dir='ltr'>contrahit:</span> <span class='ocrx_word' id='word_1_591' title='bbox 506 3251 568 3276; x_wconf 85' lang='lat' dir='ltr'>nec</span> <span class='ocrx_word' id='word_1_592' title='bbox 582 3239 753 3276; x_wconf 84' lang='lat' dir='ltr'>Novitius</span> <span class='ocrx_word' id='word_1_593' title='bbox 772 3239 831 3276; x_wconf 86' lang='lat' dir='ltr'>ille</span> <span class='ocrx_word' id='word_1_594' title='bbox 843 3263 856 3284; x_wconf 90' lang='lat'>,</span> <span class='ocrx_word' id='word_1_595' title='bbox 874 3238 898 3275; x_wconf 76' lang='lat' dir='ltr'>st</span> <span class='ocrx_word' id='word_1_596' title='bbox 916 3240 1154 3286; x_wconf 84' lang='lat' dir='ltr'>convalescat,</span> <span class='ocrx_word' id='word_1_597' title='bbox 1170 3252 1298 3280; x_wconf 84' lang='lat' dir='ltr'>tenetur</span> <span class='ocrx_word' id='word_1_598' title='bbox 1310 3242 1356 3278; x_wconf 87' lang='lat' dir='ltr'>ad</span> <span class='ocrx_word' id='word_1_599' title='bbox 1377 3241 1589 3289; x_wconf 83' lang='lat' dir='ltr'>explendum</span> <span class='ocrx_word' id='word_1_600' title='bbox 1604 3242 1819 3287; x_wconf 76' lang='lat' dir='ltr'>probationis</span> <span class='ocrx_word' id='word_1_601' title='bbox 1833 3252 1958 3276; x_wconf 85' lang='lat' dir='ltr'>annum</span> <span class='ocrx_word' id='word_1_602' title='bbox 1970 3265 1984 3285; x_wconf 91' lang='lat'>,</span> <span class='ocrx_word' id='word_1_603' title='bbox 1996 3252 2059 3278; x_wconf 85' lang='lat' dir='ltr'>nec</span> <span class='ocrx_word' id='word_1_604' title='bbox 2082 3251 2165 3278; x_wconf 85' lang='lat' dir='ltr'>vota</span> 
     </span>
     <span class='ocr_line' id='line_1_93' title="bbox 185 3285 2165 3339; baseline 0.002 -14"><span class='ocrx_word' id='word_1_605' title='bbox 185 3285 305 3326; x_wconf 66' lang='lat' dir='ltr'>iurare</span> <span class='ocrx_word' id='word_1_606' title='bbox 329 3289 459 3332; x_wconf 86' lang='lat' dir='ltr'>debet,</span> <span class='ocrx_word' id='word_1_607' title='bbox 481 3287 516 3324; x_wconf 65' lang='grc' dir='ltr'>ἃ</span> <span class='ocrx_word' id='word_1_608' title='bbox 541 3286 623 3324; x_wconf 70' lang='lat' dir='ltr'>vere</span> <span class='ocrx_word' id='word_1_609' title='bbox 643 3287 847 3334; x_wconf 83' lang='lat' dir='ltr'>Religiosus</span> <span class='ocrx_word' id='word_1_610' title='bbox 871 3287 958 3327; x_wconf 76' lang='lat' dir='ltr'>erit.</span> <span class='ocrx_word' id='word_1_611' title='bbox 987 3288 1115 3326; x_wconf 83' lang='lat' dir='ltr'>etiamli</span> <span class='ocrx_word' id='word_1_612' title='bbox 1140 3293 1215 3337; x_wconf 86' lang='lat' dir='ltr'>post</span> <span class='ocrx_word' id='word_1_613' title='bbox 1245 3302 1373 3339; x_wconf 82' lang='lat' dir='ltr'>paucos</span> <span class='ocrx_word' id='word_1_614' title='bbox 1392 3290 1465 3327; x_wconf 82' lang='lat' dir='ltr'>dies</span> <span class='ocrx_word' id='word_1_615' title='bbox 1487 3290 1531 3326; x_wconf 88' lang='lat' dir='ltr'>ab</span> <span class='ocrx_word' id='word_1_616' title='bbox 1557 3290 1711 3328; x_wconf 77' lang='lat' dir='ltr'>l-labitsss</span> <span class='ocrx_word' id='word_1_617' title='bbox 1738 3289 1950 3336; x_wconf 81' lang='lat' dir='ltr'>susceptione</span> <span class='ocrx_word' id='word_1_618' title='bbox 1985 3288 2165 3336; x_wconf 83' lang='lat' dir='ltr'>profitere-</span> 
     </span>
     <span class='ocr_line' id='line_1_94' title="bbox 187 3336 2166 3388; baseline 0.002 -17"><span class='ocrx_word' id='word_1_619' title='bbox 187 3342 267 3373; x_wconf 80' lang='lat' dir='ltr'>tur.</span> <span class='ocrx_word' id='word_1_620' title='bbox 289 3337 402 3387; x_wconf 72' lang='lat' dir='ltr'>Qad</span> <span class='ocrx_word' id='word_1_621' title='bbox 429 3347 546 3374; x_wconf 85' lang='lat' dir='ltr'>tamen</span> <span class='ocrx_word' id='word_1_622' title='bbox 570 3336 837 3383; x_wconf 87' lang='lat' dir='ltr'>intelligendum</span> <span class='ocrx_word' id='word_1_623' title='bbox 876 3337 981 3374; x_wconf 88' lang='lat' dir='ltr'>velim</span> <span class='ocrx_word' id='word_1_624' title='bbox 1006 3337 1048 3375; x_wconf 92' lang='lat' dir='ltr'>de</span> <span class='ocrx_word' id='word_1_625' title='bbox 1074 3339 1238 3376; x_wconf 85' lang='lat' dir='ltr'>Noviriis</span> <span class='ocrx_word' id='word_1_626' title='bbox 1259 3340 1303 3376; x_wconf 86' lang='lat' dir='ltr'>iis</span> <span class='ocrx_word' id='word_1_627' title='bbox 1324 3362 1339 3383; x_wconf 87' lang='lat'>,</span> <span class='ocrx_word' id='word_1_628' title='bbox 1363 3338 1488 3388; x_wconf 87' lang='lat' dir='ltr'>quibus</span> <span class='ocrx_word' id='word_1_629' title='bbox 1510 3339 1667 3386; x_wconf 84' lang='lat' dir='ltr'>profeflio</span> <span class='ocrx_word' id='word_1_630' title='bbox 1689 3339 1863 3381; x_wconf 74' lang='lat' dir='ltr'>absolute,</span> <span class='ocrx_word' id='word_1_631' title='bbox 1888 3338 1948 3374; x_wconf 87' lang='lat' dir='ltr'>seu</span> <span class='ocrx_word' id='word_1_632' title='bbox 1971 3339 2064 3379; x_wconf 84' lang='lat' dir='ltr'>nulla</span> <span class='ocrx_word' id='word_1_633' title='bbox 2085 3350 2166 3378; x_wconf 82' lang='lat' dir='ltr'>eon-</span> 
     </span>
     <span class='ocr_line' id='line_1_95' title="bbox 193 3380 2164 3436; baseline 0.002 -17"><span class='ocrx_word' id='word_1_634' title='bbox 193 3380 322 3423; x_wconf 67' lang='lat' dir='ltr'>ditione</span> <span class='ocrx_word' id='word_1_635' title='bbox 344 3385 492 3423; x_wconf 68' lang='lat' dir='ltr'>adhibita</span> <span class='ocrx_word' id='word_1_636' title='bbox 506 3409 520 3430; x_wconf 91' lang='lat'><strong>‚</strong></span> <span class='ocrx_word' id='word_1_637' title='bbox 545 3385 622 3422; x_wconf 83' lang='lat' dir='ltr'>data</span> <span class='ocrx_word' id='word_1_638' title='bbox 646 3385 695 3424; x_wconf 83' lang='lat' dir='ltr'>est</span> <span class='ocrx_word' id='word_1_639' title='bbox 709 3411 720 3422; x_wconf 86' lang='lat'>.</span> <span class='ocrx_word' id='word_1_640' title='bbox 746 3387 828 3434; x_wconf 80' lang='lat' dir='ltr'>Q</span> <span class='ocrx_word' id='word_1_641' title='bbox 855 3386 898 3423; x_wconf 89' lang='lat' dir='ltr'>de</span> <span class='ocrx_word' id='word_1_642' title='bbox 919 3397 956 3422; x_wconf 94' lang='lat' dir='ltr'>re</span> <span class='ocrx_word' id='word_1_643' title='bbox 982 3386 1162 3434; x_wconf 84' lang='lat' dir='ltr'>prudenter</span> <span class='ocrx_word' id='word_1_644' title='bbox 1184 3389 1216 3425; x_wconf 84' lang='lat' dir='ltr'>se</span> <span class='ocrx_word' id='word_1_645' title='bbox 1240 3397 1360 3434; x_wconf 83' lang='lat' dir='ltr'>gerant</span> <span class='ocrx_word' id='word_1_646' title='bbox 1383 3398 1525 3433; x_wconf 83' lang='lat' dir='ltr'>oportet</span> <span class='ocrx_word' id='word_1_647' title='bbox 1554 3388 1758 3436; x_wconf 87' lang='lat' dir='ltr'>Superiores</span> <span class='ocrx_word' id='word_1_648' title='bbox 1777 3410 1790 3431; x_wconf 87' lang='lat'>,</span> <span class='ocrx_word' id='word_1_649' title='bbox 1816 3386 1853 3423; x_wconf 85' lang='lat'>&amp;</span> <span class='ocrx_word' id='word_1_650' title='bbox 1875 3386 1958 3422; x_wconf 88' lang='lat' dir='ltr'>dum</span> <span class='ocrx_word' id='word_1_651' title='bbox 1980 3386 2139 3423; x_wconf 85' lang='lat' dir='ltr'>Novitio</span> <span class='ocrx_word' id='word_1_652' title='bbox 2154 3413 2164 3428; x_wconf 89' lang='lat'>,</span> 
     </span>
     <span class='ocr_line' id='line_1_96' title="bbox 193 3432 2165 3483; baseline 0.003 -14"><span class='ocrx_word' id='word_1_653' title='bbox 193 3438 294 3478; x_wconf 78' lang='lat' dir='ltr'>quem</span> <span class='ocrx_word' id='word_1_654' title='bbox 318 3432 518 3481; x_wconf 85' lang='lat' dir='ltr'>propediem</span> <span class='ocrx_word' id='word_1_655' title='bbox 551 3434 758 3471; x_wconf 83' lang='lat' dir='ltr'>moriturum</span> <span class='ocrx_word' id='word_1_656' title='bbox 783 3435 947 3478; x_wconf 70' lang='lat' dir='ltr'>centem,</span> <span class='ocrx_word' id='word_1_657' title='bbox 973 3434 1146 3472; x_wconf 87' lang='lat' dir='ltr'>consulere</span> <span class='ocrx_word' id='word_1_658' title='bbox 1174 3437 1333 3483; x_wconf 83' lang='lat' dir='ltr'>satagunt</span> <span class='ocrx_word' id='word_1_659' title='bbox 1362 3460 1377 3481; x_wconf 90' lang='lat'>,</span> <span class='ocrx_word' id='word_1_660' title='bbox 1403 3435 1589 3480; x_wconf 81' lang='lat' dir='ltr'>Religioni</span> <span class='ocrx_word' id='word_1_661' title='bbox 1612 3434 1714 3473; x_wconf 80' lang='lat' dir='ltr'>etiam</span> <span class='ocrx_word' id='word_1_662' title='bbox 1741 3445 1778 3471; x_wconf 88' lang='lat' dir='ltr'>ut</span> <span class='ocrx_word' id='word_1_663' title='bbox 1800 3434 1984 3472; x_wconf 86' lang='lat' dir='ltr'>consulant</span> <span class='ocrx_word' id='word_1_664' title='bbox 2008 3435 2165 3475; x_wconf 60' lang='lat' dir='ltr'>necesse,</span> 
     </span>
    </p>

    <p class='ocr_par' dir='ltr' id='par_1_13' title="bbox 199 3476 2160 3580">
     <span class='ocr_line' id='line_1_97' title="bbox 199 3476 1847 3532; baseline 0.002 -16"><span class='ocrx_word' id='word_1_665' title='bbox 199 3476 269 3522; x_wconf 78' lang='lat' dir='ltr'>est,</span> <span class='ocrx_word' id='word_1_666' title='bbox 289 3491 334 3518; x_wconf 78' lang='lat' dir='ltr'>ne</span> <span class='ocrx_word' id='word_1_667' title='bbox 357 3491 558 3528; x_wconf 69' lang='lat' dir='ltr'>praematura</span> <span class='ocrx_word' id='word_1_668' title='bbox 585 3483 742 3530; x_wconf 72' lang='lat' dir='ltr'>profeffio</span> <span class='ocrx_word' id='word_1_669' title='bbox 763 3483 845 3520; x_wconf 82' lang='lat' dir='ltr'>huic</span> <span class='ocrx_word' id='word_1_670' title='bbox 864 3509 875 3525; x_wconf 92' lang='lat'>,</span> <span class='ocrx_word' id='word_1_671' title='bbox 899 3483 1054 3520; x_wconf 87' lang='lat' dir='ltr'>Novitio</span> <span class='ocrx_word' id='word_1_672' title='bbox 1077 3486 1332 3523; x_wconf 84' lang='lat' dir='ltr'>convalescente</span> <span class='ocrx_word' id='word_1_673' title='bbox 1348 3507 1362 3528; x_wconf 89' lang='lat'>,</span> <span class='ocrx_word' id='word_1_674' title='bbox 1381 3494 1502 3529; x_wconf 83' lang='lat' dir='ltr'>vergat</span> <span class='ocrx_word' id='word_1_675' title='bbox 1527 3487 1564 3519; x_wconf 81' lang='lat' dir='ltr'>in</span> <span class='ocrx_word' id='word_1_676' title='bbox 1585 3484 1818 3532; x_wconf 75' lang='lat' dir='ltr'>praejudicium</span> <span class='ocrx_word' id='word_1_677' title='bbox 1836 3508 1847 3518; x_wconf 88' lang='lat'><em>.</em></span> 
     </span>
     <span class='ocr_line' id='line_1_98' title="bbox 302 3530 2160 3580; baseline 0.003 -16"><span class='ocrx_word' id='word_1_678' title='bbox 302 3530 362 3564; x_wconf 73' lang='lat' dir='ltr'>An</span> <span class='ocrx_word' id='word_1_679' title='bbox 382 3539 496 3567; x_wconf 87' lang='lat' dir='ltr'>autem</span> <span class='ocrx_word' id='word_1_680' title='bbox 523 3531 747 3577; x_wconf 79' lang='lat' dir='ltr'>indulgentia</span> <span class='ocrx_word' id='word_1_681' title='bbox 771 3542 835 3580; x_wconf 85' lang='lat' dir='ltr'>per</span> <span class='ocrx_word' id='word_1_682' title='bbox 861 3532 1003 3568; x_wconf 87' lang='lat' dir='ltr'>modum</span> <span class='ocrx_word' id='word_1_683' title='bbox 1041 3532 1173 3579; x_wconf 77' lang='lat' dir='ltr'>lubilaei</span> <span class='ocrx_word' id='word_1_684' title='bbox 1195 3535 1216 3570; x_wconf 74' lang='lat' dir='ltr'>a</span> <span class='ocrx_word' id='word_1_685' title='bbox 1241 3533 1369 3571; x_wconf 70' lang='lat' dir='ltr'>Saneto</span> <span class='ocrx_word' id='word_1_686' title='bbox 1394 3531 1561 3569; x_wconf 82' lang='lat' dir='ltr'>Pontifice</span> <span class='ocrx_word' id='word_1_687' title='bbox 1587 3533 1747 3569; x_wconf 86' lang='lat' dir='ltr'>Novitiis</span> <span class='ocrx_word' id='word_1_688' title='bbox 1774 3531 1967 3580; x_wconf 74' lang='lat' dir='ltr'>hujusmodi</span> <span class='ocrx_word' id='word_1_689' title='bbox 1993 3533 2160 3575; x_wconf 72' lang='lat' dir='ltr'>concessa,</span> 
     </span>
    </p>
   </div>
   <div class='ocr_carea' id='block_1_12' title="bbox 53 3021 145 3140">
    <p class='ocr_par' dir='ltr' id='par_1_14' title="bbox 53 3021 145 3140">
     <span class='ocr_line' id='line_1_99' title="bbox 53 3021 145 3140; baseline 0 -113"><span class='ocrx_word' id='word_1_690' title='bbox 53 3021 145 3140; x_wconf 45' lang='lat' dir='ltr'>‚s</span> 
     </span>
    </p>
   </div>
   <div class='ocr_carea' id='block_1_13' title="bbox 198 3573 1030 3628">
    <p class='ocr_par' dir='ltr' id='par_1_15' title="bbox 198 3573 1030 3628">
     <span class='ocr_line' id='line_1_100' title="bbox 198 3573 1030 3628; baseline 0.019 -20"><span class='ocrx_word' id='word_1_691' title='bbox 198 3573 236 3610; x_wconf 84' lang='lat' dir='ltr'>in</span> <span class='ocrx_word' id='word_1_692' title='bbox 261 3577 479 3615; x_wconf 80' lang='lat' dir='ltr'>revocatione</span> <span class='ocrx_word' id='word_1_693' title='bbox 503 3578 607 3617; x_wconf 75' lang='lat' dir='ltr'>rann</span> <span class='ocrx_word' id='word_1_694' title='bbox 633 3581 682 3617; x_wconf 88' lang='lat' dir='ltr'>V.</span> <span class='ocrx_word' id='word_1_695' title='bbox 708 3604 722 3625; x_wconf 89' lang='lat'>,</span> <span class='ocrx_word' id='word_1_696' title='bbox 745 3581 789 3618; x_wconf 88' lang='lat' dir='ltr'>de</span> <span class='ocrx_word' id='word_1_697' title='bbox 814 3592 884 3628; x_wconf 83' lang='lat' dir='ltr'>qua</span> <span class='ocrx_word' id='word_1_698' title='bbox 907 3579 991 3617; x_wconf 83' lang='lat' dir='ltr'>infra</span> <span class='ocrx_word' id='word_1_699' title='bbox 1016 3604 1030 3624; x_wconf 73' lang='lat'><em>2</em></span> 
     </span>
    </p>
   </div>
   <div class='ocr_carea' id='block_1_14' title="bbox 1052 3575 2158 3630">
    <p class='ocr_par' dir='ltr' id='par_1_16' title="bbox 1052 3575 2158 3630">
     <span class='ocr_line' id='line_1_101' title="bbox 1052 3575 2158 3630; baseline -0.002 -13"><span class='ocrx_word' id='word_1_700' title='bbox 1052 3582 1356 3629; x_wconf 85' lang='lat' dir='ltr'>comprehendatur</span> <span class='ocrx_word' id='word_1_701' title='bbox 1377 3603 1392 3624; x_wconf 91' lang='lat'>‚</span> <span class='ocrx_word' id='word_1_702' title='bbox 1417 3580 1606 3627; x_wconf 81' lang='lat' dir='ltr'>disceptant</span> <span class='ocrx_word' id='word_1_703' title='bbox 1632 3582 1811 3619; x_wconf 85' lang='lat' dir='ltr'>Authores</span> <span class='ocrx_word' id='word_1_704' title='bbox 1835 3592 1848 3620; x_wconf 73' lang='lat' dir='ltr'>s</span> <span class='ocrx_word' id='word_1_705' title='bbox 1874 3593 1963 3630; x_wconf 88' lang='lat' dir='ltr'>quos</span> <span class='ocrx_word' id='word_1_706' title='bbox 1992 3582 2027 3618; x_wconf 86' lang='lat'>&amp;</span> <span class='ocrx_word' id='word_1_707' title='bbox 2053 3582 2087 3618; x_wconf 88' lang='lat' dir='ltr'>in</span> <span class='ocrx_word' id='word_1_708' title='bbox 2103 3575 2158 3617; x_wconf 80' lang='lat' dir='ltr'>sua</span> 
     </span>
    </p>
   </div>
   <div class='ocr_carea' id='block_1_15' title="bbox 195 3620 2159 3758">
    <p class='ocr_par' dir='ltr' id='par_1_17' title="bbox 195 3620 2159 3758">
     <span class='ocr_line' id='line_1_102' title="bbox 195 3620 2156 3678; baseline -0.004 -7"><span class='ocrx_word' id='word_1_709' title='bbox 195 3620 259 3657; x_wconf 64' lang='lat'>13¹⁶</span> <span class='ocrx_word' id='word_1_710' title='bbox 286 3621 508 3671; x_wconf 54' lang='lat' dir='ltr'>numium&amp;</span> <span class='ocrx_word' id='word_1_711' title='bbox 520 3639 600 3665; x_wconf 85' lang='lat' dir='ltr'>cum</span> <span class='ocrx_word' id='word_1_712' title='bbox 612 3641 656 3666; x_wconf 88' lang='lat' dir='ltr'>eo</span> <span class='ocrx_word' id='word_1_713' title='bbox 670 3653 684 3674; x_wconf 91' lang='lat'>,</span> <span class='ocrx_word' id='word_1_714' title='bbox 696 3631 791 3677; x_wconf 89' lang='lat' dir='ltr'>quod</span> <span class='ocrx_word' id='word_1_715' title='bbox 807 3641 934 3668; x_wconf 89' lang='lat' dir='ltr'>certum</span> <span class='ocrx_word' id='word_1_716' title='bbox 960 3628 1007 3665; x_wconf 85' lang='lat' dir='ltr'>est</span> <span class='ocrx_word' id='word_1_717' title='bbox 1020 3655 1030 3670; x_wconf 96' lang='lat'>,</span> <span class='ocrx_word' id='word_1_718' title='bbox 1044 3629 1128 3666; x_wconf 86' lang='lat' dir='ltr'>finio</span> <span class='ocrx_word' id='word_1_719' title='bbox 1142 3655 1152 3670; x_wconf 94' lang='lat'>,</span> <span class='ocrx_word' id='word_1_720' title='bbox 1166 3631 1286 3667; x_wconf 88' lang='lat' dir='ltr'>dicens</span> <span class='ocrx_word' id='word_1_721' title='bbox 1309 3640 1387 3666; x_wconf 89' lang='lat' dir='ltr'>cum</span> <span class='ocrx_word' id='word_1_722' title='bbox 1415 3629 1456 3664; x_wconf 83' lang='lat' dir='ltr'>P.</span> <span class='ocrx_word' id='word_1_723' title='bbox 1468 3630 1636 3666; x_wconf 86' lang='lat' dir='ltr'>&#39;reodoro</span> <span class='ocrx_word' id='word_1_724' title='bbox 1649 3629 1732 3666; x_wconf 78' lang='lat' dir='ltr'>alias</span> <span class='ocrx_word' id='word_1_725' title='bbox 1740 3628 1811 3678; x_wconf 83' lang='lat' dir='ltr'>jam</span> <span class='ocrx_word' id='word_1_726' title='bbox 1835 3631 1976 3667; x_wconf 79' lang='lat' dir='ltr'>laudato</span> <span class='ocrx_word' id='word_1_727' title='bbox 2001 3634 2035 3666; x_wconf 85' lang='lat' dir='ltr'>in</span> <span class='ocrx_word' id='word_1_728' title='bbox 2058 3627 2156 3666; x_wconf 67' lang='lat' dir='ltr'>trafi-</span> 
     </span>
     <span class='ocr_line' id='line_1_103' title="bbox 198 3668 2159 3758; baseline -0.003 -43"><span class='ocrx_word' id='word_1_729' title='bbox 198 3668 662 3758; x_wconf 53' lang='lat' dir='ltr'>D⁰gffl⁰¹3⁶ffiM0r0Ppamm</span> <span class='ocrx_word' id='word_1_730' title='bbox 685 3677 837 3727; x_wconf 65' lang='lat' dir='ltr'>solaco.</span> <span class='ocrx_word' id='word_1_731' title='bbox 856 3677 956 3717; x_wconf 60' lang='lat' dir='ltr'>cola.</span> <span class='ocrx_word' id='word_1_732' title='bbox 982 3678 1156 3715; x_wconf 86' lang='lat' dir='ltr'>Novitios</span> <span class='ocrx_word' id='word_1_733' title='bbox 1181 3679 1216 3715; x_wconf 87' lang='lat' dir='ltr'>in</span> <span class='ocrx_word' id='word_1_734' title='bbox 1242 3677 1364 3714; x_wconf 86' lang='lat' dir='ltr'>mortis</span> <span class='ocrx_word' id='word_1_735' title='bbox 1384 3677 1532 3713; x_wconf 82' lang='lat' dir='ltr'>articulo</span> <span class='ocrx_word' id='word_1_736' title='bbox 1566 3677 1748 3715; x_wconf 69' lang='lat' dir='ltr'>exilientes</span> <span class='ocrx_word' id='word_1_737' title='bbox 1776 3679 1813 3715; x_wconf 88' lang='lat'>&amp;</span> <span class='ocrx_word' id='word_1_738' title='bbox 1841 3679 2006 3726; x_wconf 82' lang='lat' dir='ltr'>prosefl&#39;os</span> <span class='ocrx_word' id='word_1_739' title='bbox 2036 3674 2159 3714; x_wconf 81' lang='lat' dir='ltr'>lucrari</span> 
     </span>
    </p>
   </div>
   <div class='ocr_carea' id='block_1_16' title="bbox 199 3717 488 3762">
    <p class='ocr_par' dir='ltr' id='par_1_18' title="bbox 199 3717 488 3762">
     <span class='ocr_line' id='line_1_104' title="bbox 199 3717 488 3762; baseline 0.014 -10"><span class='ocrx_word' id='word_1_740' title='bbox 199 3717 449 3762; x_wconf 78' lang='lat' dir='ltr'>indulgentiam</span> <span class='ocrx_word' id='word_1_741' title='bbox 471 3722 488 3756; x_wconf 71' lang='lat' dir='ltr'>a</span> 
     </span>
    </p>
   </div>
   <div class='ocr_carea' id='block_1_17' title="bbox 541 3725 2159 3773">
    <p class='ocr_par' dir='ltr' id='par_1_19' title="bbox 541 3725 2159 3773">
     <span class='ocr_line' id='line_1_105' title="bbox 541 3725 2159 3773; baseline 0.002 -14"><span class='ocrx_word' id='word_1_742' title='bbox 541 3726 625 3761; x_wconf 90' lang='lat' dir='ltr'>aulo</span> <span class='ocrx_word' id='word_1_743' title='bbox 647 3726 696 3763; x_wconf 74' lang='lat' dir='ltr'>V.</span> <span class='ocrx_word' id='word_1_744' title='bbox 723 3727 961 3773; x_wconf 84' lang='lat' dir='ltr'>Regularibus</span> <span class='ocrx_word' id='word_1_745' title='bbox 985 3726 1196 3769; x_wconf 87' lang='lat' dir='ltr'>concefl&#39;am,</span> <span class='ocrx_word' id='word_1_746' title='bbox 1219 3738 1296 3764; x_wconf 90' lang='lat' dir='ltr'>cum</span> <span class='ocrx_word' id='word_1_747' title='bbox 1314 3725 1419 3773; x_wconf 81' lang='lat' dir='ltr'>juxta</span> <span class='ocrx_word' id='word_1_748' title='bbox 1451 3737 1671 3764; x_wconf 85' lang='lat' dir='ltr'>communem</span> <span class='ocrx_word' id='word_1_749' title='bbox 1700 3726 1895 3766; x_wconf 73' lang='lat' dir='ltr'>Doftorum</span> <span class='ocrx_word' id='word_1_750' title='bbox 1920 3726 2159 3765; x_wconf 69' lang='lat' dir='ltr'>sententiam-⁸</span> 
     </span>
    </p>
   </div>
   <div class='ocr_carea' id='block_1_18' title="bbox 194 3764 1656 3822">
    <p class='ocr_par' dir='ltr' id='par_1_20' title="bbox 194 3764 1656 3822">
     <span class='ocr_line' id='line_1_106' title="bbox 194 3764 1656 3822; baseline 0.008 -20"><span class='ocrx_word' id='word_1_751' title='bbox 194 3765 228 3801; x_wconf 88' lang='lat' dir='ltr'>in</span> <span class='ocrx_word' id='word_1_752' title='bbox 258 3764 501 3804; x_wconf 83' lang='lat' dir='ltr'>favorabilibus</span> <span class='ocrx_word' id='word_1_753' title='bbox 521 3774 660 3811; x_wconf 85' lang='lat' dir='ltr'>nomine</span> <span class='ocrx_word' id='word_1_754' title='bbox 685 3775 917 3821; x_wconf 80' lang='lat' dir='ltr'>Regularium</span> <span class='ocrx_word' id='word_1_755' title='bbox 941 3777 975 3812; x_wconf 79' lang='lat'>8&lt;</span> <span class='ocrx_word' id='word_1_756' title='bbox 1003 3775 1264 3821; x_wconf 83' lang='lat' dir='ltr'>Religiosorum</span> <span class='ocrx_word' id='word_1_757' title='bbox 1291 3776 1656 3822; x_wconf 83' lang='lat' dir='ltr'>comprehendantur.</span> 
     </span>
    </p>
   </div>
   <div class='ocr_carea' id='block_1_19' title="bbox 318 3817 487 3858">
    <p class='ocr_par' dir='ltr' id='par_1_21' title="bbox 318 3817 487 3858">
     <span class='ocr_line' id='line_1_107' title="bbox 318 3817 487 3858; baseline -0.006 -2"><span class='ocrx_word' id='word_1_758' title='bbox 318 3817 417 3856; x_wconf 33' lang='lat' dir='ltr'>Tomi</span> <span class='ocrx_word' id='word_1_759' title='bbox 432 3817 487 3858; x_wconf 85' lang='lat' dir='ltr'>VI.</span> 
     </span>
    </p>
   </div>
   <div class='ocr_carea' id='block_1_20' title="bbox 1636 3821 2106 3869">
    <p class='ocr_par' dir='ltr' id='par_1_22' title="bbox 1636 3821 2106 3869">
     <span class='ocr_line' id='line_1_108' title="bbox 1636 3821 2106 3869; baseline -0.002 -1"><span class='ocrx_word' id='word_1_760' title='bbox 1636 3824 1696 3869; x_wconf 93' lang='lat' dir='ltr'>Ll</span> <span class='ocrx_word' id='word_1_761' title='bbox 1728 3837 1751 3868; x_wconf 84' lang='lat'><strong><em>2</em></strong></span> <span class='ocrx_word' id='word_1_762' title='bbox 2019 3821 2106 3861; x_wconf 83' lang='lat' dir='ltr'>Ma·-</span> 
     </span>
    </p>
   </div>
  </div>
 </body>
</html>
