2444 4192
406 169 579 279 264
993 172 1153 261 Sub
1217 172 1292 260 S·

447 329 545 370 Non
572 326 820 371 obstantibus
847 329 1044 386 praemiffis
1069 359 1084 382 ,
1120 331 1159 372 &
1196 327 1285 372 aliis

329 384 572 440 apostolicis
585 412 601 434 ,
633 400 792 430 necnon
823 388 863 430 in
895 389 1215 432 Provincialibus
1245 389 1286 428 δι

327 444 605 499 synodalibus
631 446 832 489 Conciliis
853 447 976 491 editis
998 448 1254 505 generalibus
1277 474 1291 497 ‚

324 503 399 550 ,vel
413 502 654 559 specialibus
668 504 1051 558 Constitutionibus,
1060 510 1102 550 δι
1113 505 1290 549 Ordina-

333 562 514 605 tionibus
541 560 779 615 apostolicis
791 592 808 613 ,
837 578 885 606 ac
897 566 1022 607 etiam
1036 565 1290 622 jurament0‚

322 619 632 664 confirmatione
660 619 901 675 Apostolica
913 649 929 671 ,
958 623 1023 665 vel
1058 625 1203 680 quavis
1224 621 1289 664 iir-

324 681 473 723 mitate
486 677 562 720 alia
576 677 776 720 roboratis
792 679 949 722 statutis
963 710 981 732 ,
1009 682 1051 723 δι
1072 683 1289 724 consuetu-

324 738 508 786 dinibus,
522 735 753 792 privilegiis
764 750 944 794 quoque,
962 738 1150 792 indultis,
1161 741 1202 782 δι
1217 739 1287 782 lit-

323 798 421 840 teris
437 794 697 850 Apostolicis‚
711 793 861 837 eisdem
877 797 1105 855 Episcopis,
1120 798 1184 840 vel
1200 798 1289 855 qui·

322 852 460 898 busiris
473 853 562 896 aliis
574 853 749 908 personis
760 881 776 905 ‚
802 850 872 896 sub
887 857 1193 912 quibuscunque
1223 868 1286 898 te-

322 912 487 956 noribus
509 940 526 962 ,
541 912 583 953 δι
597 910 737 957 formis
749 941 765 964 ,
777 926 825 954 ac
840 927 933 955 cum
946 913 1151 972 quibusvis
1165 914 1285 957 etiam

322 971 683 1027 derogatori-arum
693 970 967 1026 derogatoriis
981 1002 996 1024 ‚
1018 970 1183 1030 aliisque
1197 972 1284 1015 effi-

321 1029 549 1072 cacioribus
562 1057 580 1080 ,
591 1028 815 1073 &insolitis
835 1029 1024 1075 clausulis
1038 1061 1052 1084 ,
1084 1031 1279 1074 irritanti·

322 1087 473 1145 busque
486 1116 502 1140 ,
513 1090 551 1131 &
564 1088 654 1131 aliis
667 1088 843 1133 decretis
857 1117 874 1141 ,
887 1090 928 1133 in
946 1104 1099 1143 genere
1110 1118 1126 1142 ,
1152 1089 1219 1134 vel
1237 1091 1280 1132 in

320 1147 453 1203 specie
464 1176 478 1199 ‚
492 1148 616 1190 etiam
629 1151 745 1192 Motu
759 1147 874 1191 fimili
886 1177 901 1201 ‚
927 1163 972 1193 ae
989 1148 1088 1195 alias
1106 1162 1279 1206 quomo—

313 1206 476 1250 dolibet
489 1206 679 1251 conceffis
691 1234 707 1258 s
721 1207 955 1265 approbatis
969 1237 983 1260 ,
995 1209 1034 1251 ἃ
1047 1206 1276 1260 innovatis,

314 1265 459 1321 quibus
472 1267 662 1310 omnibus
677 1296 692 1319 ‚
721 1268 873 1312 etiamfi
897 1279 972 1323 pro
998 1267 1163 1312 illorum
1176 1266 1278 1310 suffi-

318 1324 444 1369 cienti
466 1324 763 1382 derogatione,
786 1326 840 1371 de
863 1325 943 1368 illis
971 1340 1195 1384 eorumque
1212 1334 1277 1369 to·

312 1383 368 1425 tis
383 1385 594 1428 tenoribus
609 1384 790 1442 specialis
807 1413 822 1437 ,
843 1383 1025 1440 specifica
1041 1413 1056 1435 ‚
1083 1383 1272 1442 expressa,

312 1441 577 1487 &individua
591 1474 605 1495 ,
635 1458 714 1487 non
732 1454 870 1488 autem
897 1457 968 1500 per
997 1444 1193 1489 clausulas
1206 1457 1280 1500 ge·

314 1501 475 1544 nerales
498 1501 605 1546 idem
618 1503 883 1558 imponantes
898 1505 1054 1546 mentio
1067 1531 1082 1554 ,
1097 1502 1165 1547 seu
1176 1515 1278 1560 quae.

312 1560 380 1602 vis
397 1560 480 1602 alia
501 1561 700 1615 expreffio
724 1560 905 1603 habenda
918 1586 932 1608 ‚
956 1571 1027 1602 aut
1036 1560 1168 1616 aliqua
1196 1560 1275 1603 alIa

314 1618 510 1672 exquisita
524 1617 655 1660 ffirm-
676 1619 727 1660 ad
746 1620 824 1661 hoc
850 1617 1044 1660 servanda
1058 1617 1167 1661 foret
1182 1648 1199 1670 ,
1212 1627 1276 1660 te—

313 1688 436 1718 nores
453 1674 700 1731 bujufinodi,
710 1690 758 1719 ac
773 1675 798 1718 fi
813 1675 866 1718 de
881 1675 1006 1718 verbo
1018 1677 1070 1720 ad
1086 1679 1274 1728 verbum,

312 1733 372 1775 nil
389 1734 549 1788 penitus
563 1732 705 1778 omilin
715 1762 732 1785 ,
742 1736 782 1778 &
795 1732 925 1779 forma
948 1734 988 1777 in
1004 1735 1087 1780 illis
1112 1736 1271 1781 tradita

309 1789 525 1837 obstruis
545 1791 682 1837 inserti
709 1792 844 1837 forent
856 1822 872 1846 ‚
906 1793 1165 1850 praesentibus
1197 1807 1275 1852 pro

306 1847 555 1895 sufficienter
575 1850 764 1908 expreffis
777 1881 794 1904 ‚
815 1853 857 1894 δι
871 1853 910 1894 in
918 1853 1034 1896 sertis
1050 1855 1247 1898 habentes
1260 1880 1276 1904 ,

308 1908 394 1951 illis
420 1908 520 1953 aliis
541 1909 583 1952 in
606 1910 681 1954 suo
704 1909 856 1955 robore
885 1912 1154 1967 permansuris
1170 1941 1184 1963 ‚
1200 1914 1275 1956 bac

307 1967 399 2010 vice
411 1967 624 2012 dumtaxat
638 1970 863 2025 specialiter
877 1999 890 2019 ‚
902 1971 944 2012 δι
957 1971 1140 2025 expresse
1152 1972 1275 2014 dero·

307 2039 471 2081 gamus3
484 2040 641 2068 necnon
653 2026 839 2069 omnibus
856 2027 957 2075 illis,
970 2041 1057 2082 quae
1067 2031 1107 2071 in
1126 2028 1274 2071 litteris

306 2083 635 2126 confirmationis
648 2109 664 2133 ‚
690 2084 732 2126 δι
748 2084 1026 2127 innovationis
1042 2086 1258 2142 privilegio

304 2155 398 2185 rum
410 2141 681 2195 eorumdem,
710 2141 811 2186 alias
825 2156 897 2199 per
920 2143 1079 2188 eosdem
1103 2147 1273 2190 Paulum

305 2200 385 2244 IV.
399 2201 441 2244 sc
460 2201 576 2245 Pium
602 2202 732 2245 etiam
748 2203 824 2245 tv.
850 2202 1163 2247 Praedeceffores
1198 2218 1269 2247 no·

302 2259 464 2303 nostros
479 2258 718 2316 predictos,
741 2258 893 2303 &dini
916 2262 1105 2305 Fratrum
1132 2264 1271 2307 Mino-

301 2330 395 2361 rum
422 2317 655 2373 hujusmodi
681 2316 965 2363 coneell'orum
989 2347 1006 2371 ,
1041 2319 1270 2366 coneelsum

305 2374 363 2419 est
377 2390 459 2421 non
475 2375 632 2420 obstare
646 2405 661 2430 ,
683 2377 901 2422 contrariis
925 2378 1264 2437 quibuscumque3

303 2435 424 2489 aut,fi
439 2436 628 2480 locorum
641 2435 953 2490 ordinariis,vel
968 2437 1170 2495 quibusvis
1185 2439 1274 2483 aliis

304 2495 581 2539 communiter
605 2494 670 2538 vel
683 2494 871 2548 divffim,
899 2496 949 2538 ab
963 2498 1198 2554 Apostoliea
1218 2497 1263 2541 fit

304 2552 411 2597 sede
425 2551 628 2596 indultum
642 2581 658 2605 ,
680 2553 788 2610 quod
801 2553 993 2599 interdici
1007 2584 1023 2608 ‚
1049 2553 1230 2615 suspendi
1246 2585 1263 2609 ,

304 2609 725 2655 velescommunicari
742 2626 823 2657 non
849 2612 993 2669 poffint
1017 2627 1087 2670 per
1100 2617 1261 2659 litteras

302 2668 562 2726 apostolicas
572 2696 588 2719 ‚
615 2685 697 2714 non
725 2668 920 2715 facientes
972 2673 1104 2717 lenam
1115 2701 1131 2726 ,
1144 2676 1183 2718 &
1196 2688 1267 2718 ex·

301 2726 473 2785 preffam
487 2755 503 2781 ,
516 2742 563 2771 ae
583 2726 636 2771 de
654 2728 782 2772 verbo
794 2731 845 2774 ad
867 2744 935 2775 ver
967 2746 1053 2784 um,
1066 2733 1119 2777 de
1133 2733 1263 2776 indul--

302 2797 353 2831 to
368 2786 592 2842 hujusmodi
608 2789 858 2831 mentionem
874 2819 888 2832 .
915 2791 968 2835 Et
996 2794 1088 2848 quia
1101 2791 1265 2836 difficile

303 2845 412 2889 soret
426 2844 659 2888 earumdem
674 2846 923 2902 presentium
950 2849 1178 2897 litterarum
1193 2865 1265 2895 no·

300 2905 439 2948 titiant
452 2932 468 2955 ,
480 2902 531 2946 ad
544 2900 795 2961 quascunque
818 2906 1004 2960 personas
1019 2912 1232 2967 pervenire
1247 2938 1262 2963 ‚

299 2963 344 3006 δι
355 2962 500 3020 ubique
517 2961 607 3005 illas
621 2961 859 3019 prasentare
870 2994 886 3019 ,
900 2967 1024 3011 etiam
1042 2973 1159 3013 Motu
1174 2995 1190 3021 ‚
1220 2971 1262 3012 δι

303 3020 468 3066 scientia
498 3019 684 3064 similibus
695 3048 712 3072 ‚
726 3022 911 3067 volumus
924 3026 964 3069 dt
979 3026 1235 3073 decernimus
1245 3055 1260 3079 a

303 3079 416 3138 quod
460 3081 715 3137 transumptis
741 3084 975 3129 earumdem
1008 3086 1259 3144 presentium

301 3139 536 3182 litterarum
547 3165 564 3190 ‚
580 3139 703 3183 etiam
718 3155 789 3197 per
811 3142 1105 3199 impreffionem
1127 3145 1265 3199 saetis,

302 3211 428 3242 manu
460 3196 627 3243 alicn'us
650 3201 815 3244 Notarii
833 3203 979 3257 publici
1007 3203 1236 3264 subscriptis
1248 3235 1264 3259 ‚

304 3268 372 3299 aut
391 3255 523 3314 tigillo
534 3271 555 3299 a
578 3257 708 3303 ieu'us
723 3258 904 3314 Persona
916 3262 957 3304 in
971 3264 1171 3321 dignitate
1189 3269 1263 3312 Ec·

301 3315 514 3360 eleiiastica
542 3329 620 3361 con
660 3328 771 3362 itutoe
785 3319 966 3376 sigillatis
980 3349 991 3367 .
1004 3325 1259 3380 quemadmo-

302 3373 401 3417 dum
414 3375 671 3422 adhiberetur
695 3378 945 3434 presentibus
969 3379 1116 3427 litteris
1130 3386 1263 3442 Origi-

308 3432 481 3486 nalibus‚
494 3436 519 3476 ti
534 3435 892 3491 presentarentur,
906 3439 1051 3498 ubique
1072 3443 1260 3487 adhibea-

301 3500 370 3532 tur
387 3519 399 3541 ‚
414 3500 495 3558 ⁸¹¹.“‘
513 3493 551 3537 in
575 3494 748 3549 judicio,
761 3500 880 3554 quam
896 3509 1010 3543 extra
1026 3500 1131 3546 illud
1145 3532 1161 3555 ‚
1174 3502 1261 3560 ple·

299 3560 354 3594 na
369 3573 384 3597 0
398 3549 675 3598 &indubitata
691 3553 789 3600 sides
801 3586 814 3600 .

420 3607 535 3675 Nulli
565 3625 663 3669 ergo
695 3616 865 3661 omnino
894 3617 1102 3665 bominum
1137 3620 1257 3666 liceat

300 3667 403 3736 1199(
418 3680 604 3734 pium-‘tm
621 3673 755 3717 nostra.-
775 3674 1087 3730 declarationis,
1117 3679 1253 3736 probi·

298 3723 461 3794 hittonis
475 3752 491 3776 ‚
503 3733 773 3783 exemptionis
786 3760 799 3782 ‚
816 3734 1063 3782 liberationis
1080 3767 1093 3790 ‚
1110 3738 1255 3783 inhibi-

300 3785 423 3829 tionis
437 3813 453 3838 ,
466 3784 747 3833 advocationis
762 3819 777 3845 ‚
789 3792 1031 3847 culationis,
1045 3798 1255 3844 extinctio-

1361 169 1499 258 Pio
1568 171 1668 260 V.

1346 326 1406 370 nis
1421 346 1436 376 5
1450 324 1711 382 impositionis
1722 351 1737 375 s
1750 324 2072 383 approbationIs,
2095 325 2318 368 confirma·

1345 386 1472 428 tionis
1486 413 1501 436 ,
1516 385 1750 440 adjectionis
1763 412 1778 433 ,
1809 383 2070 428 conceffionis
2083 411 2097 435 ,
2126 386 2320 428 extentio-

1355 443 1419 485 nis
1436 471 1450 494 ‚
1476 443 1779 496 ampliationis,
1806 443 2054 494 voluntatis,
2083 445 2124 486 δι
2144 445 2317 498 deroga-

1355 501 1478 544 tionis
1494 498 1713 554 infringere
1722 526 1737 549 ‚
1751 499 1814 540 vel
1829 503 1866 542 ei
1882 498 1980 543 ausu
1991 507 2206 546 temerario
2217 517 2317 546 con·

1351 559 1510 612 traire3
1538 560 1580 602 Si
1606 558 1697 614 quis
1728 568 1863 600 autem
1887 559 1965 600 hoe
1995 568 2194 604 attentare
2220 575 2320 617 prae·

1348 618 1561 675 sumpserit
1586 642 1601 664 a
1646 615 1968 671 indignationem
2011 617 2318 675 Omnipotentis

1355 680 1462 727 Dei,
1482 690 1529 716 ac
1554 677 1770 718 Beatorum
1787 675 1896 718 Petri
1914 676 1955 717 δι
1969 674 2087 718 Pauli
2099 679 2317 733 Apostolo-

1354 749 1378 776 r
1387 748 1454 776 um
1468 732 1551 788 ejus
1560 759 1575 782 ,
1592 733 1629 774 se
1642 735 1805 776 noverit
1817 733 2066 777 incursurum
2078 761 2091 775 .

1476 794 1628 834 Datum
1648 794 1788 836 Romae
1803 793 1908 850 apud
1929 795 2120 835 §austum
2139 794 2316 840 Petrum

1348 852 1475 894 Anno
1511 851 1810 894 lucarnationis
1844 851 2066 894 Dominicis
2105 852 2315 897 millesimo

1353 908 1670 965 quingentelimo
1682 909 1921 966 sexagesimo
1942 910 2111 966 septimo
2125 942 2138 962 ‚
2153 911 2317 955 decimo

1347 968 1522 1025 septimo
1542 969 1753 1012 Kalendas
1773 967 2177 1028 Junil,Pontificatiis
2188 970 2315 1015 nostri

1345 1030 1466 1070 Anno
1486 1027 1675 1070 Secundo
1692 1057 1707 1070 .
2198 1025 2208 1030 ’

1397 1145 1508 1189 Ball.
1527 1149 1639 1190 Rom.
1656 1155 1795 1200 tom.4.
1803 1154 1919 1203 part.
1931 1163 1973 1192 ι.
1983 1145 2062 1203 fil.
2081 1158 2181 1202 373·
2202 1145 2311 1189 Bull-

1457 1206 1554 1249 Ord.
1570 1206 1696 1250 Praed.
1708 1204 1929 1265 tom.v.fol.
1945 1216 2038 1257 157.
2053 1202 2253 1264 &pafflm
2264 1231 2280 1248 .

1341 1392 1413 1440 Ex
1433 1384 1728 1436 Bibliotheeis
1748 1386 1962 1433 Fratrum
1996 1381 2237 1431 Minorum
2257 1380 2311 1429 li·

1409 1457 1518 1506 bros
1553 1452 1726 1504 fiirtive
1767 1451 2082 1503 subtrahentes
2120 1467 2309 1510 excomz

1409 1526 1647 1575 munient.

1441 1666 1704 1720 PIUS
1775 1663 2056 1714 PAPA
2128 1666 2194 1714 V.

1476 1792 1547 1838 Aa
1561 1799 1795 1850 perpetuas·
1821 1788 1884 1834 rei
1909 1792 2158 1837 memoriam.

1454 1915 1535 1956 Um
1551 1938 1568 1962 ‚
1602 1909 1702 1953 ficut
1714 1910 1974 1966 accepimus,
1994 1902 2181 1951 nonnulli
2200 1918 2303 1950 cone

1473 1969 1644 2012 scientiae
1660 1967 1732 2009 suae
1753 1968 1933 2023 prodigi,
1945 1968 1987 2009 δι
1999 1964 2177 2008 avaritia:
2192 1978 2303 2008 mor-

1337 2027 1391 2069 bo
1420 2028 1654 2069 laborantes
1679 2026 1805 2068 libros
1832 2038 1883 2068 ex
1901 2021 2166 2068 Bibliothecis
2197 2036 2305 2067 non-

1335 2084 1545 2129 nullorum
1574 2084 1941 2134 Monasteriorum‚
1969 2085 2008 2126 8ι
2038 2086 2302 2128 ῠοωοτυιιιι

1336 2144 1507 2188 Ordinis
1537 2145 1673 2190 Sancti
1692 2143 1890 2187 Francisci
1922 2142 2032 2186 surto
2053 2141 2302 2196 extrahere,

1333 2204 1373 2246 δι
1410 2215 1530 2257 penes
1555 2200 1593 2244 le
1628 2215 1703 2256 pro
1723 2215 1865 2246 eorum
1887 2200 1957 2245 usu
1986 2203 2165 2245 retinere
2181 2215 2296 2245 nom

1334 2268 1585 2310 vereantur,
1616 2260 1658 2303 in
1687 2260 1913 2302 animarum
1948 2256 2104 2302 suarum
2131 2258 2296 2314 pericu·

1331 2319 1447 2372 lum,
1476 2319 1515 2362 &
1544 2315 1716 2374 ipsarum
1745 2317 2113 2367 Bibliotheearum2
2143 2317 2297 2360 &Fra-

1336 2389 1444 2423 trum
1457 2375 1636 2433 ejusdem
1651 2375 1820 2420 Ordinis
1837 2391 1917 2421 non
1934 2375 2137 2420 modicum
2151 2374 2295 2433 preju-

1333 2438 1487 2483 dicium
1499 2466 1510 2478 .
1525 2441 1615 2482 Nos
1630 2437 1749 2488 super
1763 2437 1838 2490 his,
1853 2444 1972 2493 prout
1986 2433 2120 2480 nostro
2143 2435 2295 2478 incum-

1332 2498 1393 2542 bit
1409 2495 1574 2547 offieio,
1587 2496 1640 2540 de
1653 2506 1882 2551 opportuno
1896 2493 2079 2539 remedio
2103 2492 2294 2550 provide-

1323 2572 1369 2602 re
1401 2554 1585 2599 volentes
1611 2584 1627 2607 ,
1658 2564 1773 2598 motu
1798 2554 1967 2612 proprio
1991 2581 2008 2607 ,
2036 2554 2077 2597 δε
2100 2566 2151 2598 ex
2176 2550 2293 2596 cert!

1329 2614 1495 2660 scientis
1508 2612 1643 2659 nostrl
1659 2612 1853 2656 univerfis
1868 2614 1909 2657 ec
1923 2612 2084 2668 lingulis
2115 2611 2293 2670 personis

1329 2674 1640 2724 Eccleliallicis,
1654 2671 1944 2724 Soecularibus,
1965 2671 2006 2714 δι
2020 2671 2291 2730 Regularibus

1326 2733 1596 2791 cujuscunque
1619 2728 1734 2775 flatus
1750 2760 1766 2784 ,
1798 2730 1975 2788 gradus,
2000 2729 2159 2774 ordinis
2174 2757 2190 2784 ,
2222 2729 2290 2774 vel

1325 2792 1573 2838 conditionis
1618 2790 1787 2834 existant
1813 2818 1829 2842 ,
1870 2787 2022 2833 etiamst
2066 2785 2288 2846 pontificali

1326 2853 1530 2908 dignitate
1545 2849 1812 2908 pra-fulgeant
1827 2876 1842 2900 ,
1858 2858 2000 2892 tenore
2031 2846 2289 2906 presentium

1325 2910 1587 2958 mandamus,
1617 2921 1667 2952 ne
1693 2921 1742 2951 ex
1766 2906 2035 2951 Bibliothecis
2060 2906 2286 2965 predictis,

1321 2981 1390 3014 aut
1405 2983 1545 3013 earum
1557 2967 1691 3023 aliqua
1705 2965 1856 3011 librum
1873 2964 2050 3024 aliquem
2065 2994 2081 3019 ‚
2111 2975 2180 3011 aut
2192 2979 2286 3023 qua-

1320 3040 1477 3074 ternum
1493 3029 1605 3073 Furto
1619 3025 1855 3071 subtrahere
1868 3038 2035 3084 quoquo
2049 3025 2173 3069 modo
2186 3039 2288 3082 prte-

1325 3088 1504 3133 sumant.
1520 3091 1610 3133 Nos
1620 3085 1727 3132 enim
1751 3083 2025 3142 quoscumque
2050 3084 2285 3129 subtrahen-

1324 3157 1384 3193 tes
1398 3145 1831 3193 excommunicationis
1856 3142 2062 3188 lcntentiae
2078 3142 2280 3201 subjacere

1325 3208 1511 3252 volumus
1525 3233 1540 3257 ,
1551 3208 1592 3251 δι
1605 3203 1858 3250 decernimus
1873 3200 1956 3258 ipso
1980 3200 2085 3246 fano
2100 3230 2114 3254 ‚
2133 3205 2157 3248 a
2169 3213 2280 3259 qua...

1323 3266 1456 3311 nullus
1477 3267 1528 3311 ab
1555 3265 1666 3315 alio,
1690 3262 1847 3320 quinia
1865 3261 2054 3304 Romano
2080 3258 2281 3305 Pontifice

1322 3324 1454 3383 pellit,
1467 3322 1536 3370 nili
1551 3324 1749 3368 duntaxat
1771 3319 1814 3364 in
1835 3319 1975 3363 mortis
1999 3319 2191 3372 articulo,
2206 3321 2280 3364 ab·

1320 3385 1531 3431 solutionis
1556 3380 1796 3427 beneficium
1823 3377 2012 3423 obtinere
2037 3393 2050 3420 ι
2083 3381 2175 3424 Non
2206 3379 2281 3423 ob·

1321 3444 1511 3490 nantibus
1527 3440 1725 3499 premitus
1740 3467 1755 3492 ,
1768 3450 1812 3483 ac
1828 3436 2196 3485 constitutionibus
2209 3465 2223 3490 ‚
2237 3440 2279 3484 Bt

1319 3502 1653 3549 ordinationibus
1666 3496 1928 3557 Apostolicin
1947 3510 1995 3541 ac
2010 3498 2280 3543 Monasterio·

1321 3576 1408 3607 rum
1427 3592 1441 3615 ,
1458 3559 1709 3607 &Oi-diuum
1724 3553 2005 3616 prefatorum,
2034 3558 2153 3601 etiam
2166 3556 2277 3614 iura·

1317 3631 1459 3666 mento
1472 3650 1487 3675 ‚
1502 3618 1808 3665 confirmatione
1827 3614 2055 3672 Apostolica
2070 3645 2087 3669 ‚
2104 3614 2165 3661 vel
2179 3629 2277 3675 qua·

1318 3685 1378 3727 vis
1392 3677 1579 3724 firmitate
1603 3676 1680 3721 alia
1698 3676 1916 3727 roboratis,
1933 3674 2103 3728 statutis,
2117 3677 2155 3719 δι
2171 3688 2275 3719 eon-

1317 3740 1339 3786 s
1334 3736 1593 3785 uetudlnibus
1607 3763 1623 3787 ‚
1634 3732 1865 3791 ceterisque
1877 3735 2093 3778 contrariis
2107 3730 2271 3793 quibus-

1314 3810 1473 3855 cunque
1484 3826 1497 3842 .
1513 3795 1685 3851 Verum,
1701 3796 1793 3855 quia
1807 3792 1973 3839 difficile
1986 3788 2093 3842 foret
2102 3790 2270 3895 μείζω·
