2444 4192
381 263 546 344 412

308 397 559 453 aliorumque
588 396 861 436 Romanorum
892 389 1136 434 Pontificum
1167 393 1273 435 Prae·

306 457 550 501 deceffomm
577 454 800 497 nostrorum
829 448 946 506 super
966 453 1171 495 erectione
1194 466 1271 495 no·

306 530 453 560 vorum
481 520 770 559 conventuum
785 509 931 561 editas,
946 510 1178 554 earumdem
1209 522 1270 554 te·

304 589 402 619 nore
432 579 672 619 innovantes
687 598 704 620 ‚
734 567 892 626 illisque
925 569 1117 614 addentes
1142 600 1157 622 ,
1189 572 1267 613 hoc

303 647 503 690 perpetuo
542 628 799 687 prohibemus
811 628 945 672 edicto
958 656 973 679 ,
994 643 1045 671 ne
1074 630 1268 686 deinceps

303 693 451 749 aliquis
467 688 729 746 Regularium
744 688 915 733 Ordinis
926 688 1268 741 Mendieantium,

303 751 372 793 vel
403 767 484 795 non
512 747 835 792 Mendicantium
848 774 866 799 2
894 749 1238 804 congregationis
1251 777 1270 799 ,

301 811 517 854 Societatis
548 838 565 860 ,
593 810 632 850 &
653 805 827 863 cujusvis
857 806 1026 851 alterius
1060 808 1238 850 instituti
1252 836 1269 860 ,

299 869 422 910 etiam
438 867 653 913 societatis
664 862 818 922 Jesu,in
833 866 967 924 aliqua
985 866 1272 918 Civitate,Ca-

300 927 383 969 flro
395 956 409 978 ,
422 927 549 976 Villa,
563 926 629 969 feu
644 926 739 968 loco
751 926 801 970 ad
815 925 1079 970 habitandum
1100 929 1268 974 Domos,

297 987 363 1028 vel
377 986 468 1028 loca
482 999 745 1042 quacumque
769 985 825 1029 de
838 999 952 1029 novo
966 986 1149 1041 recipere
1160 1011 1175 1033 ‚
1200 982 1267 1027 seu

299 1045 548 1088 Monafleria
564 1073 580 1097 ,
593 1047 835 1089 Conventus
851 1073 867 1096 ,
885 1045 947 1088 vel
968 1044 1157 1099 Collegia
1169 1044 1269 1085 inci-

298 1118 396 1161 pere
410 1133 425 1155 ,
458 1104 522 1147 rel
547 1102 715 1148 {undare
737 1105 960 1161 praesumat,
976 1102 1120 1159 absque
1150 1101 1269 1144 Sedis

298 1164 542 1219 Apostolicae
557 1163 723 1207 licentia
737 1163 899 1219 speciali
930 1161 1119 1219 plenam,
1144 1162 1265 1204 &ex-

294 1222 465 1278 preffam
478 1222 652 1266 faciente
667 1222 720 1265 de
734 1222 1013 1278 prohibitione
1035 1218 1267 1277 hujusmodi

293 1283 545 1327 mentionem
561 1284 601 1326 in
619 1282 777 1338 scriptis
789 1309 805 1333 ,
833 1283 875 1324 δι
889 1281 1014 1337 gratis
1038 1280 1269 1323 conceden-

293 1340 512 1395 dnproevia
526 1341 825 1385 examinatione
836 1339 1184 1404 congregationis
1198 1352 1270 1381 ne·

294 1399 424 1455 gociis
442 1399 764 1456 Episcopum,
793 1411 841 1442 ac
871 1399 1140 1453 Regularium
1161 1410 1269 1453 με.

293 1458 457 1513 pofitoet
489 1456 516 1500 fi
543 1458 659 1500 secus
677 1456 867 1512 egerint,
892 1455 1034 1513 eoipib
1058 1457 1264 1500 incurrant

289 1529 432 1572 poenas
448 1516 705 1571 privationis,
719 1517 760 1556 δι
773 1514 1053 1564 inhabilitatis,
1069 1526 1115 1557 ut
1129 1513 1263 1565 supri,

289 1575 486 1617 inflictas:
501 1576 541 1615 δι
558 1573 826 1615 nihilominus
856 1571 1141 1624 receptiones,
1171 1566 1263 1609 fun-

291 1632 483 1673 dationes
496 1658 513 1680 ,
526 1632 568 1671 &
590 1629 811 1671 erectiones
825 1625 902 1668 fint
927 1626 1014 1681 ipso
1026 1625 1113 1680 jure
1124 1625 1262 1674 nulle,

288 1693 327 1731 &
346 1688 533 1730 invalida
546 1701 562 1740 3
574 1688 614 1727 δι
631 1689 802 1734 nomos,
815 1698 864 1728 ac
877 1683 970 1727 loca
987 1683 1067 1741 ipsa
1081 1711 1097 1735 ,
1110 1684 1153 1726 δι
1172 1697 1268 1739 per-

288 1747 391 1790 sonae
407 1747 448 1789 in
465 1748 523 1789 eis
536 1744 1000 1801 degentes,omnimodae
1018 1741 1266 1800 jurisdictio·

288 1808 357 1855 ni,
390 1805 614 1849 vititationi
626 1833 644 1857 ,
673 1803 908 1847 eorrefflo'ni
940 1803 1150 1847 ordinarii
1174 1801 1258 1846 loci

285 1864 413 1922 plene
440 1866 484 1907 in
503 1864 695 1907 omnibus
723 1860 951 1919 subjaceant
962 1891 975 1904 .
1006 1861 1261 1906 Intendimus

286 1934 425 1965 autem
442 1923 485 1964 in
500 1919 698 1975 praeruitiis
709 1921 832 1965 etiam
852 1916 970 1964 'ultra
990 1921 1155 1970 ltaliam
1171 1948 1187 1972 ,
1216 1922 1258 1963 &

285 1981 440 2026 Insulas
454 1980 716 2035 adjacentes,
746 1990 873 2035 prout
896 1980 1093 2036 expedire
1109 1980 1261 2023 videri-

285 2053 391 2090 mus,
413 2038 634 2095 providere
646 2066 659 2078 .
678 2040 955 2080 Decernentes
971 2035 1180 2095 presentes
1193 2037 1261 2080 lit·

286 2110 393 2141 teras
415 2098 543 2141 etiam
568 2096 823 2149 exe0‚quod
850 2097 1093 2153 Superiores
1120 2099 1258 2153 Regu·

285 2158 391 2200 lares
402 2186 415 2209 ,
424 2159 466 2199 &
484 2156 618 2199 caeteri
630 2156 875 2213 quicumque
886 2157 926 2199 in
938 2157 1134 2213 praerniflis
1147 2157 1258 2201 inte·

281 2213 380 2261 reffe
395 2218 603 2269 habentes,
615 2216 684 2259 seu
698 2214 851 2258 habere
862 2217 1172 2273 quomodolibet
1190 2217 1255 2260 in-

286 2274 615 2328 tendentes,illis
629 2288 712 2318 non
734 2271 1019 2326 consenserint,
1038 2289 1113 2319 nee
1135 2276 1186 2319 ad
1204 2289 1253 2320 ea

284 2337 452 2386 vocati,
479 2335 664 2380 &auditi
695 2331 845 2379 sinerint
862 2363 878 2388 ,
908 2334 1027 2378 nullo
1045 2348 1252 2392 unquam,

282 2406 475 2452 ternpore
486 2394 541 2438 de
553 2392 823 2450 subreptionis
834 2421 849 2446 ,
860 2394 1115 2453 obreptionis
1130 2421 1147 2446 ,
1162 2394 1255 2439 nul·

282 2454 410 2502 litatis
422 2483 438 2506 ,
453 2464 523 2499 aut
541 2452 807 2496 invaliditatis
822 2453 925 2497 vitio
935 2483 952 2506 ,
981 2456 1044 2499 stu
1060 2455 1258 2498 intentio·

282 2514 348 2557 nis
360 2514 501 2558 nostra
513 2541 530 2566 ,
547 2522 618 2555 aut
630 2510 712 2555 alio
726 2512 872 2569 quovis
896 2511 1055 2558 defectu
1087 2515 1252 2558 etiam

396 2572 545 2615 tumvis
558 2583 708 2628 niagno
720 2573 1025 2630 ,inexcogitato
1038 2602 1055 2626 ,
1083 2586 1132 2617 ac
1160 2571 1254 2615 sub·

343 2630 455 2673 ntiaii
465 2656 480 2682 ,
495 2627 575 2673 five
588 2631 715 2675 etiarn
736 2643 786 2675 es
796 2632 854 2674 'eo
867 2659 884 2686 ,
895 2631 1006 2689 quod
1020 2632 1062 2675 in
1077 2629 1253 2689 premis-

286 2686 334 2731 fis
350 2716 367 2740 ,
381 2689 445 2732 seu
462 2699 606 2731 eorum
614 2689 757 2746 aliquo
773 2687 1050 2734 solemnitates
1064 2717 1079 2742 ,
1090 2690 1248 2746 &qut-

283 2746 348 2791 vis
368 2745 445 2790 alia
474 2745 669 2792 servanda
682 2774 700 2800 ,
725 2747 767 2789 δι
778 2746 1048 2805 adimplenda,
1066 2746 1221 2793 servata
1236 2776 1252 2800 ,

283 2806 323 2849 δι
339 2804 559 2863 adimpleta
575 2818 658 2849 non
685 2803 839 2858 fuerint
850 2833 867 2858 ‚
896 2818 966 2853 aut
989 2820 1041 2852 ex
1053 2819 1253 2865 quocum-

282 2876 363 2921 que
379 2865 465 2908 alio
476 2864 609 2919 capite
619 2866 644 2909 a
656 2862 748 2921 jure
759 2892 775 2916 ,
790 2864 855 2908 vel
870 2864 1072 2918 faeto,aut
1086 2866 1252 2918 ilatuto,

283 2922 352 2965 vcl
384 2920 676 2966 consuetudine
706 2918 842 2978 aliqua
873 2923 1093 2969 resultante
1121 2954 1137 2977 ,
1183 2922 1252 2969 seu

283 2983 405 3025 etiarn
417 2980 595 3025 enormis
607 3006 623 3032 ‚
644 2979 917 3027 enormifflmoe
928 3012 944 3036 ,
972 2985 1014 3028 δι
1036 2983 1175 3028 totalis
1189 2983 1251 3027 la·-

282 3041 399 3085 fionis
414 3066 429 3090 ‚
443 3050 512 3084 aut
525 3051 780 3098 quocumque
804 3040 888 3087 alio
897 3043 1056 3095 colore,
1069 3043 1191 3087 etiarn
1205 3043 1247 3086 in

282 3112 456 3156 corpore
469 3098 567 3156 juris
579 3097 735 3152 clauso,
747 3101 810 3144 seu
825 3101 1052 3156 occasione,
1074 3103 1139 3147 vel
1156 3116 1249 3147 cau·

283 3159 320 3202 sa
332 3158 591 3215 quantumvis
604 3155 700 3214 jua-
710 3185 727 3211 ,
740 3161 1003 3217 rationabili,
1030 3163 1070 3206 δι
1082 3155 1249 3216 privise·

284 3218 406 3275 ginta,
418 3216 537 3269 etin
554 3215 645 3270 tali,
655 3229 740 3276 quoe
750 3217 806 3262 'ad
824 3217 1006 3264 effectum
1021 3219 1247 3266 validitatis

285 3273 567 3333 praniiil'orum
582 3276 801 3322 necessario
818 3279 1079 3350 exprimenda
1109 3278 1214 3325 soret
1229 3307 1245 3333 ,

282 3334 1246 3451 :iffi2:530232”ae‘tessztzt'z‘ssttzt

284 3453 353 3497 libi
368 3465 579 3509 appareret
590 3480 607 3506 ‚
632 3469 684 3501 eu
697 3455 816 3500 aliter
830 3456 993 3514 probari
1007 3455 1151 3514 posset,
1166 3472 1241 3502 no·

271 3514 619 3570 ·tari,impugnari
632 3543 648 3568 ,
663 3513 902 3567 inundari,
932 3517 1138 3562 retraetari
1151 3546 1166 3570 ,
1196 3517 1239 3561 in

286 3570 346 3628 jus
361 3599 375 3623 ,
391 3571 452 3614 vet
468 3572 783 3620 controveriiant
798 3576 982 3621 revocari
994 3604 1009 3629 ,
1020 3586 1087 3620 aut
1101 3576 1151 3620 ad
1166 3587 1246 3622 ter·

283 3629 521 3682 minutioris
542 3633 704 3688 reduci,
736 3633 802 3679 vel
818 3634 1010 3681 adversus
1037 3635 1126 3680 illas
1141 3635 1248 3681 relli-

283 3689 452 3733 tutionis
482 3691 523 3732 in
539 3690 766 3747 integrunt,
781 3695 908 3751 aperit
916 3694 1016 3740 ionis
1040 3695 1146 3749 oris,
1175 3710 1246 3741 re-

283 3747 484 3794 duaionis
498 3747 548 3791 ad
578 3750 682 3791 riam
698 3777 712 3801 ,
726 3754 765 3794 δι
787 3755 981 3799 terminos
996 3753 1094 3810 iuris
1107 3783 1124 3807 ,
1138 3753 1244 3806 sacti,

285 3808 447 3865 gratie,
462 3808 524 3851 rel
542 3806 691 3854 institit
708 3811 927 3856 remedium
944 3815 1165 3867 impetrari,
1182 3816 1245 3858 seu

283 3866 588 3925 quomodolibet
600 3865 801 3922 conceffo,
814 3872 854 3912 ἀ
871 3871 1091 3929 impetrato
1103 3885 1246 3929 quens-

906 234 1080 321 Sua
1122 232 1560 319 ‘Innocentio
1608 236 1723 330 X.

1331 389 1440 446 piam
1454 390 1539 440 uti,
1553 391 1620 436 seu
1634 393 1673 437 fe
1685 392 1826 451 juvare
1851 395 1890 436 in
1905 392 2058 450 judicio
2074 424 2090 448 2
2107 397 2171 440 vel
2185 402 2301 439 extra

1332 448 1470 505 poffe,
1500 463 1629 506 neque
1658 450 1757 507 ipsas
1774 454 1982 508 praesentes
2006 453 2076 498 sub
2090 455 2297 511 quibusvis

1330 508 1516 551 timilium
1529 537 1544 562 ,
1559 513 1622 554 vel
1640 511 1883 555 dissimilium
1898 514 2118 567 gratiarum
2132 526 2302 558 revoca·

1330 568 1509 611 tionibus
1529 596 1546 620 ,
1576 569 1890 627 suspensionibus
1911 596 1926 618 ‚
1960 570 2264 617 limitationibus
2284 602 2299 625 ,

1327 636 1399 668 aut
1415 627 1505 670 aliis
1518 631 1728 672 contrariis
1744 629 1814 671 dis
1803 628 2084 684 pofitionibus,
2095 642 2171 686 pro
2193 642 2301 674 tem-

1327 699 1401 787 *sti
1404 689 1665 802 es‘ssffssssffl‘ss'
1670 690 1755 791 {¹1²5}
1767 687 1981 802 {2223}
1994 690 2301 803 ‘3322522‘21‘32‘2

1986 772 2000 795 5

1333 802 1488 845 validas
1506 825 1522 853 2
1533 804 1667 848 firmas
1686 835 1701 859 ,
1712 808 1751 848 8(
1764 805 1944 849 efficaces
1957 805 2128 848 existere
2141 833 2156 853 ,
2187 807 2228 849 δι
2240 805 2302 847 fo·

1330 860 1863 968 {saisswsszugbz‘ffssssgffizz
1878 864 2300 980 ξὲἒῖξὶἒὲἒὲἶὶῗῗ

1478 949 1492 971 s
1775 950 1789 972 s
2228 960 2253 980 ο
2286 945 2302 957 “

1331 980 1392 1022 los
1406 1007 1420 1031 ,
1437 981 1488 1023 ad
1508 995 1612 1038 quos
1630 982 1777 1038 spee'tat
1791 1010 1805 1033 ,
1819 984 1860 1024 &
1874 983 2186 1039 quomodolibet
2212 984 2300 1040 spe·

1330 1039 1456 1081 &abit
1470 1040 1510 1082 in
1526 1040 1709 1083 futurum
1723 1067 1738 1092 ,
1767 1042 2058 1086 inviolabiliter
2069 1042 2271 1087 observari
2284 1070 2299 1082 .

1329 1099 1495 1154 Sitque,
1506 1100 1546 1141 δι
1559 1114 1643 1142 non
1656 1101 1773 1143 aliter
1787 1101 1826 1142 in
1849 1101 2047 1157 praemiffis
2059 1101 2245 1145 omnibus
2258 1101 2300 1143 &

1328 1157 1492 1214 lingulis
1505 1172 1577 1215 per
1590 1158 1864 1216 quoscumque
1878 1161 2042 1218 Judices
2069 1159 2300 1204 ordinarios

1328 1218 1368 1259 &
1385 1217 1592 1272 delegatos
1605 1245 1620 1268 ,
1645 1218 1766 1262 etiam
1784 1220 1991 1264 causarum
2023 1222 2138 1265 Sacri
2154 1218 2300 1264 Palatii

1330 1277 1555 1333 Apostolici
1573 1277 1798 1320 Auditor-es
1812 1306 1828 1330 ,
1852 1291 2014 1322 necnon
2042 1279 2190 1322 Sanc'tae
2206 1279 2299 1321 Ro-

1329 1349 1456 1378 mane
1478 1335 1666 1378 Ecclefioe
1676 1336 1915 1381 cardinales
1927 1365 1941 1388 ,
1953 1337 2079 1381 etiam
2091 1337 2145 1381 de
2160 1336 2292 1380 latere

1333 1396 1512 1450 Legatos
1533 1395 1573 1436 δι
1592 1396 1799 1444 Nuncios,
1814 1410 1861 1437 ac
1877 1397 1978 1439 alios
1997 1397 2142 1452 quavis
2156 1399 2300 1439 aucto-

1326 1454 1451 1496 ritate
1465 1455 1529 1503 ,ὄι
1547 1453 1743 1507 potestate
1758 1454 1968 1509 fungentes
1984 1468 2090 1497 nunc
2101 1482 2118 1506 ,
2147 1455 2188 1495 δι
2218 1468 2295 1510 pro

1325 1519 1514 1562 tempore
1527 1509 1803 1558 existentes,in
1817 1511 1958 1565 quavis
1970 1511 2086 1554 causa
2100 1512 2142 1554 δι
2155 1511 2300 1556 instan-

1325 1565 1382 1605 tia
1393 1590 1409 1612 ,
1420 1564 1573 1609 sublata
1586 1566 1639 1607 eis
1648 1590 1663 1614 2
1676 1567 1717 1608 &
1731 1579 1871 1611 eorum
1885 1566 2060 1612 cuilibet
2073 1569 2215 1626 quavis
2228 1569 2300 1613 ali-

1327 1634 1394 1665 ter
1404 1621 1612 1678 judicandi
1623 1652 1640 1675 ,
1656 1625 1698 1666 δι
1712 1625 2007 1683 interpretandi
2024 1627 2220 1671 facultate
2231 1656 2247 1681 ,
2259 1631 2300 1673 ἃ

1325 1682 1568 1726 auctoritate
1585 1711 1599 1735 ,
1630 1681 1828 1739 judicari,
1857 1687 1897 1728 8!
1924 1686 2087 1730 diffiniri
2117 1687 2301 1743 debere,

1325 1743 1487 1785 irritum
1503 1755 1666 1798 quoque
1680 1743 1855 1787 &inane
1868 1773 1884 1798 ,
1914 1745 1943 1787 fi
1969 1744 2079 1788 secus
2105 1744 2222 1804 super
2237 1749 2300 1799 his

1322 1804 1348 1847 a
1361 1807 1567 1859 quoquam
1588 1804 1734 1859 quavis
1748 1802 1986 1853 auctoritate
1999 1806 2171 1849 scienter
2181 1834 2196 1859 ,
2231 1807 2299 1851 vel

1322 1861 1563 1918 ignoranter
1588 1862 1815 1918 contigerit
1840 1864 2035 1907 attentari
2062 1894 2075 1908 .
2106 1868 2201 1907 Non
2222 1867 2300 1910 ob·

1319 1920 1529 1971 stantibus,
1546 1929 1746 1976 quatenus
1761 1934 1864 1977 opus
1882 1921 1931 1965 fit
1946 1949 1961 1972 2
1982 1923 2142 1979 Regula
2164 1925 2297 1968 nostra

1321 1978 1374 2022 de
1389 1992 1471 2021 non
1490 1978 1678 2022 tollendo
1693 1978 1778 2032 iure
1792 1982 1954 2036 quaefito
1967 2010 1984 2034 ,
1999 1980 2165 2039 aliisque
2183 1985 2296 2028 Can-

1321 2036 1496 2080 cellariae
1515 2029 1771 2094 'Apostolicae
1789 2040 1941 2096 regulis
1964 2067 1979 2091 ,
2008 2037 2296 2100 caeterisquss,

1320 2097 1699 2140 Constitutionibus
1709 2124 1724 2149 ,
1737 2099 1774 2140 δι
1789 2099 2116 2145 ordinationibus
2130 2101 2299 2158 Aposto-

1316 2157 1427 2210 licis,
1439 2157 1562 2200 etiam
1578 2157 1618 2199 in
1632 2155 1837 2202 conciliis
1848 2157 2130 2204 Generalibus·
2144 2159 2294 2215 editis,

1317 2217 1442 2260 etiam
1455 2215 1680 2272 specialiter
1693 2215 1734 2258 iu
1747 2214 1933 2261 favorem
1943 2233 2291 2276 quacumeumque

1315 2273 1580 2334 personarum
1592 2302 1608 2327 ,
1639 2283 1760 2332 atque
1791 2274 2010 2329 ordinum,
2025 2286 2108 2319 tam
2122 2278 2292 2323 Mendi-

1315 2334 1494 2379 cantium
1508 2362 1523 2386 ,
1536 2334 1658 2391 quim
1678 2346 1761 2377 non
1790 2333 2110 2380 Mendicantium
2124 2363 2140 2387 ,
2175 2339 2287 2382 Con.

1313 2393 1596 2452 gregationum
1606 2421 1621 2446 ,
1636 2393 1887 2455 societatum
1900 2421 1916 2445 ,
1931 2396 1970 2439 δι
1981 2394 2159 2453 cujusvis
2182 2395 2290 2439 alte·

1313 2455 1396 2497 rius
1414 2450 1593 2495 Instituti
1608 2480 1622 2505 ,
1638 2453 1762 2497 etiam
1778 2453 2095 2512 societatisJesu
2112 2481 2127 2505 ,
2140 2456 2181 2499 δε
2196 2457 2290 2500 Μο-

1312 2510 1581 2558 nasteriorum
1594 2540 1612 2564 ,
1626 2515 1921 2557 Conventuum
1935 2541 1950 2565 ,
1975 2513 2281 2572 collegiorum,

1313 2574 1547 2615 Domorutu
1563 2596 1579 2622 ,
1607 2583 1654 2613 ac
1679 2569 1866 2615 locorum
1893 2572 2158 2628 Regularium
2186 2587 2289 2631 quo·

1311 2640 1575 2685 rumcumque
1595 2638 1624 2680 ,·
1638 2640 1798 2672 necnon
1823 2628 2007 2682 illorum,
2021 2632 2145 2675 etiam
2177 2631 2285 2690 jura-

1311 2695 1453 2732 mento
1466 2712 1482 2738 ,
1495 2684 1803 2732 confirmatione
1819 2687 2052 2744 Apostolica
2068 2719 2083 2744 ,
2098 2690 2163 2734 vel
2182 2705 2285 2748 qua-

1314 2748 1372 2791 vis
1385 2743 1578 2790 firmitate
1593 2745 1670 2788 alia
1686 2745 1897 2789 roboratis
1909 2747 2070 2791 statutis
2085 2777 2100 2801 ,
2125 2750 2164 2792 δι
2180 2762 2282 2795 con·-

1313 2804 1593 2851 suetudinibus
1602 2804 1725 2848 etiam
1739 2805 2285 2863 immemorabilibus,exem·

1313 2865 1518 2923 ptionibus
1557 2876 1719 2920 quoque
1750 2862 1920 2908 indultis
1935 2891 1951 2918 ,
1975 2866 2016 2908 δι
2030 2866 2252 2923 privilegiis
2266 2895 2280 2923 ,

1311 2924 1435 2967 etiam
1463 2935 1513 2964 ex
1536 2920 1653 2967 causa
1669 2950 1682 2974 ,
1706 2921 1886 2967 &titulo
1911 2923 2083 2969 oneroso
2096 2953 2111 2979 ,
2143 2927 2210 2971 vel
2242 2927 2283 2972 in

1319 2983 1461 3027 limine
1476 2979 1727 3026 fundationis
1741 2982 1808 3034 ,δι
1822 2981 1860 3024 in
1878 2983 1982 3027 Mari
2006 2997 2183 3041 magno,
2214 2984 2281 3031 seu

1309 3041 1424 3086 Bulla
1437 3054 1555 3085 aurea
1576 3069 1591 3094 ,
1613 3050 1678 3085 aut
1693 3040 1815 3085 aliter
1826 3044 2083 3100 nuncupatis,
2097 3042 2166 3090 sub
2188 3046 2280 3103 qui·

1309 3102 1554 3158 buicumque
1570 3100 1776 3144 tenoribus
1789 3102 1830 3145 δι
1855 3101 2010 3153 formis,
2021 3103 2062 3146 δε
2076 3093 2168 3151 cuin
2188 3104 2280 3174 qui·

1308 3160 1461 3212 busvis,
1473 3161 1595 3205 etiam
1612 3159 1967 3216 derogatoriarum
1980 3161 2247 3219 derogatortis
2261 3189 2277 3214 ,

1308 3219 1472 3277 aliisque
1488 3219 1786 3265 efficacioribus
1799 3249 1814 3274 ,
1825 3220 1867 3263 ec
1881 3218 2049 3265 insolitis
2063 3220 2270 3274 clausulis,

1308 3292 1465 3325 necnon
1492 3277 1737 3323 irritantibus
1751 3281 1820 3332 ,ἃ
1842 3277 1932 3324 aliis
1946 3277 2139 3331 decretis,
2152 3281 2276 3326 etiam

1306 3349 1422 3383 motu
1435 3367 1450 3392 ,
1464 3338 1627 3388 scientia
1639 3363 1654 3388 ,
1665 3337 1960 3384 deliberatione
1974 3365 1988 3391 ,
2010 3339 2051 3382 δι
2063 3338 2268 3396 potestatis

1308 3397 1565 3456 plenitudine
1583 3395 1800 3449 fimilibus,
1823 3396 1947 3441 etiarn
1969 3396 2020 3442 ad
2049 3399 2274 3456 Imperato-

1301 3458 1552 3515 ris,Regurn‚
1568 3456 1832 3512 Reginarnm,
1845 3456 2270 3513 Rerunipublicarum,

1307 3518 1345 3560 δι
1360 3516 1593 3574 quorumvis
1607 3514 1783 3560 aliorum
1795 3511 1929 3561 Piinei
1959 3528 2025 3559 um
2038 3545 2053 3570 ‚
2077 3518 2118 3561 δι
2134 3517 2269 3576 perso-

1309 3588 1451 3619 narum
1471 3587 1725 3676 quacumque
1738 3528 2011 3619 Beclenafiica
2026 3604 2040 3629 ,
2067 3576 2132 3621 vel
2155 3575 2273 3622 sacu-

1310 3635 1386 3678 lari
1401 3634 1602 3691 dignitate
1615 3630 1654 3675 fu
1673 3635 1854 3691 gentium
1871 3659 1886 3683 ,
1901 3632 1965 3678 seu
1983 3647 2126 3680 eorum
2146 3635 2270 3681 intui-⁶

1305 3705 1348 3737 tu
1366 3696 1428 3746 ,δι
1443 3691 1806 3748 contemplatione,
1820 3706 1867 3736 ac
1881 3693 2001 3737 ctiam
2020 3694 2271 3741 consistoria·

1304 3754 1395 3797 liter
1405 3779 1420 3802 ,
1434 3753 1476 3795 δι
1487 3749 1584 3795 aliis
1598 3749 1922 3807 quomodolibet,
1936 3754 2058 3800 etiam
2073 3768 2145 3812 per
2160 3756 2266 3799 viam

1305 3809 1700 3863 communicationis,
1716 3811 1781 3855 seu
1796 3814 2033 3856 extensionis
2050 3811 2237 3859 conceisis
2252 3843 2267 3868 ,

1303 3870 1505 3913 &iteratis
1523 3868 1675 3913 vicibus
1699 3872 1960 3928 approbatis,
1985 3873 2238 3919 &innovatis
2255 3905 2267 3919 .

2105 3934 2211 3991 Qffe
