2444 4192
925 197 1087 280 Sub
1144 200 1359 305 Julio
1423 192 1466 275 I
1490 192 1540 272 l.

248 346 526 418 opinionem
569 341 731 394 eorurri
759 352 775 401 ·,
809 343 886 409 qui
926 344 1189 395 confitentes

302 429 488 486 peccata
504 413 580 465 sua
596 413 902 486 Regularibus
921 416 1190 466 Mendican-

303 485 422 536 tibus
440 521 457 545 ‚
486 487 578 535 haec
608 485 857 537 Parochiali
881 484 1068 534 Reciori
1100 485 1189 534 de,

300 574 426 606 novo
464 555 669 606 confiteri
697 555 858 605 debere
901 551 1183 611 afferebant,

301 627 522 696 aJoanne
549 630 720 680 XXII.
748 626 955 694 Eugenio
988 628 1081 676 1V.
1100 625 1183 673 Ni·

302 699 435 748 colao
478 702 538 750 V.
576 697 624 750 δε
659 699 788 750 Sixto
822 699 914 747 lV.
940 700 1036 760 jam
1082 712 1185 764 pro·

300 766 516 838 scriptam
546 771 727 821 noviter
758 765 1034 818 condemnat
1064 802 1079 825 ,
1131 786 1183 817 ac

300 841 410 890 talia
429 837 616 891 asserere
645 839 724 893 sub
741 842 888 910 poenis
913 838 961 893 ὅ(
988 835 1183 889 censuris

297 922 452 959 vetat.

219 1040 595 1107 ,IULIUS
647 1039 1186 1097 EPISCOPUS

326 1187 329 1190 ⁴
397 1167 572 1211 Seavus
604 1168 864 1213 Senvontm
897 1171 981 1211 Der
1002 1196 1014 1209 .

337 1283 408 1328 Ad
425 1291 671 1340 perpetuam
717 1284 780 1326 rei
814 1286 1071 1328 Memoriam.

367 1404 545 1445 Dmonet
562 1404 649 1446 Nos
666 1402 834 1459 suscepti
849 1415 943 1445 cura
963 1401 1165 1459 regiminis
1178 1431 1194 1455 ‚

389 1472 431 1504 ut
451 1475 524 1512 ea,
540 1475 626 1519 quae
648 1475 724 1517 pro
748 1461 994 1519 singulorum
1019 1462 1191 1506 Christi-

224 1518 406 1562 fidelium
436 1522 655 1564 animarum
671 1519 798 1564 salute
822 1518 953 1564 multi
973 1521 1189 1564 eumdeli·

229 1578 449 1622 berarione
464 1609 480 1631 ,
493 1581 534 1622 δι
553 1576 789 1623 diseuflione
802 1579 823 1622 i
839 1579 945 1625 Sede
960 1580 1191 1635 Apostolica

222 1636 420 1678 emanasse
435 1637 758 1694 comperiuntur,
772 1652 823 1682 ne
840 1638 880 1681 in
894 1638 1078 1682 recidivoe
1092 1654 1190 1682 con·

228 1695 425 1736 tentionis
442 1695 675 1752 scrupulum
694 1695 931 1740 relabantur
947 1724 961 1748 ,
975 1698 1099 1740 etiam
1115 1712 1188 1741 no—

221 1752 310 1796 strae
331 1755 594 1809 protee'iionis
614 1755 832 1801 munimine
845 1756 1083 1800 roboremus
1097 1785 1111 1808 ,
1141 1766 1187 1799 ut

224 1813 277 1854 eo
299 1812 452 1855 firmius
481 1814 712 1871 persistant,
740 1816 825 1873 quo
838 1814 954 1859 Sedis
970 1814 1187 1874 ejusdem-2

224 1867 378 1911 finer-int
393 1873 642 1918 anaor-itate
656 1871 792 1931 sepius
806 1873 979 1918 stabilita
993 1901 1008 1925 ‚
1039 1889 1084 1917 nc
1105 1889 1186 1918 ex·

191 1968 195 1974 ,
226 1927 321 1970 inde
346 1929 475 1972 omnis
506 1930 611 1972 inter
631 1930 858 1987 Religiosos
870 1932 1078 1986 quoslibet
1100 1933 1183 1976 dis·

227 1984 415 2028 senfionis
430 1987 471 2028 &
488 1987 762 2030 contentionis
791 1987 942 2038 fomes,
959 1990 1000 2030 δι
1025 1989 1185 2030 oecafio

228 2043 283 2087 de
311 2046 450 2088 medio
479 2044 783 2090 submoveatur.
815 2047 948 2096 Sane,
978 2046 1075 2088 licet
1108 2061 1179 2101 per

226 2102 295 2146 fel·
321 2117 401 2147 rec„
427 2107 619 2161 joannem
650 2107 728 2147 ΡΡ.
753 2105 890 2148 xxn.
921 2105 1181 2149 Praedeceiso·

226 2175 311 2204 rem
336 2163 513 2204 nostrum
529 2190 544 2211 ‚
573 2162 715 2213 opinio
738 2163 927 2213 illorum,
952 2163 1181 2218 quiail'ere-

224 2219 338 2266 bant,
354 2219 510 2271 eos,qui
526 2219 737 2259 Fratribus
752 2219 954 2260 Ordinum
979 2220 1178 2261 Praedica-

222 2286 358 2319 torum
374 2305 387 2324 ,
411 2274 472 2317 vel
499 2276 671 2318 aliorum
686 2275 1010 2319 Mendicantium
1037 2276 1177 2333 juxta.»

220 2333 319 2392 jutis
344 2331 644 2389 dispofitionem
670 2334 875 2392 deputatis
901 2346 1181 2391 protempore

221 2392 285 2436 sua
314 2403 479 2448 peccata
503 2391 834 2446 confitebantur,
857 2396 986 2438 teneri
1006 2397 1058 2438 de
1073 2410 1181 2439 novo

230 2450 415 2495 confiteri
441 2451 665 2506 hujusmodi
695 2451 758 2495 sua
788 2465 951 2508 peccata
965 2454 1036 2498 suo
1060 2457 1181 2497 Paro-

226 2511 350 2555 cbiali
380 2512 543 2554 Rectori
571 2537 588 2561 ‚
613 2513 829 2568 reprobata
852 2510 974 2557 fuerit
999 2541 1014 2565 ,
1042 2514 1084 2555 δι
1109 2514 1180 2570 piae

224 2571 431 2614 memoriae
459 2570 656 2627 Eugenius
672 2572 777 2628 Papa
795 2573 868 2615 lV.
883 2573 1005 2616 etiam
1022 2572 1180 2616 Praede-

224 2627 352 2671 celsor
370 2628 502 2672 noster
518 2658 532 2681 ,
558 2642 629 2684 per
655 2632 741 2675 suas
755 2632 912 2675 litteras
924 2633 1177 2676 mandaverit

220 2686 450 2730 Ordinariis
481 2687 696 2742 locorum,
721 2700 932 2735 utcontra
960 2692 1056 2735 talia
1086 2691 1176 2736 affe-

218 2756 356 2789 rentes
384 2745 648 2800 providerent
668 2776 688 2801 ,
715 2750 1056 2804 Etpoflmodum
1083 2765 1177 2808 pet.

226 2801 334 2847 miffa
363 2817 432 2859 per
458 2802 684 2848 recolendi·
698 2804 902 2851 mexn'oriae
927 2810 1178 2855 Nicolaum-2

221 2862 384 2917 Pil-,V-
410 2860 592 2909 {imiliter
628 2863 963 2911 Praedecess'orem
999 2868 1180 2912 nostrum

219 2914 440 2979 approbata
471 2921 512 2962 δε
536 2917 775 2964 confirmata
791 2921 1026 2978 sufflatae
1041 2928 1180 2972 stnflae

183 2991 186 2994 ’
215 2980 424 3027 meineri:
447 2980 1179 3031 sixtusPP.1·v.etiam1>raede‹.-eflor

211 3041 386 3099 ffioster„
402 3037 626 3094 hujusmodi
648 3040 960 3094 commistionem
972 3043 1038 3089 stu
1062 3061 1175 3090 man·

218 3097 365 3161 flatum
397 3098 447 3140 ad
466 3098 728 3154 Inquifltores
746 3101 941 3146 hereticae
968 3105 1176 3160 pravitatis

193 3188 195 3191 .
224 3156 452 3210 &render-it
466 3187 479 3208 ‚
493 3171 538 3200 ac
556 3158 765 3203 fratribus
777 3159 873 3204 dieii
899 3158 1063 3206 Ordinis
1076 3176 1175 3206 con.

222 3207 379 3259 beabit
398 3220 416 3268 ',
439 3227 486 3260 ut
515 3216 693 3271 personis
717 3219 773 3264 eis
789 3218 967 3264 confeffis
989 3248 1004 3270 ‚
1034 3222 1177 3278 quibus

227 3265 424 3317 Reaores
452 3277 746 3320 Parochialium
775 3279 1044 3322 Ecclefiarum
1057 3282 1177 3327 fine,

235 3332 457 3387 rationabili
473 3334 588 3378 causa
604 3338 877 3391 denegarent,
907 3338 988 3382 five
1002 3339 1177 3382 malitio-

235 3384 492 3454 se'differrent
520 3396 792 3448 Eucharistiae,
807 3396 873 3440 seu
887 3410 1074 3443 extrema:
1090 3401 1178 3442 Un-

239 3444 374 3493 §honis
402 3454 664 3497 sacramenta
690 3455 1070 3512 ministrare-,super
1096 3470 1178 3514 quo

236 3505 460 3551 eorumdem
475 3510 754 3556 Confefforum
777 3515 977 3559 affertioni
1003 3516 1090 3560 stari
1105 3517 1178 3559 de-

237 3560 374 3614 beret,
387 3565 455 3608 illa
476 3573 706 3622 petentibus
723 3573 873 3629 possent
889 3575 1051 3631 impune
1065 3575 1176 3618 exhi-

233 3618 328 3659 bere
349 3646 362 3659 ·
389 3622 538 3670 Tamen
561 3632 747 3675 nonnulli
769 3634 1004 3690 opinionem
1036 3633 1174 3688 praefa-

234 3686 318 3723 tam
333 3702 347 3726 ‚
361 3677 691 3731 &con'eeffionem
705 3690 929 3747 hujusmodi
952 3695 992 3737 in
1008 3693 1175 3736 dubium

235 3735 287 3776 de
304 3746 418 3801 novo
437 3749 585 3786 vertere
600 3747 780 3792 nituntur
808 3752 848 3794 in
871 3752 1179 3808 praejudicium..

235 3791 473 3849 APOst01¹Cae
495 3803 735 3849 annositatis
749 3834 764 3860 ,
787 3811 825 3851 &
839 3810 1146 3869 privilegiorum
1158 3841 1175 3864 ,

1981 190 2137 307 21'5

1251 358 1297 383 ac
1318 342 1486 382 Ordinis
1499 333 1805 392 praedictorum:
1838 339 1925 379 Nos
1946 341 2069 394 igitur
2085 373 2098 394 ,
2128 351 2199 401 qui

1247 395 1584 442 Christifidelium
1610 394 1833 435 animarum
1856 396 2003 447 saluti,
2027 401 2064 439 &
2088 404 2202 444 Reli-

1250 456 1453 512 giosorutn
1466 450 1748 507 quorumlibet
1763 452 1854 506 paci
1887 455 1922 494 Sc
1937 457 2205 511 tranquillita-

1250 516 1311 565 ti,
1340 523 1384 555 ut
1402 510 1547 567 poffint
1573 508 1996 567 quietius&devotiiis
2024 518 2202 558 Domino

1244 570 1427 614 famulari
1445 601 1461 622 ‚
1477 571 1675 621 libenter,
1690 568 1887 625 quantum
1902 585 1996 613 cum
2014 574 2104 613 Deo
2122 573 2209 626 pos-

1243 633 1390 682 sumus,
1401 628 1572 683 consuli,
1588 628 1748 673 finceris
1763 628 2034 673 desideramus
2062 629 2207 672 affecti-

1243 691 1317 734 bus
1333 718 1347 742 ,
1370 701 1480 732 motu
1508 690 1676 745 proprio
1689 718 1707 740 ‚
1732 702 1813 730 non
1830 689 1882 731 ad
1899 688 2073 746 alicujus
2096 688 2209 744 supet

1245 752 1320 792 hoc
1339 748 1467 793 Nobis
1481 749 1630 791 oblatae
1643 748 1853 804 petitionis
1869 748 2094 791 instantiam
2110 775 2123 799 ‚
2143 748 2209 789 sed

1244 809 1297 852 de
1310 804 1443 852 nostra
1458 822 1571 851 mera
1585 807 1882 850 deliberatione
1896 836 1910 860 ‚
1936 809 1976 850 δι
1998 821 2047 851 ex
2061 818 2209 851 certa...

1245 868 1410 911 scientia
1442 895 1456 917 ‚
1501 866 1688 923 praemiffa
1730 866 1866 907 omnia
1902 882 1973 923 per
2006 869 2209 910 Romanos

1246 925 1484 976 Pontifices,
1504 924 1811 970 Praedeceffores
1826 926 1977 968 nostros
1994 924 2179 981 praefatos
2193 951 2210 976 ‚

1248 987 1395 1031 statuta
1409 1014 1424 1037 ‚
1453 986 1642 1029 ordinata
1654 1012 1668 1034 ,
1682 986 1719 1026 ἃ
1733 984 1914 1028 conceffa
1927 1012 1942 1034 a
1967 985 2209 1028 auctoritate

1248 1049 1280 1090 A
1287 1044 1496 1103 postolicn,
1511 1055 1649 1088 tenore
1663 1039 1910 1099 pra-sentium
1924 1045 2208 1100 approbamus,

1247 1108 1288 1148 δι
1302 1103 1584 1149 confirmamus
1600 1107 1663 1156 ,δι
1678 1113 1876 1160 perpetuae
1904 1101 2107 1146 firmitatis
2139 1117 2213 1144 ro-

1250 1166 1325 1208 bur
1339 1164 1530 1208 obtinere
1544 1164 1695 1209 debere
1707 1163 1961 1207 decernimus
1978 1193 1988 1205 .
2019 1165 2072 1207 Et
2088 1161 2212 1205 nihil·

1248 1224 1408 1266 ominus
1423 1238 1498 1279 pro
1513 1224 1662 1279 potiori
1687 1223 1847 1265 cautela
1865 1251 1881 1274 ,
1906 1221 2045 1266 eadem
2074 1223 2215 1266 aueto-

1250 1283 1397 1333 ritate‚
1424 1284 1546 1325 etiam
1571 1281 1819 1340 praesentium
1847 1291 1992 1324 tenore
2007 1282 2216 1324 statuimus

1254 1343 1294 1384 δι
1320 1341 1586 1392 ordinamus,
1611 1356 1657 1383 ac
1681 1342 1938 1383 decernimus
1966 1341 2006 1381 δι
2032 1339 2214 1381 declara-

1253 1413 1342 1444 mus
1357 1429 1372 1451 ,
1384 1399 1491 1456 quod
1507 1397 1803 1442 Christifideles
1828 1397 1992 1440 confeffi
2015 1398 2035 1439 ἂ
2053 1397 2215 1440 Mendi-

1252 1459 1435 1502 cantibus
1453 1458 1531 1503 rite
1546 1456 1790 1514 praesentatis
1806 1457 2025 1500 secundum
2040 1455 2213 1499 sormam

1250 1517 1560 1562 constitutionis
1583 1531 1666 1560 rec.
1683 1530 1800 1559 mem.
1818 1516 2040 1559 Clementis
2059 1517 2136 1557 ΡΡ.
2155 1518 2207 1557 V.

1251 1578 1373 1621 etiam
1400 1575 1701 1621 Proedecefforis
1727 1574 1847 1618 nostri
1879 1574 1995 1631 super
2025 1576 2102 1618 hoc
2138 1575 2208 1618 in,

1249 1636 1441 1679 Concilio
1456 1635 1654 1677 Viennen.
1673 1634 1790 1678 editae
1800 1663 1816 1686 ,
1833 1647 1919 1691 quae
1938 1634 2097 1690 incipit:
2116 1637 2205 1677 Du·

1248 1696 1364 1738 dum:
1391 1697 1428 1737 &
1453 1694 1503 1735 ab
1523 1693 1669 1737 eisdem
1684 1693 1883 1742 absoluti,
1909 1691 1961 1736 de
1987 1707 2068 1750 quo
2090 1690 2207 1735 affer-

1250 1755 1350 1797 tioni
1365 1754 1481 1810 ipfius
1497 1751 1656 1796 confeffi
1674 1754 1797 1796 stetur
1813 1780 1828 1804 ,
1852 1753 1974 1795 etiam
2001 1755 2039 1794 in
2055 1753 2122 1794 die
2137 1754 2211 1794 Pa·

1248 1812 1348 1856 schae
1372 1827 1455 1855 non
1481 1823 1701 1855 teneantur
1731 1812 1877 1854 iterum
1905 1810 2092 1853 confiteri
2116 1810 2209 1854 dea

1246 1871 1481 1916 eisdemmet
1499 1871 1678 1926 peccatis
1693 1868 1764 1911 suo
1791 1870 1961 1912 Refiori
1978 1868 2208 1911 Parochiali

1245 1930 1312 1977 (eu
1325 1934 1514 1978 Curam,
1538 1927 1604 1972 sed
1621 1927 1732 1987 quod
1758 1926 1827 1970 fint
1855 1926 1964 1983 aeque
1991 1928 2088 1971 vere
2113 1940 2212 1970 con-

1242 1983 1329 2030 feffi
1343 1990 1381 2028 δι
1398 1987 1601 2036 absoluti,
1619 2002 1666 2031 ac
1690 1987 1715 2031 fi
1737 1987 1908 2044 propriis
1932 1987 2102 2029 Curatis
2131 1988 2208 2031 Pa-

1245 2043 1489 2085 roehialibus
1501 2042 1687 2094 eonfeffi,
1707 2045 1748 2087 δι
1772 2046 1822 2087 ab
1836 2045 1896 2086 eis
1928 2044 2102 2088 absoluti
2119 2043 2210 2087 fuis·

1242 2101 1348 2146 sent.
1373 2099 1650 2158 Quodque,fi
1675 2102 1853 2143 Cui-atus
1878 2102 2125 2145 Paroebialis
2151 2103 2206 2146 ob

1242 2158 1554 2208 hanc‘causam‚
1582 2159 1672 2214 quia
1703 2158 1970 2202 Parochianus
2001 2159 2088 2203 suus
2105 2173 2208 2203 eon·

1241 2217 1354 2259 feffus
1378 2218 1434 2259 est
1448 2215 1595 2257 eisdem
1614 2219 1843 2268 Fratribus,
1860 2219 1901 2258 &
1915 2231 1994 2259 non
2014 2219 2104 2261 vult
2127 2219 2206 2262 ite·

1241 2288 1330 2320 rum
1357 2275 1422 2317 sua
1450 2285 1614 2330 peccata
1627 2274 1760 2316 eidem
1786 2277 1956 2317 Rectori
1984 2274 2170 2318 confiteri
2189 2303 2203 2324 2

1239 2334 1500 2389 denegaverit
1525 2333 1595 2376 fibi
1635 2334 1825 2377 exhibere
1854 2334 2108 2377 Eucharistiae
2133 2339 2206 2380 Sa-

1243 2404 1494 2438 cramentum
1511 2420 1526 2442 ,
1554 2391 1673 2433 etiam
1695 2394 1734 2434 in
1765 2393 1833 2435 die
1850 2391 2028 2442 Paschae,
2054 2404 2122 2436 aut
2138 2409 2205 2437 ex·

1243 2464 1412 2496 tremam
1427 2451 1672 2496 Unssioncm
1690 2478 1704 2499 ,
1730 2451 1794 2493 seu
1816 2451 2048 2500 viaticum,
2077 2454 2116 2494 in
2132 2454 2205 2497 tali

1240 2511 1332 2555 casu
1348 2513 1467 2554 liceat
1485 2510 1696 2552 Fratribus
1710 2509 1798 2565 ipfis
1814 2539 1829 2561 ,
1856 2510 1924 2565 qui
1948 2512 2088 2552 talium
2106 2527 2205 2554 con·

1242 2568 1427 2624 semones
1442 2569 1668 2612 audiverint
1684 2598 1697 2620 ,
1717 2568 1942 2612 huiusmodi
1968 2573 2202 2613 Sacramen-

1239 2641 1281 2674 ta
1295 2630 1495 2688 denegata
1512 2657 1525 2680 ,
1538 2629 1732 2673 videlicet
1750 2627 2062 2680 Eucharistiam,
2079 2631 2202 2672 etiam

1215 2691 1276 2735 ’ἑο
1293 2690 1399 2733 dieta
1413 2689 1484 2733 die
1501 2687 1683 2738 Paschae,
1697 2689 1737 2731 δι
1755 2688 1962 2731 Viaticum
1980 2717 1992 2739 ‚
2018 2703 2063 2730 ac
2079 2690 2198 2732 etiam

1233 2759 1463 2793 extremam
1483 2748 1721 2791 UnCiionem
1735 2747 1808 2791 tali
1835 2746 2018 2790 confeffo
2030 2749 2198 2791 exhibe-

1236 2823 1310 2859 re,
1335 2809 1564 2865 &praebere
1578 2806 1690 2863 juxta
1708 2800 1894 2850 tenorem
1923 2807 2198 2862 praedieiarum

1239 2866 1468 2912 litterarum
1504 2867 1606 2909 Sixti
1633 2864 1931 2908 Praedecessoris
1947 2864 2098 2919 praefati
2114 2868 2198 2919 ,ita

1238 2926 1348 2981 quod
1362 2941 1435 2971 nec
1455 2923 1679 2968 ministrans
1709 2921 1940 2978 hujusmodi
1966 2925 2200 2966 Sacramen-

1237 2995 1279 3029 ta
1293 3014 1308 3039 ,
1323 2999 1398 3031 nec
1413 2983 1483 3027 illa
1499 2981 1708 3035 iiii‘cipiens
1731 3009 1747 3033 ,
1761 2981 1799 3024 in
1816 2981 1893 3022 hoc
1910 2979 2085 3036 aliquam
2100 2996 2196 3026 cen-

1235 3043 1362 3088 suram
1390 3038 1711 3086 Ecclesmsticam
1749 3040 1961 3088 incurrat,
1982 3039 2195 3082 districtius

1235 3103 1462 3147 inhibentes
1485 3097 1784 3157 quibuscunque
1796 3097 1993 3148 Curatis,
2017 3096 2081 3140 seu
2110 3101 2198 3142 Re-

1235 3162 1416 3206 &oribus
1430 3158 1756 3210 Parocbialibus,
1781 3159 1822 3200 δι.
1838 3155 2066 3214 specialiter
2091 3158 2195 3200 dile-

1236 3223 1308 3264 ctis
1330 3219 1440 3263 Filiis
1453 3249 1469 3272 ,
1485 3217 1746 3261 Univerfitati
1759 3216 1878 3260 studii
1892 3215 2105 3260 Generalis
2118 3217 2193 3258 Pa·

1237 3282 1270 3322 ri
1277 3279 1368 3322 fien.
1385 3276 1584 3334 Magistris
1598 3303 1613 3326 ‚
1625 3276 1864 3320 nonoribus
1878 3305 1891 3328 ,
1916 3276 1957 3317 &
1973 3275 2194 3318 Baccalau-

1236 3339 1316 3382 reis
1332 3351 1412 3390 ‚ne
1431 3333 1620 3395 praemiffa
1646 3345 1790 3379 contra
1814 3345 2002 3378 tenorem
2028 3326 2192 3389 pr‘ivile-

1236 3398 1393 3455 giorum
1408 3395 1684 3452 praedielorum
1697 3394 1912 3444 affirmare,
1926 3390 2109 3442 afferet-e,
2125 3403 2193 3435 aut

1235 3458 1288 3499 de
1312 3456 1373 3499 eis
1394 3455 1599 3510 disputare
1611 3484 1629 3506 ‚
1643 3455 1711 3498 nifi
1726 3455 1857 3510 gratia
1872 3452 2071 3502 exercitii,
2084 3465 2187 3508 quo-

1234 3515 1447 3572 quomodo
1472 3512 1707 3568 praesumant
1736 3539 1750 3562 ,
1775 3505 1845 3554 sub
1863 3512 2191 3555 excommunica-

1235 3574 1359 3616 tionis
1372 3572 1461 3615 latae
1477 3570 1676 3615 sententia:
1686 3600 1703 3622 ,
1715 3571 1756 3612 &
1782 3571 2019 3626 privationis
2031 3567 2185 3613 benefi-

1236 3632 1391 3674 ciorum
1409 3628 1630 3685 Magisterii
1644 3658 1659 3680 ,
1674 3631 1715 3673 δι
1729 3628 1902 3673 licentiae
1922 3628 2127 3677 docendi,
2148 3628 2187 3667 δε

1236 3689 1478 3746 praedicandi
1501 3702 1698 3738 ‚necnon
1723 3687 1987 3733 inhabilitatis
2011 3686 2062 3730 ad
2088 3686 2183 3728 illa,

1239 3751 1374 3806 poenis
1389 3775 1404 3798 ‚
1417 3761 1515 3803 quas
1530 3746 1873 3792 contrafacientes
1886 3747 2027 3803 eoipso
2051 3745 2184 3786 incur-

1237 3819 1332 3853 rant
1354 3836 1365 3850 .
1395 3806 1603 3861 Quocirca
1629 3807 1943 3852 Venerabilibus
1981 3799 2186 3895 Fratrci'bus

2062 3870 2083 3898 n
2118 3879 2136 3888 n
