2444 4192
952 198 1508 314 Appendix.

300 351 340 403 §-
356 361 397 402 7.
454 351 692 395 inhibentes
722 351 881 406 insuper
909 354 1082 398 Decanis
1105 383 1122 406 ,
1168 355 1210 396 δε

241 409 439 467 Capitulis
481 413 751 455 Ecclefiarum
779 411 1089 456 Cathedralium
1117 416 1207 454 Me·

240 470 585 527 tropolitanarum
595 498 609 522 ‚
621 470 663 510 δι
678 468 1034 523 Patriarchalium,
1047 482 1208 512 necnon

237 530 476 588 quorumvis
501 529 703 578 ordinum
716 555 733 578 ‚
753 528 794 569 δι
826 527 1010 570 locorum
1029 528 1208 583 Regula·

238 590 346 633 rium
370 616 386 640 ‚
416 588 661 633 Societatem
674 613 690 637 ‚
719 586 760 628 δι
790 586 1069 629 institutorum
1098 612 1115 635 ,
1157 597 1206 625 ac

237 650 359 692 etiam
373 646 610 703 Hospitalis,
624 643 902 703 praedictorum
916 643 1212 701 Superioribus,

237 707 578 758 Conventibus‚&
589 703 1061 759 FratribuS‚quantumvis
1075 714 1210 744 exem·

233 767 319 823 ptis
330 791 345 815 s
361 778 411 809 ne
426 765 493 809 sub
509 762 740 821 privationis
749 761 1034 806 beneficiorum
1049 789 1064 812 ,
1089 761 1127 803 δι
1140 756 1205 802 of·

237 825 428 867 liciorum
447 834 790 881 quorumcumque
806 834 875 876 per
901 835 971 865 eos
984 816 1205 876 respective

234 885 505 926 obtentorum
528 908 543 932 s
573 896 618 925 ac
645 880 827 924 similiter
852 879 1120 924 inhabilitatis
1150 875 1203 918 ad

233 942 313 986 alia
326 942 366 985 in
381 939 560 985 futurum
577 939 798 984 obtinenda
813 967 827 991 ,
841 938 1028 996 vocisque
1040 938 1175 981 activa
1188 962 1204 986 ‚

234 1003 277 1044 &
291 999 442 1058 paffivae
452 1029 469 1052 ,
492 1013 650 1043 necnon
674 998 1102 1044 excommunicationis
1117 995 1204 1038 latae

232 1059 441 1104 sententiat
453 1071 503 1102 eo
518 1057 601 1115 ipso
613 1058 867 1102 incurrendis
882 1058 1016 1116 poenis
1032 1085 1047 1110 ,
1075 1053 1203 1099 Ordi-

231 1118 366 1161 narios
379 1116 560 1160 locorum
570 1145 587 1171 ,
600 1129 758 1161 necnon
774 1119 949 1175 Legatos
962 1143 976 1166 ‚
999 1118 1064 1160 seu
1080 1114 1202 1159 Vice-

235 1172 607 1233 legatos‚aliosque
622 1176 833 1231 pradictus
863 1177 905 1220 in
934 1174 1057 1219 caufis
1072 1167 1203 1228 hujus-

233 1234 346 1277 modi
370 1231 636 1288 procedentes
666 1232 958 1289 quoquomodo
983 1232 1205 1290 impedire,

230 1289 444 1336 molestare
459 1315 475 1340 ,
517 1290 585 1331 seu
611 1295 855 1343 perturbare
889 1291 1068 1334 audeant
1084 1312 1104 1338 ι
1134 1288 1202 1332 vel

232 1345 467 1408 presumant
478 1371 494 1396 ‚
508 1359 554 1389 ac
569 1346 691 1407 etium
706 1348 962 1401 mandantes,
973 1357 1035 1401 ut,
1047 1346 1206 1405 quoties

234 1408 287 1452 ad
317 1405 358 1449 id
388 1404 541 1448 suerint
570 1406 777 1462 requisiti,
808 1406 1038 1463 Religiosos
1070 1404 1174 1463 ipsos
1189 1431 1205 1455 ,

233 1463 386 1511 etiamsi
415 1462 585 1522 alicujus
608 1463 690 1507 loci
716 1464 933 1523 Regularis
968 1462 1206 1521 Superiores

236 1528 326 1569 actu
352 1521 504 1567 fuerint
520 1521 774 1575 ,ordinariis
792 1550 808 1575 ‚
835 1524 1000 1582 Legatis
1018 1550 1033 1576 ,
1058 1522 1122 1567 seu
1136 1522 1206 1565 Vi-

235 1582 430 1640 celegatis
456 1610 471 1634 ‚
512 1593 558 1623 ac
579 1580 665 1626 aliis
696 1582 890 1638 predictis
921 1611 936 1635 ‚
967 1580 1035 1626 seu
1062 1581 1207 1639 quibus

235 1643 361 1688 iidem
374 1639 667 1691 mandaverint,
680 1643 916 1699 consignent
931 1655 1025 1686 cum
1040 1639 1208 1698 scriptu-

234 1704 315 1749 ris,
327 1701 369 1742 δι
380 1700 477 1742 ειὲὶίε
492 1726 506 1750 ,
535 1698 562 1742 fi
579 1711 667 1755 quae
682 1700 781 1744 facta
797 1699 1180 1758 fuiffie‘reperiantur
1193 1728 1206 1742 .

291 1758 381 1810 §.8·
422 1758 710 1814 Sicque&non
731 1759 850 1804 aliter
863 1760 902 1803 in
919 1756 1116 1817 praemissts
1130 1772 1204 1816 per

233 1816 677 1880 quoscumqueJudices
693 1818 952 1872 Ordinatios,
969 1819 1208 1877 Delegatos,

234 1882 273 1923 δι
286 1874 589 1922 Commiss'arios
601 1903 618 1928 ,
643 1891 689 1920 ac
703 1879 826 1922 etiam
839 1881 1021 1924 Camere
1034 1876 1207 1935 Aposto-

235 1938 320 1982 licae
335 1935 527 1980 Clericus
542 1964 558 1988 ,
592 1937 854 1984 Praestdentes
868 1966 883 1990 ‚
914 1951 1074 1982 necnon
1095 1939 1206 1981 Cau·

235 1996 370 2040 sarum
386 1994 532 2040 Palatii
545 1995 764 2052 Apostolici
778 2026 796 2051 ,
825 1999 863 2040 δι
880 1998 1014 2041 Curiae
1027 1993 1207 2054 ejusdem

236 2059 420 2102 Camers:
446 2054 653 2110 generales
681 2058 901 2100 Auditores
927 2085 942 2110 ,
963 2070 1010 2101 ac
1034 2060 1077 2100 S.
1094 2057 1146 2099 R.
1160 2057 1206 2097 E.

236 2110 519 2159 Camerarium
533 2142 548 2166 ,
563 2114 603 2156 &
620 2113 718 2158 alios
731 2115 970 2160 Cardinales
984 2144 999 2167 ‚
1021 2116 1142 2158 etiam
1154 2115 1205 2157 de

235 2176 389 2218 Latere
404 2175 594 2228 Legatos,
602 2188 762 2217 necnon
780 2177 896 2218 Vice-
907 2174 1206 2225 camerarium,

234 2229 391 2276 sublati
404 2232 486 2280 eis,
511 2231 552 2272 8ι
576 2246 715 2275 eorum
729 2234 895 2277 cuilibet
920 2235 1060 2290 quavis
1085 2234 1206 2276 aliter

233 2289 435 2350 judicandi
450 2319 465 2343 ‚
479 2288 826 2347 &interpretandi
845 2291 1036 2335 facultate
1048 2320 1063 2344 ‚
1083 2294 1123 2335 &
1136 2307 1204 2334 au·

234 2351 442 2401 ctoritate,
456 2347 605 2406 ubique
618 2349 803 2406 judicari,
818 2352 859 2394 &
872 2350 1030 2395 definiri
1046 2353 1210 2407 debere,

232 2409 392 2452 irritum
407 2420 570 2466 quoquc
600 2411 641 2452 dt
669 2413 814 2462 inane,
846 2411 870 2453 fi
885 2412 995 2454 secus
1010 2411 1124 2466 super
1146 2413 1209 2456 his

235 2467 259 2511 i
274 2481 476 2525 quoquam
492 2468 630 2525 quavis
654 2470 895 2514 auctoritate
915 2470 1085 2514 scienter
1099 2500 1114 2520 ,
1139 2472 1205 2515 vel

229 2527 468 2584 ignoranter
476 2528 699 2580 contigerit
716 2526 953 2581 attentari‚d
960 2531 1182 2572 ecernimus
1192 2562 1206 2574 .

286 2584 328 2636 §-
342 2597 384 2643 9.
447 2585 542 2627 Non
555 2582 804 2627 obstantibus
817 2588 1203 2642 constitutionibus,

228 2645 272 2687 dt
284 2639 622 2686 ordinationibus
653 2643 920 2699 Apostolicis‚
943 2658 1100 2689 necnon
1129 2660 1206 2688 no-

231 2701 308 2745 stra
324 2699 364 2742 in
378 2711 548 2743 numero
560 2700 862 2756 scptuagefimo,
874 2704 916 2745 δι
929 2704 1018 2746 aliis
1031 2706 1209 2750 Cancel-

231 2759 340 2803 lariae
354 2757 597 2813 Apostolicoe
611 2758 778 2813 Regulis
792 2787 808 2811 ,
819 2773 865 2802 sc
883 2760 1212 2816 provinciarum,

234 2819 473 2874 Regnorum
485 2840 501 2866 ‚
515 2815 743 2860 civitatum
759 2845 774 2870 ‚
791 2819 1012 2862 Terrarum
1028 2847 1043 2870 ‚
1072 2821 1206 2877 Oppi.

231 2877 406 2926 dorum,
425 2877 659 2928 Locorum,
688 2875 983 2929 scelestarum,
1008 2880 1207 2924 Monaste·

231 2937 389 2979 riorum
402 2963 419 2987 ,
431 2934 674 2978 Militiarum
685 2958 702 2984 2
733 2933 1003 2991 Hospitalium
1016 2965 1029 2989 ,
1051 2937 1206 2984 etiam..

231 2993 452 3052 &joannis
467 2993 751 3051 predictorum
768 3022 783 3046 ‚
810 2994 1064 3050 aliorumque
1094 2996 1207 3041 Reli.

233 3050 438 3111 giosorum
453 3081 468 3106 ,
491 3053 532 3094 δι
546 3052 703 3109 piorum
720 3053 909 3096 locorum
921 3082 936 3107 ‚
956 3055 1080 3097 etiam
1100 3055 1210 3113 jura-

232 3122 392 3165 mento,
403 3109 715 3155 confirmatione
726 3111 974 3168 Apostolum,
990 3114 1053 3156 vel
1068 3118 1210 3170 quavis

231 3170 427 3226 firmitate
434 3171 513 3214 alia
527 3170 731 3215 roboratis
748 3170 904 3215 statutis
914 3198 928 3222 ‚
941 3173 981 3214 &
994 3173 1209 3218 consuetu·

231 3231 424 3284 dinibus,
448 3228 676 3287 Privilegiis
701 3243 867 3287 quoque
889 3259 905 3282 ,
927 3230 1109 3276 Induitis
1126 3263 1143 3285 ,
1169 3235 1211 3277 δι

232 3289 402 3335 Litteris
418 3288 664 3346 Apostolicis
688 3287 838 3332 eisdem
854 3289 1074 3333 Provinciis
1086 3319 1102 3343 ‚
1131 3294 1211 3336 Re.

235 3347 606 3407 gnis‚Civitatibus
617 3377 634 3399 ,
647 3348 786 3392 Terris
797 3376 812 3398 ,
828 3348 999 3404 Oppidis
1014 3377 1029 3401 ‚
1062 3352 1206 3402 Locis,

234 3405 424 3452 Ecclessis
438 3435 454 3459 ,
473 3407 722 3450 Monasteriis
737 3435 753 3458 ,
768 3407 864 3450 Hos
855 3407 1059 3464 pitalibus,
1074 3411 1116 3451 &
1131 3411 1206 3454 Mi.

235 3465 335 3508 litiis
349 3464 545 3523 tur-dietis
557 3493 572 3517 ‚
584 3465 724 3509 &aliis
738 3466 814 3522 piis
828 3466 932 3511 locis
945 3493 960 3517 ,
976 3481 1022 3508 ac
1036 3468 1205 3511 illorum

233 3523 575 3569 universitatibus
583 3551 598 3576 ,
613 3524 815 3582 Capitulis
824 3555 840 3578 ‚
855 3526 1159 3582 Superioribus,
1168 3529 1210 3571 δι

232 3579 411 3639 personis
428 3582 469 3624 in
480 3584 733 3630 contrarium
747 3582 879 3628 forsan
892 3586 1208 3643 quomodolibet

235 3638 424 3685 conceffis
435 3640 690 3697 ,approbatis
702 3672 716 3698 ,
731 3645 771 3687 Bt
787 3643 985 3689 innovatis
1001 3672 1014 3685 .
1045 3646 1208 3708 Qibus

230 3700 419 3744 omnibus
433 3726 448 3751 ,
475 3700 692 3758 &singulis
705 3732 723 3756 ,
742 3703 893 3747 etiamsi
919 3703 973 3746 de
992 3702 1075 3747 illis
1091 3734 1107 3756 ,
1131 3719 1204 3748 eo·

2020 237 2168 321 551

1269 355 1363 396 bum
1383 382 1401 407 ,
1429 366 1510 395 non
1540 358 1674 394 autem
1707 362 1778 404 per
1809 350 2001 395 clausulas
2029 360 2237 413 generales

1267 412 1374 455 idem
1389 414 1653 465 importantes
1677 408 1833 450 mentio
1845 437 1858 459 ‚
1887 408 1950 450 seu
1977 420 2123 466 quaevis
2154 419 2234 458 alia

1267 466 2168 570 E'Z'Z‘fflssa'nii‘fgiss‘i“issssiafflss'isiissnfi'ss'⁰³
2185 475 2239 516 ²⁶

1682 553 1695 574 3
2104 545 2218 574 nores

1267 600 1312 630 ac
1330 586 1355 628 fi
1368 585 1421 627 de
1438 583 1567 626 verbo
1576 583 1627 624 ad
1639 587 1804 625 verbum
1821 583 2114 634 insererentur,
2143 560 2240 640 prat:

1269 643 1442 688 sentibus
1455 655 1530 697 pro
1542 641 1728 697 expreffis
1745 642 1958 692 habentes,
1972 644 2053 687 illis
2084 644 2182 688 alias
2199 648 2240 688 in

1268 703 1341 747 suo
1356 701 1504 746 robore
1518 700 1784 756 permansuris
1800 728 1815 753 ‚
1830 703 1904 744 hac
1921 703 2011 745 vice
2025 703 2239 747 dumtaxat

1264 759 1494 819 specialiter
1506 787 1521 811 ,
1534 760 1573 800 δι
1588 758 1773 814 expresse
1786 760 1929 802 harum
1944 760 2044 804 serie
2058 762 2234 817 deroga-

1262 833 1353 864 mus
1365 849 1380 874 ,
1392 817 1638 874 caeterisque
1651 819 1868 861 contrariis
1878 820 2184 876 quibuscunque
2194 848 2207 861 .

1319 879 1443 930 §.10-
1510 877 1714 921 Volumus
1736 886 1872 921 autem
1888 907 1904 932 ,
1929 879 2038 936 quod
2066 879 2238 934 pra-send

1262 946 1323 982 tes
1351 937 1494 980 littera
1516 935 1559 978 in
1587 936 1715 979 valvis
1728 936 1918 981 Ecclesiae
1935 938 2207 982 Lateranenfis
2221 965 2238 990 ,

1262 1001 1301 1042 &
1317 995 1489 1041 Bafilicae
1503 994 1703 1051 Principis
1716 995 2004 1050 Apostolorum
2034 997 2087 1039 de
2102 998 2210 1039 Urbe
2221 1021 2237 1045 ,

1262 1072 1308 1101 ac
1325 1051 1592 1100 Cancellariae
1607 1057 1639 1097 Α
1645 1052 1849 1110 postolicae
1864 1083 1881 1108 ‚
1913 1070 2070 1099 necnon
2096 1056 2137 1096 in
2151 1055 2239 1097 acie

1260 1115 1407 1172 Campi
1425 1113 1551 1157 Flora
1562 1113 1882 1171 publicentur,&
1893 1114 2122 1170 affigantur,
2136 1127 2239 1170 quae,

1264 1175 1472 1234 postquam
1499 1173 1551 1215 fic
1581 1170 1704 1215 affixe
1716 1201 1732 1224 ,
1758 1172 1800 1215 δι
1826 1174 2040 1231 publicata
2057 1172 2207 1214 suerint
2219 1200 2237 1224 ,

1263 1233 1520 1293 quoscunque
1536 1232 1675 1276 tamin
1692 1232 1797 1275 flatu
1825 1233 1959 1276 nostro
1986 1230 2203 1289 temporali
2222 1259 2239 1282 ‚

1264 1295 1387 1351 quim
1410 1303 1524 1336 extra
1539 1304 1658 1340 eum,
1685 1291 1833 1348 ubique
1859 1292 2047 1336 locorum
2075 1288 2241 1347 perinde

1265 1354 1423 1394 ardent
1436 1376 1452 1401 ‚
1479 1352 1521 1392 δι
1542 1349 1721 1393 afficiant
1734 1378 1750 1402 ,
1775 1363 1821 1392 ac
1837 1352 1863 1393 fi
1880 1350 2098 1404 unicuique
2111 1348 2242 1397 nomi-⁴

1265 1409 1395 1455 natim
1409 1436 1425 1461 ‚
1438 1409 1478 1451 dt
1490 1405 1754 1464 personaliter
1767 1408 1963 1451 intimata
1978 1407 2134 1450 futssent
2150 1436 2165 1447 .

1322 1466 1363 1517 §-
1384 1479 1398 1508 ι
1410 1477 1447 1508 t.
1506 1465 1712 1524 Quodque
1724 1480 1864 1510 earum
1880 1464 2074 1522 exemplis
2090 1493 2104 1516 ,
2117 1466 2243 1508 etiam

1268 1522 1483 1581 impreffis‚
1499 1534 1617 1567 manu
1634 1524 1799 1566 Notat-ii
1812 1526 1967 1580 publici
1983 1523 2243 1580 subscriptis,

1267 1587 1306 1628 δι
1324 1582 1457 1641 figillo
1468 1582 1633 1635 alicujus
1647 1580 1823 1637 personae
1837 1583 1877 1626 in
1889 1582 2087 1638 dignitate
2098 1581 2244 1625 Eccle-

1266 1642 1415 1687 fiastica
1434 1640 1663 1685 constitute
1679 1642 1846 1685 munitis
1862 1670 1877 1694 ,
1902 1642 2045 1686 eadem
2079 1638 2244 1693 prorsus

1265 1702 1368 1747 fides
1382 1703 1422 1745 in
1439 1700 1595 1756 judicio
1609 1729 1621 1752 ,
1653 1701 1694 1743 δι
1707 1711 1842 1752 extra,
1867 1701 2020 1758 ubique
2048 1700 2243 1744 adhibea-

1265 1771 1335 1805 tur
1347 1788 1361 1811 ,
1377 1775 1461 1818 quae
1475 1759 1736 1816 praesentibus
1752 1759 2014 1805 adhiberetur
2025 1789 2041 1814 ,
2066 1759 2091 1803 fi
2106 1757 2242 1804 forent

1264 1820 1454 1863 exhibite
1464 1846 1481 1873 ,
1499 1816 1563 1860 vel
1577 1816 1739 1861 ostense
1752 1847 1766 1861 .

1323 1880 1363 1931 ἦ.
1387 1891 1447 1921 12.
1508 1876 1625 1921 Nulli
1642 1890 1743 1933 ergo
1758 1877 1933 1921 omnino
1960 1878 2171 1921 hominum
2188 1876 2242 1919 lid

1262 1949 1350 1983 ceat
1385 1939 1487 1980 hanc
1516 1936 1703 1992 paginam
1735 1935 1873 1979 nostrae
1894 1936 2203 1993 approbationis
2225 1962 2241 1986 ‚

1263 1996 1581 2041 confirmationis
1605 2022 1620 2046 ,
1646 1995 1918 2039 innovationis
1941 2022 1956 2046 ,
1983 1995 2242 2046 inflictionis,

1265 2055 1536 2112 impositionis
1548 2082 1564 2105 ,
1579 2054 1827 2097 inhibitionis
1839 2081 1854 2106 ,
1867 2053 2024 2096 decreti
2039 2081 2053 2105 ,
2070 2053 2241 2111 deroga·

1264 2117 1412 2166 tionis,
1435 2115 1477 2159 &
1491 2112 1719 2157 voluntatis
1734 2112 1977 2168 infringere,
1997 2112 2062 2156 vel
2082 2113 2120 2155 ei
2145 2112 2240 2155 ausu

1266 2175 1489 2220 temerario
1503 2174 1709 2216 contraire
1720 2200 1732 2214 .
1764 2174 1803 2216 si
1814 2186 1903 2230 quis
1919 2182 2059 2215 autem
2084 2172 2162 2214 hoc
2177 2183 2242 2214 at·

1266 2246 1426 2280 tentare
1435 2229 1721 2288 praesumpserit
1736 2261 1751 2285 ,
1764 2232 2086 2288 indignationem
2098 2232 2244 2274 Omni-

1267 2294 1444 2352 potentis
1459 2291 1565 2342 Dei,
1591 2303 1639 2331 ac
1667 2291 1883 2335 Beatorum
1904 2290 2040 2342 Petri,
2065 2292 2106 2333 δι
2122 2290 2240 2334 Pauli

1270 2352 1557 2408 Apostolorum
1570 2347 1652 2404 ejus
1666 2349 1703 2394 se
1715 2352 1875 2395 noverit
1891 2348 2164 2392 incursurum.

1390 2414 1539 2454 Datum
1558 2410 1698 2452 Romae
1728 2411 1837 2468 apud
1860 2411 2050 2453 Sannum
2075 2412 2244 2452 Petrum

1266 2472 1384 2514 Anno
1418 2469 1719 2512 incarnationis
1762 2469 1986 2513 Dominicae
2031 2467 2245 2512 millefimo

1266 2530 1555 2579 sexcentesimo
1585 2530 1790 2586 trigesimo
1814 2529 1953 2586 *ptimo
1984 2555 1997 2578 ‚
2040 2527 2245 2572 Kalendas

1264 2590 1419 2649 Aprilis
1434 2618 1450 2644 ‚
1463 2584 1726 2634 pontificatus
1744 2588 1881 2634 Nostri
1894 2587 2012 2630 Anno
2023 2590 2171 2630 octavo
2188 2613 2201 2626 .

1678 2708 1838 2749 x11.

1265 2820 1412 2890 Qod
1430 2823 1541 2872 Itali
1557 2835 1690 2871 extra
1710 2824 1897 2871 Italiam
1922 2837 2016 2870 non
2035 2820 2240 2872 habitent:

1338 2893 1383 2941 in
1402 2892 1544 2952 locis,
1570 2891 1648 2942 ubi
1667 2890 1780 2941 liber
1799 2926 1815 2950 ,
1843 2889 1892 2941 ὅτ
1920 2889 2135 2957 publicus
2150 2894 2247 2942 cul-

1334 2976 1439 3022 tus,
1472 2961 1561 3014 five
1586 2959 1691 3013 usus
1707 2963 1963 3016 Catholicae
1984 2961 2243 3032 Religionis

1338 3050 1432 3084 non
1449 3034 1601 3084 existit
1619 3068 1634 3085 .

1303 3165 1697 3218 CLEMENS
1747 3161 1960 3215 PAPA
2012 3143 2199 3213 v111'.

1445 3293 1517 3338 Ad
1529 3291 1728 3352 futuram
1751 3292 1813 3334 res·
1833 3292 2086 3335 memoriam.

1382 3412 1465 3455 Um
1476 3440 1492 3464 ,
1507 3409 1607 3454 ficut
1622 3423 1700 3453 non
1714 3411 1796 3452 fine
1810 3421 1955 3464 magno
1969 3407 2090 3450 animi
2117 3405 2239 3451 nostri

1397 3470 1544 3514 dolore
1556 3470 1784 3524 accepimus
1795 3494 1811 3518 ,
1835 3468 2095 3524 quamplures
2112 3466 2237 3510 Chri-

1266 3524 1459 3573 stitideles
1470 3543 1522 3573 ex
1534 3527 1701 3572 diverfis
1714 3528 1843 3571 ltaliae
1858 3527 2042 3583 partibus
2053 3553 2069 3576 ,
2094 3536 2235 3568 eorum

1267 3588 1407 3638 patriis
1421 3590 1518 3641 ‚ubi
1530 3601 1653 3638 vera,
1674 3588 1715 3629 δι
1729 3587 1898 3636 Sancta,
1922 3586 2137 3630 Catholica
2151 3607 2164 3630 a
2194 3583 2233 3620 δι

1266 3644 1503 3700 Apostolica
1521 3646 1689 3701 Religio
1705 3647 1843 3703 viget,
1857 3647 1898 3687 δι
1910 3645 2071 3702 publice
2090 3638 2233 3695 pradi-

1263 3713 1382 3748 catur
1395 3734 1410 3758 ‚
1422 3708 1679 3753 discedentes
1692 3731 1707 3755 ‚
1721 3708 1869 3749 abeant
1881 3706 1922 3747 in
1935 3702 2149 3756 longinqua
2164 3697 2228 3738 lo-

230 3771 400 3816 rumque
420 3758 518 3801 totis
528 3761 741 3814 tenoribus,
751 3763 930 3820 specialis
947 3791 962 3816 ,
986 3763 1201 3820 specifica;
1258 3777 1308 3806 ca
1321 3794 1334 3817 ,
1363 3766 1431 3808 ubi
1448 3781 1528 3809 non
1545 3765 1673 3807 solum
1689 3765 1849 3809 haereses
1865 3759 2025 3817 impune
2057 3754 2232 3821 graffiu-

228 3816 406 3877 cxpreffa
419 3845 434 3871 ,
447 3818 487 3860 δι
500 3817 740 3876 individua,
762 3836 809 3880 ac
824 3822 877 3881 de
892 3824 1022 3881 verbo
1041 3822 1092 3883 ad
1108 3837 1199 3881 vcr->
1255 3830 1325 3882 tur
1336 3851 1353 3880 ,
1366 3825 1452 3882 sed,
1464 3826 1572 3886 quod
1582 3825 1698 3885 pejus
1712 3825 1784 3879 est,
1803 3819 2027 3880 Catholicae
2044 3815 2233 3872 Religm

2120 3874 2182 3916 nis
