2444 4192
757 165 921 251 suh
983 169 1431 254 Alexandro
1494 164 1540 248 I
1558 165 1663 250 V.

2038 195 2161 280 47

213 318 328 377 '⁸¹2⁶
353 309 424 357 ω,
448 307 658 379 Ῑωηξῖιῖῗθῗ
671 310 892 366 Fetebssur
912 310 935 351 ἦ
959 312 1121 378 Nobis,
1141 324 1187 356 ut
1247 316 1494 358 celebritate
1506 330 1662 364 annua,
1693 316 1975 372 predicatione
1987 322 2220 379 frequenti,

208 386 304 420 oum
327 368 640 426 eompofiuones
651 398 668 421 ,
685 371 800 426 pacta
813 394 828 418 ,
840 369 1102 414 conditiones
1117 373 1184 422 ,&
1242 373 1279 412 &
1298 373 1560 414 veneratione
1573 373 1722 415 affidua
1735 376 1992 417 recensentes
2005 404 2020 425 ,
2035 383 2084 422 ad
2107 384 2220 436 ipfius

207 430 475 486 obligationes
492 427 718 486 hujusmodi
741 425 971 471 redundent
995 431 1034 472 in
1053 442 1179 486 grave

196 489 500 535 ,detrimentum
516 488 686 531 Ordinis
700 486 916 528 memorati
931 513 948 535 ,
964 486 1178 533 subvenire

201 546 318 602 fiper
345 548 424 591 hoc
454 544 624 604 paterni
662 542 879 602 diligentia
913 557 1173 589 curaremus.

201 609 295 653 Nos
334 606 473 663 itaque
505 607 586 650 tuis
609 602 966 662 supplicationibus
994 605 1174 647 inelina-

198 665 233 708 ti
262 665 603 722 compositiones,
625 662 881 707 conditiones
908 689 922 713 ,
948 662 1174 719 obligatio-

193 735 268 768 nes
280 750 295 776 ,
312 725 352 766 &
366 725 481 781 pac'ta
493 724 628 768 omnia
638 733 879 782 quocunque
892 722 1059 765 nomine
1071 736 1172 765 cen-

191 781 353 826 seantur
367 811 382 836 ,
395 797 480 840 quae
492 783 608 840 super
625 779 824 839 praemiffis
838 779 987 837 absque
1008 791 1079 825 tua
1093 810 1107 834 ,
1132 783 1174 824 &

190 841 392 886 dictorum
404 842 682 887 Ministrorum
698 840 1017 884 Provincialium
1040 841 1171 884 licen-

189 899 249 942 tia
273 901 314 944 δι
336 898 483 947 assensu
505 925 522 950 ,
551 911 697 944 contra
731 898 962 956 hujusmodi
989 899 1167 957 praedicti

188 957 358 1001 Ordinis
382 961 598 1009 statutum,
625 959 692 1004 vel
715 959 1045 1004 consuetudinem
1072 960 1167 1003 tali-

181 1026 251 1067 ¹tei·
259 1016 363 1062 inita
376 1017 454 1064 effe
469 1017 689 1063 noscuntur
701 1047 717 1072 ,
729 1031 823 1062 cum
846 1019 919 1063 sint
948 1018 1168 1063 temeraria

184 1075 348 1133 penitus
374 1080 414 1122 δι
439 1077 605 1134 indigna
619 1107 635 1130 ‚
649 1076 901 1135 presentium
921 1079 1167 1122 aneton-itate

183 1134 304 1178 irrita
315 1134 575 1181 decernimus
589 1165 604 1189 ,
615 1139 656 1180 δι
670 1137 818 1181 nullius
849 1138 1020 1182 existere
1037 1136 1165 1180 firmi-

184 1194 282 1237 tatis
295 1220 310 1244 ,
323 1210 372 1239 ac
393 1195 598 1239 Ministroa
609 1222 623 1244 ‚
635 1195 894 1239 Guardianos
910 1225 924 1248 ,
936 1195 1137 1242 Custodes
1152 1223 1167 1247 ,

183 1253 226 1295 δι
241 1254 401 1298 Fratres
413 1252 576 1297 eosdem
589 1281 606 1304 ,
631 1253 683 1296 ad
699 1268 845 1297 eorum
869 1255 1167 1300 observantiam

184 1324 268 1355 uon
284 1312 417 1357 teneri
432 1339 445 1355 .
469 1311 590 1355 Nulli
605 1326 709 1368 ergo
724 1313 805 1356 διε.

296 1373 448 1415 Datum
466 1371 556 1412 Ana
587 1372 659 1414 niae
673 1370 843 1427 septimo
859 1372 1065 1419 Kalendas
1082 1375 1166 1418 Au-

186 1428 286 1498 gusti
299 1457 317 1482 ,
330 1383 602 1476 pontificatis
616 1430 743 1474 nostri
763 1432 889 1476 Anno
902 1433 1081 1491 Quinto.

242 1551 501 1596 monumenta
517 1545 756 1604 ord-fila&
769 1549 797 1592 d
809 1558 929 1607 eergo.
947 1548 1171 1607 Radriques

301 1612 347 1653 In
361 1605 517 1653 Colteet.
531 1609 637 1651 Bnu.
671 1609 746 1664 eil-3
757 1622 796 1658 7.
810 1611 881 1655 eol.
895 1628 932 1657 2.
953 1611 1171 1664 Waddmg.

298 1676 440 1725 tomq..
452 1667 603 1711 Annal.
637 1668 792 1721 01488.

183 1904 324 1961 Sacra
361 1905 593 1979 Stigmata
617 1908 729 1960 s.1².
755 1905 985 1960 Francisci
1022 1911 1170 1977 impu·

253 1990 449 2096 {nantes
474 2012 492 2037 .
526 1978 606 2029 vel
650 1996 704 2030 ea
738 1977 795 2030 de
829 1980 1104 2051 imaginibus
1122 1980 1172 2029 il-

277 2049 344 2096 ius
355 2045 529 2096 aboleri
546 2047 846 2104 mandantes,
860 2051 1173 2098 excommuni-

256 2117 426 2166 cationi
455 2114 537 2165 fibi
554 2113 791 2165 reservata
822 2114 1027 2179 subjicii',
1060 2116 1173 2166 acin

252 2186 369 2232 alios
386 2184 497 2232 alias
510 2198 672 2248 poenas
701 2182 936 2231 decernit-

183 2309 689 2367 ALEXANDER
726 2307 1182 2395 Episcopus·

372 2429 551 2474 Saitvus
583 2430 848 2475 suavorum
879 2429 961 2473 Det
981 2455 997 2471 .

182 2545 381 2603 viimi-fis
396 2544 704 2605 Arcbiepssoph
717 2546 772 2599 ά·
791 2545 979 2604 Epistope‘s
996 2555 1077 2602 per
1093 2550 1170 2590 Ca·

222 2609 356 2667 stellae
370 2608 420 2658 θ’
438 2609 615 2663 Legionis
626 2619 751 2664 regna
764 2606 1004 2665 constitutis,
1013 2616 1111 2660 pre-

247 2668 386 2727 sentes
400 2666 556 2710 litteras
568 2664 986 2729 lqspefi'urissalueem
1003 2666 1088 2716 &c-

320 2785 395 2828 Uia
411 2784 580 2842 longum
605 2782 702 2829 effet
727 2784 884 2831 nedum
908 2800 1083 2835 exarare
1099 2799 1170 2841 per

338 2845 492 2903 lingula
506 2844 729 2890 verborum
743 2871 760 2896 ,
789 2842 854 2891 sed
869 2846 993 2890 etiam
1018 2843 1171 2888 fiiccin-

378 2916 420 2948 ta
439 2904 642 2949 relatione
653 2904 922 2963 perstringere
941 2907 1054 2951 clara
1064 2904 1173 2948 divi·

175 2977 234 3010 ιιι
263 2966 429 3008 virtutis
452 2963 668 3021 prodigia,
697 2974 878 3022 quartani
905 2964 1173 3020 inoperatio-

175 3024 296 3068 nibus
311 3023 558 3078 sanctitatis,
587 3025 711 3081 quim
736 3024 862 3067 etiam
888 3024 928 3068 in
947 3024 1037 3068 aliis
1052 3023 1175 3066 mira-

177 3083 326 3128 bilibus
341 3082 594 3140 argumentis
609 3111 626 3135 ,
656 3084 951 3139 probaverint,
983 3086 1028 3128 B.
1044 3086 1173 3128 Pran-

177 3141 330 3188 ciseum
367 3143 521 3187 Christi
553 3140 843 3187 Confessorem
869 3152 1014 3187 tenere
1042 3157 1176 3186 cunta

178 3204 336 3247 Sanctis
363 3201 507 3247 solium
521 3200 662 3259 glorie
686 3204 727 3245 in
740 3200 938 3255 excelsis,
964 3200 1177 3259 ¹lignanter

179 3262 309 3307 ‹Vobis
322 3263 402 3305 διο.
428 3259 661 3318 υῑΓυρετίιὶς
677 3260 718 3305 in
728 3261 869 3306 Bulla:
899 3264 1077 3318 Benigno
1092 3271 1181 3318 ope-

180 3324 288 3367 rerio
312 3323 459 3365 divine
486 3323 704 3365 voluntatis
729 3321 813 3370 &a
828 3350 840 3362 .
867 3319 1072 3377 Restdum
1094 3322 1183 3364 vide

171 3379 299 3440 ftprae
299 3378 405 3439 fil.3
412 3395 451 3438 3.
465 3410 477 3423 .
491 3385 599 3426 Cum
621 3379 992 3438 igituroportuerit
1004 3382 1041 3426 &
1055 3394 1184 3437 opor-

184 3448 281 3485 teat*
310 3454 460 3486 cavere
497 3440 728 3498 prudenter
765 3470 782 3493 ,
825 3454 880 3484 ne
925 3441 1027 3483 tanti
1047 3451 1184 3494 patro-

189 3498 279 3543 cinii
306 3501 474 3546 mutus
521 3502 562 3544 in
605 3510 839 3544 memorato
888 3498 1174 3546 Confell'orea

189 3556 334 3603 collata
359 3561 492 3617 gratia
530 3562 571 3604 in
603 3574 775 3606 vacuum
800 3557 1015 3603 assumatur
1040 3573 1054 3602 ε
1088 3562 1173 3602 Vo-

189 3614 251 3681 bis
262 3645 278 3669 ,
291 3619 432 3664 &aliis
448 3620 718 3664 Eccleliarum
735 3619 914 3665 Praelatis
930 3635 1004 3677 per
1017 3619 1173 3662 nostras

191 3673 351 3740 litteras
361 3678 515 3723 dediffe
532 3682 787 3724 meminimus
804 3681 844 3723 in
859 3680 1060 3723 mandatis
1081 3695 1093 3724 :
1125 3689 1174 3723 ut

190 3731 628 3787 eiusdemConfefforis
656 3739 832 3796 pretiosa
855 3741 999 3784 merita
1029 3741 1070 3782 ἃ.
1097 3740 1173 3782 mi-

192 3792 330 3836 racula
357 3799 579 3855 magnalia,
604 3802 644 3844 δι
666 3800 888 3845 salutarem
932 3800 1174 3844 memoriam

1237 429 1507 472 devotionem
1520 431 1659 485 gratias
1673 432 1818 475 divinae
1832 434 2077 475 meritoriam
2090 437 2222 481 subdi-

1236 499 1303 533 tos
1320 487 1475 530 vestros
1491 488 1721 531 celebribus
1742 492 1901 531 exitare
1928 493 2093 532 monitis
2108 508 2223 538 cura-

1235 548 1336 591 retis
1351 574 1366 598 ,
1396 556 1442 589 ut
1456 561 1532 599 eo,
1545 561 1622 602 pro
1635 546 1827 590 universo
1841 547 2022 592 fidelium
2038 551 2192 604 populo
2213 581 2229 605 ,

1234 621 1280 648 ae
1296 605 1516 662 prasertim
1529 619 1609 662 pro
1623 606 1684 648 his
1695 636 1711 658 ,
1727 608 1793 663 qui
1808 621 1902 651 eum
1918 607 2219 661 invocaverint,

1233 665 1414 709 divinam
1462 665 1780 709 misericordiam
1807 665 2054 722 implorante
2089 690 2105 712 s
2136 680 2220 709 me-

1234 734 1402 768 reantur
1437 721 1665 781 supplices,
1697 724 1808 780 quod
1845 737 2016 781 operum
2057 724 2217 766 suorum

1233 781 1471 840 possibilitas
1485 785 1674 827 obtinere
1695 798 1777 826 non
1795 784 1926 840 potest
1941 811 1956 835 ,
1988 780 2072 837 ejus
2091 782 2219 825 inter*

1229 841 1468 886 eeffionibus
1483 841 1704 900 impetrare
1722 872 1734 884 .
1765 843 2043 886 Mandavimus
2063 840 2186 884 etiam
2201 870 2218 892 ,

1227 913 1273 946 ut
1286 902 1427 946 nullus
1453 901 1589 945 eidem
1613 904 1763 945 Saneto
1793 902 1963 946 auderet
1987 897 2061 944 esse
2087 900 2218 941 mole-

1227 961 1305 1004 stus
1319 988 1335 1014 ,
1349 962 1387 1005 in
1402 975 1580 1017 corpore
1592 961 1662 1004 suo
1674 962 1823 1005 Christi
1849 963 1936 1006 lesu
1952 958 2215 1015 triumphalia

1228 1020 1414 1076 stigmata
1430 1019 1664 1078 preferenti
1682 1051 1694 1064 .
1727 1021 1868 1079 Siquis
1887 1020 1986 1065 vero
2001 1018 2139 1077 spiritu
2156 1028 2218 1059 te·

1226 1082 1411 1124 merariae
1450 1080 1770 1137 presumptionis
1812 1080 2008 1124 insaniens
2037 1108 2051 1131 ‚
2083 1076 2216 1120 divini

1225 1141 1405 1184 muneris
1421 1139 1581 1183 invidus
1597 1170 1614 1192 ,
1644 1143 1683 1184 δι
1700 1141 1927 1198 Apostolici
1939 1138 2079 1196 judieii
2095 1136 2220 1180 sacri-

1229 1199 1342 1256 legus
1357 1200 1648 1256 impugnator,
1681 1198 1894 1256 praemiffa,
1928 1198 1993 1241 vel
2017 1196 2095 1239 alia
2121 1209 2218 1251 pro-

1229 1257 1437 1315 digiorum
1452 1258 1557 1315 ligna
1572 1286 1587 1310 ,
1617 1260 1764 1316 quibus
1777 1260 1817 1301 in
1836 1256 2012 1302 Ecclesia
2028 1255 2104 1299 Dei
2120 1261 2220 1296 ban·

1227 1319 1343 1360 ctitas
1376 1317 1551 1373 predicti
1577 1316 1825 1361 Confefforis
1864 1317 1993 1359 eluxit
2019 1329 2037 1368 ;
2066 1315 2219 1368 impro-

1229 1376 1287 1418 bae
1300 1375 1641 1418 contradictionis
1657 1377 1849 1420 morsibus
1875 1374 2064 1419 crederet
2088 1374 2225 1414 obtre-

1230 1433 1404 1477 nanda:
1436 1432 1641 1475 voluimus
1657 1437 1697 1478 8(
1713 1434 1989 1477 mandavimus
2004 1458 2018 1479 ,
2051 1440 2094 1474 ut
2125 1442 2220 1472 eum

1232 1491 1328 1537 sanae
1343 1491 1466 1534 menti
1483 1490 1714 1536 restitueret
1729 1492 1932 1546 iudicialis
1950 1489 2145 1535 severitas
2155 1488 2219 1529 di-

1232 1549 1434 1608 sciplinae.
1461 1552 1523 1592 lta
1550 1551 1659 1607 quod
1673 1551 1847 1594 districta
1879 1550 2036 1594 Praelati
2067 1546 2222 1603 proprii

1231 1610 1498 1668 castigatione
1509 1620 1727 1666 correptus
1743 1639 1759 1663 ,
1796 1609 1871 1654 Dei
1898 1623 2022 1664 opera
2042 1606 2224 1663 blasphe-

1231 1684 1344 1714 mare
1369 1668 1600 1718 defineret,
1632 1671 1674 1713 δι
1705 1668 1800 1713 fidei
1814 1668 2041 1712 Catholicae
2071 1665 2223 1709 fruetus

1231 1730 1283 1774 de
1295 1731 1357 1785 pia
1374 1726 1619 1770 mirabilium
1638 1729 1804 1772 Domini
1818 1727 2068 1772 credulitate
2085 1725 2223 1789 pullu·-

1232 1789 1348 1841 lans,
1378 1801 1461 1831 non
1485 1798 1620 1830 areret
1649 1818 1661 1830 .
1696 1789 1855 1832 Verum
1882 1786 1966 1844 poll
1988 1782 2218 1844 hujusmodi

1232 1848 1386 1892 nostras
1399 1847 1683 1891 exortationes
1702 1848 1912 1891 &litteras
1927 1877 1941 1899 ,
1954 1861 2007 1891 ex
2022 1844 2223 1890 relatione

1231 1907 1502 1964 quorumdam
1516 1904 1597 1948 fide
1612 1908 1832 1963 dignorum
1844 1936 1861 1959 ,
1874 1907 2064 1950 dolentes
2080 1900 2222 1945 referi·

1231 1968 1369 2009 mus&
1384 1967 1652 2019 conturbati,
1682 1966 1792 2022 quod
1818 1965 2005 2009 nonnulli
2036 1961 2222 2018 Religio·

1234 2027 1260 2068 si
1275 2027 1340 2077 ,δι
1352 2025 1510 2069 Clerici
1525 2024 1735 2070 saculares
1746 2026 1799 2069 de
1818 2023 2003 2069 Castellae
2019 2024 2058 2067 δι
2076 2021 2226 2076 Legio·

1235 2085 1298 2124 nis
1325 2085 1462 2136 regnis
1480 2083 1592 2124 circa
1607 2084 1760 2127 difium
1784 2080 2070 2129 Confefforem
2084 2078 2227 2123 condi-

1237 2152 1357 2194 gnam
1391 2140 1667 2182 reverentiam
1707 2155 1855 2195 gerere
1882 2151 2222 2183 contemnentes:

1233 2196 1478 2247 quandoque
1506 2197 1545 2236 in
1561 2198 1759 2249 publico,
1791 2201 1831 2241 δι
1857 2196 2096 2254 frequenter
2126 2194 2227 2240 effe-

1232 2259 1331 2293 Νὓῑ
1347 2250 1388 2290 Ῑῦ
1403 2249 1603 2298 occulto,
1633 2254 1744 2306 quod
1770 2256 1880 2295 idem
1895 2254 2107 2298 Confeffor
2134 2269 2219 2298 non

1233 2308 1423 2351 habuerit
1450 2305 1637 2362 stigmata
1659 2320 1906 2352 memorata.
1937 2312 2013 2366 tpfi
2039 2313 2161 2355 etiam
2182 2315 2225 2354 in

1231 2378 1391 2411 tantam
1407 2377 1681 2423 prorumpunt
1694 2368 1909 2422 insaniam,
1937 2369 2048 2427 quod
2062 2370 2116 2413 de
2132 2371 2230 2412 ima-

1233 2429 1329 2485 gine
1343 2423 1599 2470 Confefforis
1613 2425 1791 2483 ejusdem
1811 2456 1826 2480 ,
1856 2428 2090 2486 ubicunque
2118 2430 2231 2474 illam

1234 2488 1438 2543 depictam
1469 2486 1683 2529 inveniunt
1699 2515 1714 2537 ,
1744 2487 1930 2543 stigmata
1955 2486 2036 2543 ipsa
2060 2487 2231 2533 damna-

1234 2546 1375 2589 biliter
1393 2545 1562 2589 abolent
1578 2572 1594 2595 ,
1618 2547 1659 2588 az
1688 2544 1843 2598 faciunt
1871 2546 2054 2597 aboleri,
2086 2549 2231 2603 prohi-

1231 2605 1371 2652 bendo
1392 2606 1620 2648 pictoribus
1631 2619 1684 2648 ne
1699 2603 1913 2660 prasatum
1939 2603 2227 2650 Confefforem

1236 2680 1331 2709 cum
1346 2664 1599 2722 stigmatibus
1621 2665 1845 2722 depingant
1863 2664 2014 2709 eisdem
2029 2693 2043 2717 ‚
2058 2679 2229 2722 propter

1234 2725 1348 2782 quod
1370 2724 1486 2781 ipfius
1502 2722 1756 2768 confessoris
1783 2726 1931 2769 honori
1956 2726 1998 2768 δι
2014 2725 2230 2769 devotioni

1234 2783 1420 2829 fidelium
1446 2783 1892 2835 multumadmittitur,
1925 2798 1975 2828 ac
1988 2785 2228 2829 venerandae

1234 2843 1453 2903 Religioni
1473 2843 1720 2889 dilectorum
1745 2844 1926 2889 filiorum
1951 2846 2142 2889 fratrum
2172 2845 2226 2889 de

1231 2906 1391 2950 Ordine
1431 2905 1641 2949 Minorum
1684 2903 1916 2960 graviffime
1961 2904 2189 2960 derogatur
2211 2935 2225 2948 .

1232 2968 1342 3009 Cum
1355 2965 1496 3021 itaque
1518 2963 1637 3020 super
1667 2963 1729 3006 his
1745 2962 1797 3005 ad
1815 2964 2013 3006 honorem
2037 2963 2224 3008 Altillimi

1232 3036 1513 3083 opportunum
1525 3038 1597 3081 per
1613 3026 1700 3066 Nos
1710 3021 1851 3066 deceat
1865 3022 2092 3067 remedium
2108 3023 2224 3065 adhi-

1234 3085 1354 3136 beri,
1383 3082 1621 3140 Apostoliea
1655 3082 1902 3126 auctoritate
1935 3081 2221 3135 decernimus,

1236 3154 1282 3187 ut
1295 3156 1441 3189 omnes
1454 3140 1508 3185 de
1521 3143 1678 3200 Regnis
1709 3141 1906 3198 pra-dietis
1924 3168 1942 3192 ,
1971 3143 2042 3199 qui
2067 3142 2119 3185 de
2133 3143 2227 3184 ima·

1238 3205 1333 3261 gine
1348 3199 1599 3246 Confefforis
1613 3200 2036 3255 ejusdem,hujusmodi
2047 3203 2226 3256 Stigma-

1242 3275 1284 3306 ta
1297 3260 1558 3306 aboleverint
1571 3291 1588 3315 ‚
1614 3260 1682 3304 seu
1695 3261 1862 3304 abolere
1876 3262 2048 3305 fecerint
2064 3292 2079 3314 ,
2102 3263 2143 3304 δι
2154 3260 2224 3317 qui

1242 3322 1555 3381 praedicaverint
1568 3321 1723 3364 dietum
1732 3318 2012 3364 Confeflorem
2025 3320 2107 3377 ipsa
2123 3322 2229 3377 stig·

1244 3394 1353 3426 mata
1374 3379 1607 3426 nullatenus
1630 3377 1832 3432 habuisse,
1862 3378 2129 3438 cuiuscunque
2154 3395 2227 3424 or-

1243 3443 1351 3486 dinis
1382 3442 1450 3484 vel
1476 3440 1731 3486 conditionis
1755 3441 1924 3484 existant
1945 3468 1962 3491 ,
1985 3455 2036 3485 eo
2065 3440 2150 3498 ipso
2164 3445 2224 3483 la-

1232 3514 1382 3559 qucum
1399 3500 1831 3545 excommunicationis
1844 3501 2054 3545 incurrant
2065 3528 2080 3550 ,
2108 3499 2132 3545 i
2144 3516 2221 3557 qua

1233 3576 1314 3605 non
1332 3561 1477 3618 poffint
1504 3558 1694 3611 absolvi,
1720 3560 1789 3602 nili
1813 3560 2081 3615 personaliter
2103 3564 2221 3616 Apo-

1232 3621 1417 3664 stolicam
1434 3620 1583 3664 Sedem
1610 3621 1782 3671 adeant,
1813 3619 1932 3678 super
1958 3622 2039 3664 hoc
2065 3620 2222 3663 absolu·

1234 3682 1357 3723 tionis
1371 3678 1616 3723 beneficium
1632 3679 1826 3736 petituri.
1856 3683 1909 3724 Et
1939 3680 1963 3724 fi
1986 3680 2089 3723 tales
2115 3678 2221 3722 sorte

1233 3743 1440 3784 Doctores
1449 3769 1466 3790 ,
1501 3741 1568 3783 seu
1587 3742 1780 3784 Lectores
1808 3741 1849 3783 in
1869 3741 2126 3795 Theologia‚
2156 3739 2221 3779 seu

1233 3813 1484 3858 quacunque
1509 3799 1588 3843 alia
1603 3799 1801 3843 facultate
1833 3799 2014 3852 fuerint,
2045 3798 2223 3897 le‘cftioDnis

2097 3871 2108 3896 1
2178 3870 2223 3897 o·
