2444 4192
810 217 973 299 Sub
1034 218 1464 304 Innocentio
1525 217 1627 299 X.

220 394 228 413 ,μ
244 366 402 425 Qibus
427 362 612 404 omnibus
634 362 674 403 &
689 359 850 415 lingulis
867 365 998 415 quoad
1013 382 1057 408 ea
1072 394 1087 415 ,
1112 382 1199 424 quae

238 421 494 481 presentibus
524 420 828 475 quomodolibet
841 421 1129 474 adversantur,
1152 441 1197 467 e-

224 483 366 524 tiamsi
391 493 467 536 pro
493 479 661 522 illorum
692 476 902 521 sufficienti
931 478 1196 536 derogatione

238 541 292 583 de
307 540 388 585 illis
403 565 416 587 2
432 552 653 596 eorumque
667 537 762 580 totis
784 534 1019 588 tenoribus,
1047 543 1086 580 δι
1111 539 1197 581 for-

241 598 321 642 mis
333 597 518 655 specialis
532 627 546 650 ,
560 596 782 648 individua,
795 596 836 637 δι
846 595 898 636 de
911 598 1037 638 verbo
1050 597 1099 638 ad
1115 611 1205 639 ver-

238 659 435 709 bum,non
448 667 583 701 autem
597 670 666 712 per
677 653 865 700 clausulas
875 654 1083 709 generales
1095 656 1205 698 idem

195 729 197 731 ’
234 717 506 772 importantes
536 715 687 759 mentio
711 741 727 766 ,
761 714 825 756 seu
851 714 1000 768 quaevis
1028 714 1105 757 alia
1131 729 1199 756 ex-

233 775 376 832 preffio
389 776 602 826 habenda,
627 773 696 818 aut
716 773 864 830 quaevis
891 772 1082 829 exquisita
1111 772 1198 816 for·

238 849 302 877 ma
318 835 507 879 servanda
522 833 615 879 effer
629 861 644 884 ,
657 842 817 877 tenores
831 830 1083 887 hujusmodi,
1102 847 1149 876 ac
1167 831 1194 874 fi

235 893 288 936 de
305 895 430 936 verbo
455 895 506 938 ad
539 892 707 936 verbum
731 890 832 935 nihil
848 893 1009 947 penitus
1024 890 1165 935 omiffo
1178 921 1195 945 ,

235 953 275 995 δι
302 951 431 995 forma
460 953 500 997 in
524 952 608 996 illis
637 949 783 994 tradita
811 947 1019 994 observata
1054 950 1195 994 inserti

236 1010 402 1063 forent,
417 1011 673 1067 praesentibus
687 1023 763 1066 pro
774 1008 958 1066 expreffis
986 1011 1195 1063 habentes,

238 1069 318 1112 illis
336 1070 434 1115 alias
450 1071 489 1113 in
504 1071 574 1114 suo
592 1069 738 1112 robore
764 1069 1052 1125 permansuris,
1069 1080 1198 1121 motu,

238 1128 435 1180 scientia,
462 1128 760 1172 deliberatione
776 1156 792 1180 ‚
817 1141 862 1170 ae
888 1129 1094 1183 potestatis
1111 1128 1200 1186 ple-

235 1187 417 1230 nitudine
430 1187 593 1242 paribus
607 1185 859 1240 specialiter,
872 1188 912 1229 &
925 1188 1109 1243 expresse
1123 1187 1202 1231 de-

230 1257 421 1299 rogamus
435 1273 451 1294 ,
466 1243 698 1298 eaeterisque
711 1245 921 1286 contrariis
939 1246 1200 1301 quibuscum-

235 1316 314 1359 que
333 1332 345 1344 .
369 1301 567 1344 Volumus
580 1311 715 1344 autem
730 1329 745 1352 ,
773 1301 881 1357 quod
900 1302 1116 1355 praesentes
1134 1304 1202 1346 lit-

233 1372 330 1405 terae
344 1360 385 1403 in
403 1360 544 1404 Valvis
559 1357 746 1403 Ecclefiae
763 1360 1108 1412 Lateranenfis,&
1123 1364 1200 1404 Ba-

237 1419 351 1463 silicae
365 1418 563 1474 Principis
579 1417 860 1472 Apostolorum
874 1443 890 1467 ‚
907 1432 1065 1463 necnon
1088 1423 1200 1464 Can-

237 1476 410 1522 cellariae
426 1475 662 1532 Apostolicoe
674 1503 690 1526 ‚
703 1477 803 1519 acin
822 1476 925 1520 Acie
941 1478 1088 1533 Campi
1105 1477 1202 1521 1³10-

238 1551 291 1580 τω
307 1536 359 1580 de
379 1534 520 1578 eadem
545 1534 657 1578 Urbe
672 1533 932 1590 publicentur
947 1563 963 1587 ‚
982 1538 1023 1578 δι
1036 1534 1199 1590 affigan-

239 1606 321 1646 tur,
338 1606 440 1649 quae,
455 1592 663 1650 postquam
676 1592 796 1636 affixae
811 1622 825 1645 ‚
836 1594 877 1636 δι
890 1594 1101 1650 publicatae
1111 1592 1198 1637 sue-

238 1655 348 1702 rint,
369 1666 504 1695 omnes
526 1652 565 1693 &
593 1650 793 1706 fingulos,
824 1666 926 1707 quos
942 1653 1018 1696 illae
1032 1667 1199 1696 concer-

239 1721 371 1762 nunt,
398 1710 565 1765 perinde
592 1713 771 1761 aretem,
799 1709 1072 1759 &-afficiant,
1097 1725 1143 1755 ac
1171 1714 1199 1753 fi

240 1771 461 1825 unicuique
475 1781 618 1811 eorum
635 1768 874 1811 nominatim
888 1797 904 1819 ,
920 1770 962 1811 δι
980 1770 1203 1825 personali·

239 1841 303 1872 ter
328 1829 522 1872 intimatae
536 1824 694 1870 fuissent
711 1856 723 1868 .
738 1827 946 1883 Quodque
971 1830 1206 1873 earumdem

240 1888 487 1945 praesentium
500 1884 755 1942 transumptis
766 1886 892 1929 etiam
906 1887 1201 1944 impreffisma-

158 1991 162 1996 ,
242 1962 300 1990 nu
315 1944 483 2001 alicujus
499 1943 663 1988 Notarii
678 1944 826 1998 publici
840 1941 1088 2002 subscriptis,
1100 1950 1138 1990 δι
1156 1947 1203 1990 fi-

246 2006 349 2064 gillo
359 2003 527 2059 alicujus
541 2003 715 2059 personae
726 2003 768 2045 in
785 2003 984 2058 dignitate
1004 2005 1206 2049 Ecclefia·

243 2065 340 2108 stica
355 2062 579 2106 constitute
592 2061 919 2114 munitis‚eadem
932 2063 1094 2120 prorsus
1108 2063 1208 2108 fides

247 2123 288 2166 in
306 2121 460 2179 judicio
472 2148 486 2171 a
498 2123 538 2165 δε
549 2130 662 2165 extra
677 2120 779 2164 illud
795 2121 942 2177 ubique
953 2123 1210 2175 adhibeatur,

729 2179 1047 2230 ⁶

247 2254 300 2283 ex
481 2253 521 2286 e
722 2265 735 2279 .
911 2253 955 2281 er
1043 2253 1210 2282 omnino

242 2296 456 2347 hominum
477 2295 599 2340 liceat
609 2296 711 2339 hanc
737 2296 919 2353 paginam
929 2338 933 2339 γ
944 2253 1084 2342 assare
1097 2298 1207 2342 ordi·

244 2354 418 2402 nationis
429 2380 446 2405 ι,
457 2354 711 2398 extinctionis
723 2382 739 2407 ‚
749 2353 1028 2412 supprellionis
1044 2386 1058 2409 ,
1071 2357 1207 2400 aboli-

244 2414 393 2465 tionis,
406 2413 672 2470 exemptionis
685 2442 701 2464 ,
718 2413 985 2466 liberationis,
1004 2417 1206 2461 redueiio-

244 2475 308 2519 nis
320 2501 336 2525 ,
348 2473 534 2530 praecepti
545 2499 560 2522 ‚
575 2472 781 2525 mandati,
794 2473 1027 2519 intentionis
1037 2502 1052 2525 ‚
1077 2476 1206 2521 reser-

246 2531 419 2576 vationis
433 2559 447 2585 ,
462 2531 745 2588 applicationis
761 2559 776 2583 ,
788 2531 1093 2584 declarationis,
1106 2550 1205 2590 pro·

245 2590 453 2635 bibitionis
469 2616 484 2640 ,
505 2590 783 2645 derogationis
798 2618 813 2641 ,
837 2605 884 2634 ac
902 2592 1129 2637 voluntatis
1145 2597 1209 2637 in-

245 2648 449 2705 fringere,
475 2648 547 2692 vel·
571 2649 611 2693 ei
626 2647 718 2692 ausu
740 2653 957 2694 temerario
974 2653 1181 2697 contraire
1196 2685 1209 2697 .

248 2708 294 2752 si
307 2707 395 2775 quis
420 2708 647 2752 autemhoc
660 2716 861 2752 attentare
887 2711 1181 2770 presumpserit
1201 2744 1215 2767 ,

251 2765 571 2820 indignationem
591 2766 882 2820 omnipotentis
913 2769 1020 2822 Dei,
1049 2785 1096 2814 ae
1118 2774 1215 2817 Bea-

254 2833 392 2867 torum
404 2823 515 2866 Petri
529 2824 570 2864 δι
586 2821 701 2865 Pauli
714 2823 1000 2878 Apostolorum
1013 2827 1102 2885 ejus
1120 2830 1217 2875 su

259 2881 420 2926 noverit
431 2878 680 2926 incursurum
692 2909 706 2922 .

379 2941 528 2984 natum
550 2939 693 2981 Romae
716 2939 821 2996 apud
844 2947 1030 2989 Sanfflam
1053 2946 1222 2990 Mariam

261 2997 460 3052 Maiorem
496 2999 621 3040 Anno
662 2998 951 3046 lucar-nationis
998 3007 1223 3049 Dominicae

262 3055 474 3100 millesimo
502 3055 784 3100 sexcentefimo
806 3061 1134 3118 quinquagesimo
1167 3065 1224 3108 se-

263 3114 421 3163 cundo,
440 3114 577 3158 idibus
589 3115 794 3168 ORobris,
808 3119 1071 3165 Pontificatfis
1087 3124 1225 3167 Nostri

258 3177 389 3230 Anno
404 3175 530 3226 Nono
542 3205 554 3216 .

322 3295 482 3344 Exemp.
508 3296 636 3338 Rome
670 3296 890 3354 imprffem
919 3300 962 3340 in
995 3299 1118 3344 Arcb.
1134 3315 1228 3360 gen.

384 3350 477 3395 Ord·
492 3355 682 3400 Amano
699 3359 802 3402 Doc-
815 3358 1017 3402 Authent.

1980 254 2144 331 413

1378 372 1701 421 DECRETO
1739 372 2086 425 PONTICIO

1260 511 1535 558 Conventus
1576 524 1744 572 parvos
1775 511 2008 559 nonnullis
2033 513 2224 561 Ordini-

1338 575 1422 625 bus
1448 574 1681 627 1estitutos
1708 615 1723 636 ,
1750 595 1830 629 aut
1863 582 1976 630 alios
2009 615 2025 638 ,
2057 583 2102 629 in
2132 585 2226 646 qui-

1336 645 1422 694 bus
1454 644 1680 698 sufficiens
1698 648 2041 720 Religiosorum
2074 668 2231 699 nurne-

1331 734 1409 765 rus
1433 734 1524 766 non
1542 722 1795 788 reperitur,
1830 739 1922 770 non
1952 718 2227 789 suppressos,

1328 786 1598 848 Ordinarii,
1628 805 1842 857 tanquam
1875 791 2004 841 Sedis
2032 790 2229 860 Aposto-

1325 857 1424 906 licae
1458 862 1670 930 Delegati
1689 865 1784 924 juri
1810 864 1854 911 in
1890 863 2025 912 Italia
2041 898 2057 921 ,
2086 861 2134 912 ὅ(
2155 866 2231 910 ln-

1325 925 1434 978 sulis
1465 928 1771 994 adjacentibus
1800 967 1816 990 ,
1850 930 2071 999 subjefios
2103 929 2227 981 esse.»

1327 997 1617 1052 declaratur.

1394 1131 1432 1173 T
1468 1129 1508 1174 in
1534 1129 1667 1188 parvis
1699 1130 1959 1188 Regularium
1989 1132 2228 1175 Virorum,

1407 1190 1693 1234 conventibus
1720 1192 1750 1245 ἑ,
1774 1191 2020 1235 Sanetissimo
2047 1189 2231 1234 Domino

1261 1247 1414 1290 Nostro
1430 1250 1676 1293 Innocentio
1692 1252 1748 1294 Χ.
1763 1253 1804 1293 in
1820 1249 2234 1304 Constitutione‚quae

1263 1302 1408 1358 incipit
1434 1320 1448 1347 :
1478 1308 1770 1362 1nstanrande,
1800 1309 1972 1362 primum
1997 1306 2233 1364 suppreffis,

1263 1371 1310 1399 ac
1322 1361 1473 1404 deinde
1486 1365 1538 1406 ad
1556 1366 1672 1420 ipfius
1685 1367 1996 1408 Constitutionis
2015 1362 2241 1416 limites‚0b

1259 1418 1526 1463 rationabiles
1543 1421 1730 1465 causas—in
1747 1423 1955 1479 pristinum
1985 1423 2126 1466 statum
2156 1424 2240 1466 Re·

1260 1476 1443 1530 guinem
1462 1479 1655 1525 restitutis
1667 1510 1685 1533 ,
1701 1483 1737 1523 δι
1757 1482 1848 1538 iplis
1877 1481 2153 1540 Religionibus
2168 1482 2236 1523 de·

1262 1536 1344 1577 nuo
1361 1538 1580 1588 contestis,
1595 1541 1663 1593 pie
1677 1542 1743 1591 ,ἃς
1761 1541 1954 1598 religiose
1972 1544 2133 1585 vivatur
2146 1570 2160 1592 ,
2188 1553 2234 1581 ac

1261 1593 1481 1646 Regularia
1499 1597 1784 1655 Instituta,quo
1797 1602 1975 1645 exactius
1989 1599 2076 1643 fieri
2088 1598 2240 1657 potest,

1261 1653 1524 1698 observentur
1536 1670 1550 1699 ε
1578 1657 1776 1700 Sanctitas
1794 1662 1871 1703 Sua
1883 1673 1934 1702 ex
1951 1659 2149 1702 sententia
2165 1664 2238 1701 sa-

1267 1723 1344 1751 crae
1359 1714 1703 1771 Congregationis
1720 1718 1835 1772 super
1855 1719 1951 1760 statu
1974 1718 2243 1773 Regularium

1266 1780 1406 1814 omnes
1418 1776 1457 1814 &
1475 1773 1648 1830 singulos
1662 1777 1904 1819 Conventus
1922 1775 2152 1831 hujusmodi
2172 1775 2244 1826 fic,

1269 1837 1313 1870 ut
1328 1831 1539 1883 prefertur
1551 1861 1568 1882 ,
1597 1833 1802 1875 restitutos
1822 1837 1860 1876 &
1884 1832 2090 1877 conceffos
2111 1835 2149 1875 in
2171 1833 2244 1874 lit·

1262 1888 1361 1930 teris
1382 1890 1431 1932 ab
1452 1891 1592 1933 eadem
1619 1893 1742 1933 Sacra
1769 1892 2099 1947 congregatione
2124 1905 2239 1946 expe-

1274 1946 1433 1991 diendis
1449 1949 1689 1991 nominatim
1714 1950 2024 2004 exprimendos,
2046 1963 2091 1993 ac
2109 1949 2245 2005 perso-

1270 2017 1335 2046 nas
1359 2016 1442 2047 tam
1460 2005 1683 2061 Regularcs
1699 2034 1713 2057 ,
1733 2009 1847 2061 quam
1875 2008 2094 2052 seculares
2119 2009 2160 2051 in
2184 2007 2243 2051 eis

1273 2062 1472 2119 degentes
1506 2063 1739 2115 vifitationi,
1752 2066 2024 2115 correctioni,
2050 2065 2239 2108 &omui-

1274 2123 1403 2165 modae
1420 2122 1683 2176 jurisdictioni
1709 2123 1916 2167 Ordinarii
1935 2123 2036 2172 loci,
2053 2133 2246 2180 tanquam

1274 2186 1388 2235 super
1406 2184 1480 2223 hoc
1495 2183 1519 2226 i
1535 2181 1641 2224 Sede
1657 2181 1889 2238 Apostolica
1905 2182 2095 2238 Delegatl
2112 2212 2129 2235 ,
2149 2195 2245 2238 prae-

1271 2237 1391 2281 sentis
1411 2241 1575 2282 Decreti
1602 2251 1745 2283 tenore
1758 2242 1877 2296 plene
1904 2244 1942 2284 in
1956 2244 2140 2286 omnibus
2154 2240 2244 2284 sub-

1270 2295 1372 2352 jecit
1400 2313 1472 2350 ‚ac
1498 2297 1696 2352 subjectos
1722 2299 1801 2344 effe
1823 2301 2077 2350 declaravit,
2107 2300 2237 2345 donec

1269 2354 1441 2412 ipsorum
1462 2357 1642 2401 redditus
1655 2361 1827 2416 eousque
1840 2360 1995 2404 adaueti
2014 2358 2243 2412 fuerint‚ut

1268 2414 1308 2458 in
1337 2418 1394 2460 eis
1411 2418 1626 2461 commode
1660 2417 1861 2462 sustentari
1885 2420 2048 2463 valeant
2064 2422 2233 2472 ,&cum

1267 2473 1413 2520 effectu
1441 2476 1710 2520 sustententur
1737 2479 1955 2522 duodecim
1986 2478 2175 2535 Religiofi
2194 2475 2247 2517 ad

1272 2534 1606 2591 Apostolicorum
1640 2539 1912 2581 Decretorum
1937 2536 2215 2592 prescriptum
2232 2564 2248 2586 ‚

1271 2592 1398 2650 idque
1421 2594 1553 2637 eidem
1570 2599 1700 2638 Sacrae
1716 2595 2043 2652 Congrcgationi
2061 2594 2247 2651 legitime

1274 2654 1504 2697 constiterit
1519 2683 1535 2706 ,
1557 2654 1695 2706 &ejus
1707 2656 1894 2699 Decreto
1906 2658 1944 2697 in
1965 2654 2129 2710 lingulis
2146 2667 2247 2695 con-

1275 2714 1527 2770 tingentibus
1554 2713 1707 2757 cafibus
1728 2714 1980 2757 declaratum
2007 2712 2128 2757 suerit
2158 2739 2174 2761 ,
2205 2712 2245 2752 &

1275 2786 1359 2815 non
1386 2772 1534 2815 aliter.
1568 2776 1728 2819 Interea
1753 2777 1855 2819 vero
1882 2773 2014 2817 voluit
2042 2772 2243 2818 sanetius

1277 2835 1383 2880 Sua,
1397 2839 1443 2872 ut
1466 2833 1505 2874 in
1521 2846 1666 2876 eorum
1682 2832 1842 2887 lingulis
1856 2832 1912 2875 ali
1925 2833 2102 2876 debeant
2117 2832 2182 2884 ,δι
2199 2843 2244 2871 re

1282 2887 1364 2944 ipsa
1389 2888 1549 2930 alantur
1572 2886 1637 2931 (bx
1662 2888 1803 2931 saltem
1834 2890 2025 2945 Religiofi
2066 2891 2243 2945 probatae

1283 2948 1390 2998 vitae‚
1403 2960 1453 2989 ex
1468 2946 1613 3003 quibus
1629 2953 1803 3002 quatuor
1814 2946 1863 2989 ad
1878 2948 2008 2989 minus
2023 2948 2095 2990 fint
2110 2951 2250 2990 Sacer-

1287 3006 1406 3048 dotes
1425 3014 1592 3048 maturae
1607 3006 1756 3047 etatis:
1785 3004 1963 3059 alioquin
1993 3005 2123 3060 gratia
2139 3002 2249 3046 relli-

1287 3063 1482 3114 tutionis,
1495 3064 1534 3104 &
1548 3063 1809 3106 concessionis
1831 3062 2056 3117 huiusmodi
2073 3063 2183 3105 nulla
2201 3059 2250 3102 fit

1288 3125 1326 3165 δι
1353 3120 1563 3171 invalida,
1582 3124 1623 3164 δι
1649 3122 1862 3165 Ordinarii
1889 3123 2073 3164 locorum
2101 3122 2139 3163 in
2164 3119 2246 3161 illis

1289 3181 1432 3236 exequi
1455 3178 1684 3237 poffint‚ac
1705 3182 1878 3224 debeant
1904 3195 1949 3224 ea
1972 3180 2106 3223 omnia
2121 3209 2137 3230 ,
2165 3191 2248 3235 qua:

1290 3242 1330 3284 in
1362 3239 1450 3281 aliis
1473 3241 1759 3284 Conventibus
1775 3240 1914 3284 itidem
1946 3238 2153 3295 suppreffis
2179 3249 2248 3292 per

1290 3298 1475 3344 eamdem
1496 3299 1841 3343 constitutionem
1880 3297 1967 3354 ipsis
2007 3294 2250 3340 demandan-

1292 3368 1359 3401 tur
1372 3387 1388 3409 ,
1402 3357 1571 3412 perinde
1591 3358 1667 3401 acii
1684 3360 1812 3414 gratia
1828 3358 2020 3414 praedistae
2032 3354 2250 3399 restitutio-

1291 3419 1352 3464 nis
1365 3444 1380 3466 ,
1391 3419 1431 3460 δι
1443 3417 1700 3460 conceffionis
1716 3433 1795 3460 non
1811 3413 2024 3460 emanasset
2041 3445 2053 3456 .
2071 3413 2248 3468 Insuper,

1290 3478 1382 3535 quia
1397 3476 1513 3519 multi
1534 3480 1623 3520 sunt
1647 3479 1887 3520 Conventus
1902 3505 1916 3527 ‚
1932 3475 1970 3517 in
1994 3475 2137 3531 quibus
2151 3473 2248 3522 ,etsi

1291 3534 1473 3593 prefixus
1493 3530 1617 3578 fuerit
1641 3550 1832 3579 numerus
1860 3534 2157 3591 Religiosorum
2171 3529 2249 3572 sus-

1292 3594 1428 3637 ficiens
1453 3592 1503 3634 ad
1529 3593 1823 3637 observantiam
1841 3594 2052 3650 Regularis
2075 3587 2249 3644 discipli·

1292 3665 1350 3696 nae
1363 3653 1429 3704 ,δε
1440 3651 1596 3695 idcirco
1611 3654 1650 3695 in
1664 3652 1931 3709 suppreffione
1945 3650 2145 3696 antedicta
2166 3660 2244 3688 non

1290 3712 1441 3754 fuerint
1469 3712 1746 3765 comprehenli
1769 3727 1784 3767 ς
1807 3712 2064 3756 nihilominus
2095 3708 2172 3749 five
2196 3705 2248 3746 ob

1211 3798 1213 3802 -
1287 3769 1518 3814 reddituum
1531 3770 1839 3815 diminutionem
1853 3799 1868 3821 a
1881 3772 1959 3815 five
1983 3771 2036 3812 ob
2051 3762 2248 3817 superio·

1286 3844 1375 3874 rum
1400 3831 1593 3875 incuriam
1619 3860 1634 3885 ,
1661 3831 1726 3876 vel
1753 3832 1902 3875 malam
1939 3820 2248 3871 administratio-

2078 3892 2189 3929 nem,
