2444 4192
852 157 1014 240 Sub
1073 160 1154 239 S.
1193 158 1331 242 Pio
1397 155 1496 241 V.
1583 83 1587 87 ‘

199 308 257 354 „is
271 332 284 355 ‚
297 300 387 346 ustis
400 325 415 348 ,
429 299 507 341 five
526 299 648 342 moris
661 297 978 340 observationem
1005 307 1151 353 teneri,

199 366 261 410 vel
276 362 388 416 super
405 357 600 414 praemissis
618 358 666 408 ,a
680 368 903 410 quoquam,
918 362 1056 412 quavis
1079 374 1149 402 au-

196 421 377 467 ctoritate
392 416 623 468 molestari,
637 415 699 458 seu
714 413 941 470 perturbari
969 417 1115 472 poffint
1131 444 1146 469 ,

194 480 259 526 vel
272 477 443 521 debeant
458 505 470 517 .

306 535 507 595 Qartam
522 541 655 577 autem
669 529 906 574 funeralium
919 532 1051 587 quoad
1069 532 1146 574 dos

192 608 276 641 mos
291 623 305 647 ‚
330 597 408 638 sive
422 597 660 637 Conventus
672 620 688 643 ,
710 591 751 631 δι
765 589 1004 632 Monasteria
1028 589 1144 645 ipfius

187 655 360 700 Ordinis
389 663 575 708 tempore
593 648 686 693 dieti
711 647 885 693 Concilii
913 646 1145 691 Tridentini

192 723 286 758 ante
301 711 562 770 quadraginta
583 721 708 771 annos
731 707 897 751 fundata
907 733 923 756 ,
935 708 975 749 &
986 709 1119 750 erecta
1131 733 1148 757 ,

190 777 230 818 δε
241 775 399 817 ratione
413 770 593 820 illorum,
606 767 670 811 ubi
683 765 932 811 consuetudo
945 766 1057 808 illam
1070 764 1149 807 sol·

193 833 312 877 vendi
327 829 483 873 tantum
497 829 633 871 extitit
647 852 662 876 ‚
689 839 735 869 ac
747 825 800 869 de
816 825 942 874 ceris,
958 826 998 868 8(
1029 823 1115 868 aliis
1131 851 1147 875 ,

191 905 276 948 quae
299 889 534 932 deseruntur
555 886 669 943 juxta
691 883 891 936 cadaver,
906 883 1000 928 dum
1015 884 1065 928 ad
1083 880 1145 925 se·

190 949 395 1007 pulturam
419 942 602 989 defertur
613 971 628 995 ,
641 957 722 988 non
738 952 873 986 autem
886 944 939 987 de
951 943 1040 986 aliis
1053 942 1145 999 qui-

194 1005 324 1052 busvis
349 1002 496 1049 eisdem
522 1004 760 1052 Fratribus,
785 1000 851 1046 seu
874 1001 1118 1047 Monialibus
1132 1026 1149 1049 ,

195 1075 264 1110 aut
278 1077 424 1108 eorum
440 1063 634 1106 Domibus
645 1089 660 1112 ,
680 1061 958 1105 Conventibus
973 1089 988 1114 ,
1003 1063 1146 1105 Mona·

193 1125 319 1169 ssei-iis
330 1151 345 1175 ,
361 1121 572 1171 Ecclefiis,
595 1124 634 1164 8ι
647 1119 748 1164 locis
759 1146 773 1169 ‚
800 1121 923 1164 etiam
936 1134 1012 1177 pro
1025 1120 1153 1162 fune·

194 1184 276 1235 ris,
309 1181 388 1224 five
411 1179 679 1224 Anniversarii
693 1206 708 1228 ,
736 1188 806 1222 aut
821 1179 1022 1224 Mifsarum
1042 1178 1149 1221 cele·

192 1241 375 1286 bratione
402 1238 549 1291 legatis
569 1263 584 1285 ,
615 1236 780 1279 donatis
793 1265 808 1288 ,
837 1237 917 1281 five
929 1237 1028 1281 aliis
1047 1249 1151 1290 quo·

194 1297 426 1344 modolibet
443 1295 502 1339 lar
533 1295 596 1337 itis
609 1323 625 1347 ‚
650 1293 690 1334 ec
711 1294 775 1336 ubi
789 1293 876 1338 duae
890 1297 1058 1354 Qartae
1071 1291 1154 1335 for·

194 1362 261 1404 san
287 1355 387 1401 solvi
415 1366 494 1399 con
513 1352 726 1404 neverint,
751 1366 829 1395 una
842 1352 998 1395 stilicet
1023 1354 1149 1395 Paro·

195 1413 318 1462 chiali'
350 1412 559 1464 Eccleiiae,
584 1410 662 1455 alia
689 1413 786 1454 vero
805 1411 1006 1467 Episcopo
1020 1440 1035 1463 ,
1067 1408 1149 1452 five

195 1472 461 1523 cathedrali,
484 1481 550 1514 aut
575 1470 816 1526 Collegiatae
835 1469 1045 1521 Ecclefiae,
1072 1466 1153 1512 five

202 1531 423 1579 canonicis
447 1530 490 1572 δι
512 1529 710 1586 Capitulo
723 1526 900 1585 ejusdem
918 1558 935 1581 ,
958 1541 1037 1571 una
1058 1536 1151 1569 tan-

205 1592 290 1638 tum
305 1620 320 1644 ‚
333 1589 484 1634 scilicet
499 1587 721 1645 Episcopo,
746 1586 811 1629 ubi
828 1588 925 1631 vero
937 1585 1156 1630 consuetu·

200 1651 256 1695 do
279 1650 389 1692 illam
417 1646 597 1691 solvendi
621 1659 703 1689 non
727 1644 803 1688 fuit
828 1672 844 1695 ,
869 1648 948 1688 five
968 1646 1118 1688 Domus
1141 1673 1157 1697 2

199 1713 439 1754 Conventus
470 1707 511 1748 8ι
551 1703 788 1748 Monasseria
829 1704 1027 1747 dictorum
1057 1705 1155 1746 Fra-

201 1778 307 1812 trum
320 1792 334 1816 ‚
354 1767 393 1808 8ι
412 1761 650 1809 Monialinm
669 1791 684 1815 ,
704 1762 790 1820 post
803 1762 1070 1819 quadraginta
1089 1775 1159 1804 an·

202 1839 274 1869 nos
285 1824 519 1874 erce'tafflve
535 1822 699 1866 fundata
708 1820 875 1875 fuerint,
891 1833 1154 1879 nequaquam,

207 1896 278 1928 nec
293 1883 382 1927 ullo
408 1882 533 1924 modo
547 1879 698 1926 solvere
723 1878 787 1924 scu
800 1880 980 1932 tradere,
996 1893 1156 1923 omnem

183 1983 187 1988 ,
207 1942 326 1984 aliam
339 1939 537 1996 praemissis
551 1937 798 1982 contrariam
823 1937 1152 1982 consuetudinem

209 2001 288 2045 five
307 2011 461 2043 motem
477 2025 491 2050 ,
504 1998 643 2039 harum
660 1995 759 2038 serie
772 1994 962 2038 cassantes
973 1996 1014 2037 δι
1028 1994 1163 2037 extin-

210 2067 406 2117 guentes,
427 2070 472 2100 ae
497 2055 683 2098 omnibus
709 2054 747 2095 &
777 2052 938 2110 lingulis
956 2080 972 2103 ,
992 2064 1167 2108 quorum

211 2113 585 2170 interest,desuper
593 2122 831 2170 perpetuum
859 2111 1060 2155 filentium
1090 2111 1166 2152 im-

211 2183 426 2233 ponentes.
465 2201 479 2213 .

247 2249 251 2255 ·
295 2274 301 2280 ,
325 2225 996 2284 ΜῖηιιίῆυεἙιαῑι-εε,8ιΜοηὶαΙω
1020 2224 1090 2281 ipfi
1113 2222 1168 2265 ad

211 2290 437 2348 aliquorum
447 2286 780 2337 onerfiffealium,
797 2284 861 2328 vel
876 2282 1165 2341 personalium,

208 2349 329 2395 ctiam
343 2347 500 2389 ratione
512 2342 1048 2396 eorundemnomoturmseu
1058 2345 1169 2387 Con·

212 2417 414 2451 ventuum
425 2432 441 2456 ,
454 2404 787 2449 Monasteriorum
799 2429 814 2452 2
829 2403 1095 2449 Eccleliatum
1104 2426 1120 2449 a
1128 2400 1170 2442 δι

214 2467 404 2511 locorum
418 2492 432 2516 ,
455 2477 501 2507 ac
519 2474 871 2519 quorumcumque
885 2459 1168 2506 beneficiorum

216 2523 370 2574 eisdem
394 2523 598 2567 unitorum
611 2549 627 2574 ,
645 2518 797 2564 etiamfi
817 2548 833 2572 ,
854 2530 901 2563 ut
936 2517 1145 2573 praefertur
1160 2545 1176 2568 ,

216 2596 353 2634 curam
369 2581 591 2625 animarum
603 2581 796 2631 habeant,
807 2578 1177 2628 contributionem,

214 2643 293 2687 five
307 2639 547 2685 solutionem
558 2667 575 2690 ,
603 2638 725 2682 etiam
752 2650 828 2695 pro
855 2638 1078 2682 seminario
1091 2665 1106 2688 ,
1134 2636 1177 2678 δι

215 2699 803 2755 decimarumquarumcunque
825 2726 843 2749 ,
862 2704 932 2741 aut
959 2694 1175 2754 cujuscun-

216 2774 297 2819 que
312 2755 468 2800 subfidii
481 2783 499 2808 ,
511 2755 638 2799 etiam
661 2754 894 2798 charitativi
908 2779 925 2804 ,
937 2756 979 2797 δι
993 2755 1178 2801 trienna·

220 2821 270 2862 lis
284 2813 528 2871 nuncupati,
552 2825 659 2856 nnnc
676 2840 691 2863 ,
717 2814 759 2854 δι
780 2825 855 2866 pro
883 2820 1070 2867 tempore
1109 2824 1180 2867 per

223 2879 342 2926 Nos,
370 2872 675 2930 &quoscunque
696 2871 903 2914 Romanos
929 2868 1151 2914 Pontifices
1164 2896 1182 2919 ,

225 2944 293 2980 aut
306 2930 508 2990 prefatam
521 2927 668 2972 Sedem
677 2925 954 2984 impositorum
965 2956 981 2981 ,
993 2930 1034 2972 δι
1051 2928 1182 2983 impo-

227 2991 451 3039 nendorum
481 3001 531 3031 ex
553 2986 690 3042 quavis
714 2987 826 3029 causa
845 3013 860 3038 ,
883 2996 1184 3042 quantumcun-

225 3067 304 3110 que
317 3047 599 3105 urgentissima,
615 3052 846 3095 teneantur,
858 3044 923 3087 vel
937 3046 1101 3101 desuper
1114 3041 1187 3085 ali·

230 3122 296 3154 ter
309 3106 512 3151 molestari
525 3103 669 3161 poffint
683 3133 698 3155 ,
712 3102 776 3146 seu
791 3102 966 3146 debeant
980 3132 995 3145 .
1134 3142 1137 3146 ,
1174 3121 1178 3124 ·

344 3165 546 3226 Qodque
562 3166 718 3210 Fratres
730 3190 745 3214 ,
772 3163 812 3202 δι
825 3159 1038 3204 Moniales'
1050 3158 1193 3216 praefa-

233 3225 291 3277 ti,
315 3224 461 3282 ubique
483 3224 674 3267 locorum
701 3234 824 3263 novas
855 3220 1037 3271 Domus,
1055 3216 1191 3264 five-³

238 3287 472 3329 Conventus
495 3283 536 3325 δε
559 3279 798 3326 Mouafieria
812 3306 827 3332 ,
842 3292 886 3320 ac
906 3276 1105 3320 Ecclefias
1127 3276 1192 3319 di·

244 3340 295 3385 &i
306 3342 469 3386 Ordinis
480 3350 573 3384 cum
593 3338 770 3383 claustris
781 3363 798 3386 ,
821 3335 976 3380 cellulis
989 3362 1004 3385 ,
1020 3335 1195 3379 resec'to-

245 3396 313 3441 riis
326 3401 392 3450 ’,δι
404 3397 651 3443 dormitoriis
665 3426 680 3449 ,
699 3396 862 3451 aliisque
874 3394 1042 3438 officinis
1057 3393 1192 3438 neces-

246 3455 378 3509 sariis,
389 3457 595 3502 Ordinarii
605 3455 687 3499 loci
699 3481 715 3505 ,
727 3457 805 3498 five
823 3453 998 3511 cujusvis
1025 3452 1193 3496 alterius

248 3513 410 3559 licentia
421 3515 586 3573 desuper
596 3514 761 3559 minime
774 3514 976 3570 requisita,
989 3510 1198 3555 construe-

250 3585 317 3620 re,
342 3571 554 3627 aedificare,
580 3573 737 3629 erigere
766 3600 782 3624 ,
803 3574 845 3615 δε
869 3571 1087 3623 instruere,
1116 3583 1193 3614 nec

247 3629 396 3685 pariter
406 3627 530 3685 'super‘>
539 3632 598 3675 his
613 3631 814 3676 molestari
839 3629 983 3687 poffint
996 3658 1012 3680 ,
1023 3632 1102 3671 five
1127 3629 1193 3672 de-

249 3689 366 3731 beant
380 3712 395 3734 a
419 3688 560 3733 eisdem
571 3691 809 3734 auctoritate
822 3692 862 3732 δι
874 3699 1017 3732 tenore
1033 3717 1047 3738 ,
1077 3687 1197 3730 etiam

248 3745 448 3803 perpetuo
476 3745 676 3792 statuimus
690 3777 706 3802 ,
733 3749 999 3807 ordinamus,
1011 3749 1051 3790 &
1063 3746 1197 3791 decla-

1914 184 2083 262 277

1209 319 1339 347 ramus
1355 334 1369 356 ,
1381 307 1514 359 eisque
1538 301 1745 346 Fratribus
1760 302 1799 341 &
1811 304 2050 348 Monialibus
2064 338 2078 359 ,
2096 312 2156 352 su-

1204 374 1280 415 per
1293 361 1492 414 praemiflis
1506 362 1692 400 omnibus
1708 360 1747 398 δι
1759 361 1940 413 singulis,
1961 364 2161 411 licentiam

1205 419 1247 459 δε
1270 417 1500 458 facultatem
1518 417 1782 458 concedimus
1805 419 1846 457 δε
1872 420 2133 472 impartimur.

1322 476 1384 516 Ac
1416 474 1539 516 etiam
1566 474 1670 515 inter
1698 475 1855 516 Fratres
1871 471 1912 515 δέ
1932 477 2131 519 Moniales
2147 509 2162 530 ,

1203 545 1423 586 eorumque
1439 534 1618 581 Domos,
1637 533 1871 575 Monaiieria
1886 561 1902 583 ,
1933 533 2126 575 beneficia
2145 562 2160 584 ‚

1203 593 1244 632 &
1256 593 1305 633 ab
1321 590 1398 632 illis
1413 590 1720 648 quomodolibet
1751 592 2023 647 dependentia
2042 592 2135 634 -loca
2149 620 2163 642 ,

1205 663 1251 692 ac
1266 654 1370 692 bona
1399 663 1642 707 quaecunque
1657 677 1671 700 ,
1703 649 1971 707 cujuscunque
1991 651 2165 705 qualita-

1205 708 1260 751 tis
1276 735 1291 756 ,
1302 711 1343 750 δι
1355 710 1588 764 quantitatis
1608 709 1774 753 existant
1788 738 1802 760 ,
1826 710 2161 766 dictorumque-a

1209 769 1412 810 bonorum
1431 768 1600 811 colonos
1614 795 1629 818 ,
1645 768 1897 812 laboratores
1910 795 1926 819 ,
1943 769 2170 812 conducto·

1209 841 1270 870 res
1283 827 1520 878 ,&oblatos
1537 853 1550 875 ,
1563 828 1604 868 &
1620 829 1751 870 Tertii
1768 826 1940 873 Habitus
1954 825 2171 877 Moniales‚

1205 887 1379 942 aliasque
1395 887 1581 942 personas
1597 885 1779 941 praesatas
1790 891 1814 932 a
1837 886 2041 945 quibusvis
2055 884 2168 927 deci·

1207 946 1281 989 mis
1299 975 1315 997 ,
1329 946 1448 988 etiam
1463 944 1716 1001 praedialibus
1727 975 1744 996 ,
1766 948 1806 989 δι
1819 946 2007 1005 primitiis
2022 974 2036 997 ‚
2052 955 2174 1000 quar-

1206 1007 1282 1054 tis,
1302 1004 1442 1047 mediis
1457 1032 1473 1054 ,
1487 1002 1626 1046 &aliis
1651 1006 1833 1060 partibus
1855 1004 2055 1048 fructuum
2073 1031 2088 1054 ,
2119 1014 2164 1044 ac

1209 1062 1383 1107 subfidiis
1409 1090 1424 1112 ,
1452 1064 1570 1106 etiam
1597 1063 1848 1108 charitativis
1876 1061 2048 1121 praefatis
2078 1087 2094 1111 2
2124 1072 2170 1102 ac

1209 1126 1258 1166 ab
1280 1121 1390 1164 omni
1408 1121 1684 1178 jurisdictione
1698 1148 1713 1172 ,
1726 1125 1766 1166 δι
1779 1123 2059 1180 superioritate
2071 1131 2174 1174 quo·

1212 1194 1461 1238 rumcunque
1477 1180 1664 1223 locorum
1681 1183 1996 1226 Ordinariorum
2008 1208 2024 1232 ,
2054 1180 2178 1224 etiam

1214 1241 1266 1284 de
1284 1252 1391 1283 novo
1406 1267 1419 1290 ,
1431 1250 1628 1295 quatenus
1656 1255 1755 1296 opus
1771 1242 1842 1292 fit,
1869 1242 2110 1284 auctoritate
2138 1236 2180 1277 δι

1215 1309 1360 1340 tenore
1388 1298 1606 1346 fimilibus,
1633 1300 1843 1342 eximimus
1873 1301 1910 1339 &
1945 1300 2182 1343 liberamus,

1211 1369 1256 1398 ac
1272 1362 1509 1410 exemptos,
1537 1355 1687 1397 liberos
1702 1385 1718 1406 ,
1744 1358 1997 1398 &immunes
2017 1356 2178 1411 penitus

1213 1411 1288 1458 effe
1317 1413 1501 1456 volumus
1515 1440 1527 1452 .
1554 1416 1726 1456 Necnon
1742 1443 1757 1467 ‚
1773 1424 1972 1470 quatenus
1988 1424 2091 1469 opus
2107 1410 2152 1452 fit
2163 1433 2177 1456 a

1214 1472 1308 1517 illos
1325 1500 1341 1523 ,
1358 1484 1578 1529 eorumque
1605 1470 1775 1528 fingulos
1788 1474 1830 1516 in
1847 1472 1908 1529 jus
1919 1500 1934 1524 ,
1953 1473 1992 1514 δι
2005 1469 2184 1527 proprie—

1214 1541 1343 1575 tatem
1361 1532 1475 1573 Beati
1500 1531 1645 1582 Petri,
1667 1533 1707 1574 se
1720 1533 1836 1577 Sedis
1852 1531 2093 1588 Apostolicae
2107 1556 2122 1580 ,
2137 1539 2183 1570 ac

1214 1589 1285 1634 sub
1296 1602 1436 1632 eorum
1452 1586 1644 1644 speciali,
1665 1591 1948 1635 &immediata
1962 1588 2186 1646 protectio-

1218 1663 1268 1692 ne
1284 1648 1516 1704 suicipimus
1529 1674 1544 1697 ,
1575 1661 1620 1689 ac
1650 1662 1718 1691 eos
1743 1648 1873 1696 solum
1902 1650 1941 1691 &
1969 1648 2180 1691 dumtaxat

1218 1706 1458 1751 immediate
1474 1706 1570 1750 Sedi
1600 1706 1818 1762 praefatae&
1846 1708 1976 1752 Nobis
1992 1734 2007 1758 ‚
2037 1720 2083 1748 ac
2104 1716 2180 1761 pro

1218 1778 1405 1823 tempore
1429 1766 1613 1808 existenti
1627 1768 1816 1809 Romano
1841 1764 2031 1810 Pontifici
2051 1764 2186 1817 subja*-

1217 1840 1310 1869 cere
1326 1824 1583 1867 decernimus
1612 1825 1654 1866 δι
1675 1826 1928 1869 declaramus
1942 1854 1954 1866 .
2169 1837 2173 1844 ’

1336 1885 1389 1926 Et
1402 1891 1445 1925 ut
1470 1884 1634 1926 Fratres
1648 1909 1662 1932 ,
1688 1885 1730 1926 δι
1744 1882 1942 1927 Moniales
1956 1882 1980 1925 ‘a
1992 1875 2190 1935 praemiffis

1221 1942 1415 1987 molestiis
1435 1968 1452 1992 ,
1493 1942 1534 1984 δι
1564 1943 1939 1998 perturbationibus
1984 1934 2190 1982 sublevati

1221 1998 1228 2006 '
1252 1999 1399 2042 uietius
1429 1997 1629 2039 Altifl‘imo
1655 1998 1837 2042 famulari
1867 2026 1885 2051 ‚
1912 2002 1950 2042 &
1982 1996 2193 2040 uberiores

1223 2015 1379 2101 studius
1394 2054 1574 2108 quotidie
1599 2057 1640 2098 in
1669 2070 1691 2096 a
1721 2069 1770 2097 ro
1787 2056 1951 2100 Domini
1978 2068 2056 2112 pro
2067 2052 2192 2097 Chri-

1226 2116 1350 2160 nianae
1379 2112 1607 2170 Religionis
1638 2070 1871 2158 deffensione
1894 2114 1938 2155 δι
1960 2109 2191 2167 ampliatio·

1226 2189 1277 2217 ne
1290 2170 1472 2229 perferre
1495 2171 1763 2226 poifint,tam
1789 2174 1875 2216 Vos
1898 2183 2039 2215 omnes
2065 2170 2104 2212 δι
2119 2167 2194 2210 fin-

1225 2231 1341 2288 gulos
1368 2225 1612 2284 supradictos
1631 2253 1646 2277 ,
1671 2233 1790 2283 quim
1803 2230 2059 2286 quascunque
2094 2225 2190 2269 alias

1225 2288 1416 2346 personas
1444 2286 1485 2330 in
1520 2288 1718 2344 dignitate
1757 2288 2032 2334 Ecclefialliea
2075 2284 2196 2328 ubili-

1228 2349 1297 2392 bet
1317 2345 1596 2402 ‚siquibusvis
1614 2347 1653 2389 in
1668 2348 1809 2391 Mundi
1833 2348 2015 2404 partibus
2046 2342 2198 2387 consti-

1227 2415 1356 2454 tutas,
1370 2403 1677 2462 &quoscunque
1703 2406 1888 2449 locorum
1922 2403 2165 2449 ordinarios
2181 2426 2199 2450 s

1233 2481 1280 2510 ae
1310 2478 1455 2508 eorum
1469 2464 1655 2507 Vicarios
1679 2466 1719 2506 δι
1743 2464 1978 2514 officiales,
2003 2475 2196 2506 necnon,

1234 2524 1473 2570 Canonicos
1490 2523 1904 2579 metropolitanarum
1917 2549 1933 2573 ,
1947 2524 1989 2564 δι
2002 2522 2201 2563 aliarum..

1237 2580 1550 2629 cathedralium
1567 2581 1832 2624 Ecclefiarum
1848 2595 1921 2637 per
1935 2578 2200 2623 eosdemFra-

1239 2651 1340 2693 tres,
1356 2639 1420 2684 seu
1437 2640 1652 2691 Moniales,
1668 2654 1715 2683 ac
1727 2640 1823 2682 disti
1836 2639 2000 2683 Ordinis
2015 2640 2201 2681 Fratrum

1238 2699 1557 2745 Proedicatorum
1579 2699 1815 2754 Superiores
1829 2724 1845 2748 ,
1871 2701 1914 2740 δε
1937 2701 2204 2741 nemorum..

1238 2760 1402 2804 Priores
1413 2786 1429 2809 ,
1451 2772 1497 2801 ac
1510 2772 1652 2802 eorum
1669 2757 1846 2814 fingulos
1872 2771 1946 2813 pro
1959 2766 2204 2811 tempore-³

1238 2818 1451 2874 eligendos
1463 2819 1506 2860 in
1520 2818 1731 2868 eorunk&
1742 2816 1947 2859 diciorum
1962 2813 2205 2857 eorumdem

1240 2874 1548 2932 privilegiorum
1564 2903 1579 2926 ,
1591 2872 1846 2916 indultorum
1858 2901 1874 2924 ‚
1887 2871 2201 2916 coneeffionum,

1242 2933 1596 2989 &gratiarum,&
1620 2929 1872 2986 singulorum
1894 2929 2066 2972 aliorum
2099 2940 2202 2970 con‘-

1243 2993 1463 3037 iervatores
1479 3019 1494 3041 ,
1521 2992 1562 3032 δι
1586 2987 1740 3045 judices
1752 2987 1921 3038 unicos,
1946 2987 2014 3041 qui
2026 2984 2204 3042 qnandiu

1246 3051 1398 3092 dictum
1425 3048 1606 3091 officium
1630 3046 1919 3091 exercueritis,
1943 3047 1985 3087 ἃ.
2012 3043 2079 3100 ipfi
2094 3050 2206 3085 exer.-

1247 3107 1410 3151 euerint
1427 3133 1441 3156 ,
1471 3106 1496 3150 ὶ
1523 3105 1709 3154 nemine,
1740 3100 2083 3160 quominusillud
2094 3113 2207 3143 exer·

1250 3164 1376 3210 ceatis
1389 3192 1404 3215 ,
1420 3165 1459 3205 ἀ
1473 3172 1692 3207 exerceant
1704 3191 1720 3215 ,
1749 3161 1823 3207 sub
1837 3161 1975 3218 aliquo
1986 3168 2179 3216 praetextu
2192 3182 2207 3207 ,

1250 3237 1297 3267 ac
1325 3222 1395 3264 sub
1419 3221 1874 3273 excommunicationis,
1904 3220 1982 3262 five
1996 3216 2210 3274 suspenfio-

1253 3283 1313 3325 nis
1337 3281 1359 3322 a
1381 3280 1543 3326 Divinis
1563 3279 1650 3324 latae
1675 3280 1877 3323 sententie
1891 3304 1905 3328 ,
1928 3290 2045 3334 quam
2073 3273 2209 3331 eoipso

1251 3342 1460 3385 incurrere
1476 3337 1665 3382 volumus
1678 3340 1715 3381 δι
1738 3338 2014 3386 declaramus,
2026 3333 2212 3390 respecti.-

1251 3398 1304 3442 ve
1320 3411 1441 3456 poena
1457 3427 1474 3449 ,
1487 3397 1673 3454 impediri
1688 3425 1704 3449 ,
1719 3397 1782 3440 vel
1808 3394 2011 3438 molestari
2034 3392 2182 3449 possitis
2197 3420 2210 3442 ,

1251 3460 1290 3500 δι
1320 3455 1464 3510 poffint
1479 3458 1584 3498 dicta
1596 3456 1831 3498 auctoritate
1860 3453 2118 3508 deputamus·
2150 3452 2212 3492 lta

1251 3515 1359 3571 quod
1376 3516 1478 3566 Vos,
1491 3515 1559 3557 seu
1580 3512 1649 3556 alii
1664 3514 1894 3570 quicunque
1908 3510 1958 3554 fic
1973 3510 2087 3554 electi
2110 3537 2124 3559 ,
2146 3508 2213 3550 sub

1254 3571 1684 3616 excommunicationis
1698 3600 1714 3623 ,
1732 3573 1813 3615 five
1839 3570 2094 3627 suspenfionis
2126 3569 2211 3609 latae

1252 3631 1456 3675 sententiae
1480 3644 1599 3686 poena
1622 3628 1850 3684 hujusmodi
1865 3658 1881 3683 ,
1908 3644 2025 3685 quam
2047 3626 2211 3669 (latim-³

1255 3688 1364 3747 quod
1379 3702 1533 3738 munus,
1548 3688 1628 3731 five
1641 3688 1817 3732 officium
1833 3685 2126 3732 conservatoris
2141 3683 2212 3720 hu-

1257 3747 1426 3807 jusmodi
1457 3756 1698 3805 acceptare,
1726 3749 1767 3790 δι
1789 3746 1927 3791 debite
1955 3760 2002 3788 ac
2037 3734 2211 3797 plenarie

2010 3835 2014 3839 ,
2066 3807 2155 3836 CXC-
