2444 4192
731 174 894 261 Sub
958 173 1357 262 Benedio‘lo
1415 174 1511 259 X
1527 171 1570 256 I
1586 170 1624 256 I
1654 169 1708 253 I.

239 323 549 373 adscribe-ndum
578 321 835 366 decrevimus
859 323 899 362 δι
913 322 1167 366 definivimus
1182 348 1198 373 ,

238 396 360 444 prout
389 381 639 439 praesentium
661 392 805 424 tenore
816 378 1073 425 decernimus
1087 408 1102 431 ,
1126 383 1199 423 de·

240 445 399 488 finimus
419 471 434 493 ‚
463 441 805 490 &adscribimus,
832 437 1099 495 eumdemque
1129 452 1199 494 per

238 517 377 546 omnes
403 499 723 549 christifideles,
748 508 948 551 tamquam
977 498 1075 539 vere
1098 501 1200 540 San-

237 556 344 605 etum
358 591 372 612 ,
388 561 578 603 honorari
595 555 883 604 mandavimu8‚
897 554 938 595 δι
953 554 1199 600 mandamus,

238 621 457 663 statuentes
469 646 484 668 ,
498 628 541 660 ut
555 620 605 661 ab
622 613 798 660 Ecclesia
816 611 1044 656 Universali
1061 613 1100 653 in
1113 611 1198 666 ejus

239 680 439 722 honorem
465 677 586 720 AEdcs
602 675 740 723 (ξεττ,
767 673 809 715 δι
832 671 990 712 Altaria
1007 697 1022 720 ,
1052 669 1093 710 in
1111 668 1201 723 qui-

238 739 312 780 bus
335 739 591 781 incruentum
605 730 838 777 sacrificium
857 731 944 771 Deo
973 727 1166 770 offeratur
1182 750 1197 771 ‚

240 795 419 840 construi
443 793 588 851 possint
601 820 616 843 ‚
641 794 681 835 &
695 788 906 846 quotannis
933 785 1067 841 pridie.
1099 783 1198 827 ldus

235 855 386 911 Julias,
412 866 495 909 quo
514 852 577 895 die
589 851 637 894 ad
653 847 846 893 caelestem
874 846 1042 902 patriam
1056 842 1198 886 evola-

240 912 295 956 vit
310 939 325 962 ‚
340 912 531 955 solemnia
548 910 632 967 ejus
647 907 847 955 natalitia,
869 915 916 949 ut
932 904 1065 948 Sancti
1082 906 1200 946 Con-

238 969 389 1015 ferroris
407 985 488 1015 non
507 966 714 1014 Pontificis
729 995 744 1019 ,
763 963 959 1010 celebrari
975 962 1117 1018 poffint
1131 988 1144 1002 .

357 1029 528 1085 Insuper
551 1028 692 1071 eadem
706 1024 944 1068 auctoritate
957 1017 1206 1064 christifide-

239 1087 348 1131 iibus
367 1087 465 1132 vere
494 1086 786 1143 poenitentibus
799 1110 814 1132 ‚
843 1083 883 1124 δι
896 1078 1079 1125 confeffis
1091 1106 1106 1130 ‚
1135 1077 1205 1134 qui

235 1147 380 1189 eodem
395 1146 564 1190 solemni
578 1144 643 1187 die
659 1142 842 1188 natalitio
871 1151 911 1184 in
930 1139 1204 1184 memorianu

236 1205 353 1246 Beati
386 1203 589 1248 francisci
618 1202 757 1246 Solsni
771 1202 984 1259 quotannis
1009 1197 1058 1240 ad
1074 1196 1202 1241 sacras

233 1260 315 1309 eius
330 1263 492 1307 exuvias
507 1259 754 1303 venerandas
769 1258 1022 1307 aeceflerint,
1039 1268 1204 1306 annum,

235 1320 279 1360 δι
291 1318 586 1374 quadragenam
602 1330 616 1358 ε
647 1316 692 1359 iis
710 1316 807 1357 vero
820 1342 835 1365 ,
866 1316 937 1369 qui
970 1315 1009 1355 in
1026 1315 1203 1358 eciam-s

240 1375 420 1430 ejusdem
452 1373 583 1427 festi,
606 1372 870 1429 quadraginta
903 1371 991 1416 dics
1005 1370 1058 1412 de
1075 1368 1203 1421 iniun-

237 1436 311 1478 stis
326 1464 342 1488 ‚
356 1434 419 1478 seu
432 1431 738 1491 quomodolibet
763 1430 819 1474 eis
832 1429 980 1474 debitis
997 1428 1202 1485 poeniten-

238 1495 305 1537 tiis
318 1520 332 1543 ‚
344 1490 656 1538 misericorditer
672 1492 712 1536 in
726 1489 902 1533 Domino
915 1488 1203 1538 relaxavimus,

241 1554 283 1596 δι
295 1553 519 1597 relaxamus
533 1579 546 1592 .

353 1609 562 1655 Postremo
573 1606 711 1663 gratiis
728 1607 817 1651 Deo
838 1604 959 1656 actis,
984 1604 1093 1662 quod
1119 1605 1205 1648 Ee-

246 1671 406 1714 elefiam
421 1671 528 1712 suam
545 1666 683 1722 insigni
709 1666 785 1708 hoc
802 1678 988 1720 novoque
1012 1661 1203 1708 luminari

245 1730 446 1772 illustrare
477 1725 664 1778 voluisset
678 1751 694 1776 ,
717 1731 879 1765 cantata
907 1723 946 1765 in
974 1724 1206 1766 honorem..

237 1790 479 1834 Sanctorum
495 1780 690 1828 Francisci
707 1779 844 1825 solani
860 1809 878 1834 ,
893 1782 1096 1838 Peregrini
1130 1783 1207 1824 La-

239 1846 330 1890 tiofi
342 1871 358 1895 ‚
385 1847 423 1889 8!
436 1843 597 1903 Joannis
609 1843 631 1885 ὰ
648 1842 784 1884 Cruce
810 1840 977 1885 solemni
998 1840 1199 1888 oratione,

240 1905 283 1948 in
301 1909 383 1950 Ara
402 1903 575 1946 maxima
590 1899 704 1956 supra
720 1897 1017 1943 Confeflionem
1047 1898 1202 1943 Princi-

241 1964 303 2021 pis
317 1961 601 2020 Apostolorum
619 1956 919 2003 sacrosanctum
933 1956 1050 2002 Miffae
1064 1957 1201 2003 Sacri·

240 2021 379 2066 ficium
392 2020 690 2065 celebravimus
701 2029 794 2060 cum
807 2014 979 2067 ejusdem
991 2014 1203 2061 Conseffo-

241 2082 296 2124 ris
309 2110 324 2134 ,
335 2083 376 2124 &
387 2090 622 2124 caeterorum
636 2076 1019 2120 commemoratione
1033 2106 1049 2127 ,
1072 2073 1200 2118 omni-

240 2139 392 2198 busque
430 2134 772 2183 christifidelibus
816 2144 911 2178 tunc
949 2133 1205 2191 praesentibus

239 2199 461 2255 plenariam
486 2198 665 2241 omnium
690 2202 957 2251 peccatorum
986 2192 1206 2250 indulgen-

245 2258 342 2302 tiam
355 2255 620 2302 conceffimus
636 2282 650 2294 .

355 2319 488 2361 'Decet
504 2314 628 2371 igitur
641 2339 656 2361 ‚
669 2321 711 2358 ut
727 2325 801 2368 pro
817 2320 899 2355 tam
920 2310 1116 2366 peculiari
1127 2323 1208 2352 ma·

243 2388 406 2432 guoque
419 2372 619 2418 beneficio
632 2371 748 2415 nobis
774 2369 958 2415 concesso
984 2384 1122 2415 omnes
1133 2370 1187 2412 be

242 2434 478 2478 nedicamus
496 2461 511 2485 ,
523 2433 559 2475 &
574 2429 851 2489 glorificemus
883 2434 1012 2475 Deum
1030 2434 1209 2480 Patrem,

242 2495 281 2535 δι
303 2495 505 2537 bonorum
517 2491 699 2533 omnium
713 2491 930 2534 Λυδίοις-ω
948 2518 963 2541 ‚
986 2490 1051 2534 cui
1065 2490 1118 2533 est
1134 2489 1209 2531 ho-

245 2565 323 2595 nor
336 2580 352 2604 ,
379 2554 416 2595 δι
428 2550 560 2606 gloria
591 2549 631 2591 in
647 2546 786 2591 saecula
799 2576 814 2599 ,
844 2548 995 2591 sffiduis
1023 2548 1211 2604 precibus

246 2610 298 2651 ab
311 2623 363 2653 eo
377 2610 602 2665 flagitantes
615 2635 631 2657 ‚
648 2616 693 2648 ut
708 2616 780 2661 per
798 2605 1112 2649 interceffionem
1128 2605 1209 2648 ele·

244 2669 298 2712 ἃί
312 2666 368 2711 sui
384 2664 582 2712 Francisci
598 2664 752 2716 Solani,
765 2664 788 2708 ὶ
805 2665 983 2721 peccatis
997 2665 1135 2707 nostris
1152 2664 1212 2706 in·

245 2726 525 2781 dignationem
538 2722 645 2767 suam
658 2732 848 2767 avertens
860 2753 876 2775 ,
892 2722 1075 2767 ostendat
1096 2721 1211 2766 nobis

248 2782 393 2828 faciem
406 2779 686 2826 misericordie
703 2778 790 2830 sun,
804 2780 1078 2837 immittatque
1089 2781 1208 2824 timo-

253 2855 342 2886 rem
355 2841 411 2885 sui
435 2841 546 2897 super
561 2847 699 2895 gentes
710 2864 724 2886 2
735 2852 818 2897 que
832 2851 915 2883 nou
927 2847 1213 2896 cognoverunt

249 2914 344 2944 eum
356 2926 372 2951 ,
383 2907 430 2943 ut
442 2897 606 2941 tandem
621 2895 866 2952 cognoscant
881 2922 897 2947 ,
925 2899 1017 2953 quia
1043 2911 1126 2943 non
1157 2896 1213 2941 est

253 2959 357 3003 alius
381 2960 495 3003 Deus
520 2954 593 3002 nifi
620 2956 726 2999 Deus
741 2954 895 3000 noster.

365 3015 587 3067 Ceterum,
599 3014 692 3071 quia
701 3013 868 3058 difficile
893 3016 996 3061 soret
1011 3013 1216 3073 praesentes

253 3075 411 3121 nostras
429 3074 581 3118 littera
595 3072 646 3118 sd
659 3071 809 3131 fingula
824 3072 932 3128 loca,
945 3074 995 3118 ad
1011 3091 1097 3131 quae
1110 3089 1215 3131 opus

254 3134 350 3182 effet
360 3162 376 3186 ,
390 3130 566 3185 adferri,
580 3133 783 3182 volumus,
798 3140 842 3175 ut
854 3148 992 3178 earum
1005 3134 1218 3190 exemplis,

255 3195 380 3241 etiam
395 3191 584 3251 impreffis
597 3217 614 3240 s
628 3205 748 3236 manu
772 3190 923 3244 publici
946 3194 1109 3237 Notarii
1126 3194 1218 3236 sub·

254 3253 412 3309 scriptis
425 3281 440 3305 ,
454 3252 491 3294 δι
512 3250 642 3307 figillo
655 3249 825 3306 alicujus
842 3251 1016 3306 persona
1035 3253 1074 3296 in
1088 3251 1218 3306 digni·

256 3321 341 3356 tate
355 3309 632 3356 Ecclefiastica
646 3310 868 3356 constitute
885 3311 1065 3361 munitis,
1077 3311 1218 3354 eadem

258 3371 407 3427 ubique
419 3369 519 3415 fides
534 3368 746 3422 habeatur,
763 3382 849 3425 quae
861 3370 948 3425 ipsis
964 3368 1218 3427 presentibus

262 3429 520 3473 adhiberetur
533 3458 546 3480 ‚
560 3429 583 3471 fi
600 3426 723 3472 essent
736 3429 923 3473 exhibite
937 3457 951 3480 ,
962 3429 1030 3472 vel
1044 3425 1217 3472 oflensae.

379 3487 494 3532 Nulli
514 3501 622 3546 ergo
647 3489 813 3531 omnino
855 3489 1066 3533 hominum
1096 3487 1217 3530 liceat

264 3548 369 3590 hane
384 3545 565 3600 paginam
584 3547 724 3590 nostrae
739 3544 985 3591 definitionis
998 3575 1013 3599 ,
1027 3546 1217 3598 decreti,

265 3602 545 3658 adscriptionis
556 3633 574 3658 ,
583 3606 792 3651 relationis
806 3635 821 3658 ,
834 3606 1012 3649 mandati
1027 3637 1043 3659 ,
1056 3604 1190 3649 statuti
1199 3633 1215 3656 ,

264 3661 521 3707 relaxationis
533 3693 549 3715 ,
572 3665 610 3708 ἃ
623 3665 847 3710 voluntatis
871 3663 1116 3722 infringere,
1147 3665 1214 3706 vel

260 3727 298 3766 ei
323 3719 418 3763 ausu
448 3723 661 3766 temerario
672 3726 877 3769 contraire
891 3725 956 3768 ‚Si
978 3725 1066 3779 quis
1083 3732 1218 3767 autem

258 3784 336 3826 hoc
359 3788 558 3823 attentare
570 3782 850 3840 praesumpserit
866 3812 880 3837 ,
905 3783 1217 3840 indignationem

1975 179 2154 286 487

1258 327 1564 382 Omnipotentis
1583 326 1689 375 Dei,
1712 336 1758 364 ac
1785 324 2003 367 Beatorum
2026 332 2165 383 Petri,
2187 335 2228 375 δε

1258 386 1376 482 1lfauli
1403 384 1692 441 Apostolorum
1716 381 1802 436 ejus
1828 381 1867 423 se
1902 390 2060 428 noverit
2085 392 2224 433 incur..

1277 454 1396 483 urum
1411 470 1423 482 .

1375 501 1527 540 Datum
1555 497 1696 538 Romae
1726 495 1830 548 apud
1847 498 2036 538 Sanctum
2060 502 2222 545 Petrum

1259 557 1379 599 Anno
1407 554 1702 597 lncarnationis
1727 554 1976 602 Dominam,
2009 555 2228 600 millesimo

1261 613 1610 668 septingentesimo
1634 611 1773 662 sexto,
1798 611 1908 655 sexto
1932 613 2134 656 Kalendas
2153 617 2223 671 Ja-

1259 675 1447 724 nuntias,
1462 669 1729 716 pontificatus
1750 671 1875 715 nostri
1889 674 2010 715 Anno
2033 674 2198 716 Tertio.

1260 804 1338 883 »Β
1389 803 1528 891 Ego
1561 801 1926 867 Benedifi'tus
1946 801 2229 871 Catholi-

1356 917 1441 959 cae
1466 892 1743 960 Ecclefiae
1764 895 2106 986 Episcopus
2121 945 2138 962 .

1334 1061 1463 1110 Cum
1497 1053 1744 1121 subjunffis
1762 1054 2083 1110 cardinalium
2101 1094 2120 1119 ,
2149 1058 2230 1128 qui

1402 1125 1765 1198 subscripserunt
1783 1163 1801 1186 ,
1827 1127 2093 1180 nominibus
2109 1163 2127 1181 .

1318 1257 1429 1300 Ball.
1444 1259 1553 1301 Rom.
1564 1267 1660 1300 torn.
1670 1271 1684 1300 ι
1692 1251 1812 1311 3.]ὃ1.
1820 1256 1918 1299 166.

1265 1495 1387 1542 Ven.
1404 1490 1491 1540 Dei
1505 1490 1960 1559 Servum,Joannem
1978 1489 2036 1541 de
2067 1489 2236 1550 Pado,

1335 1560 1530 1610 Ordinis
1551 1562 1788 1610 Minorem
1804 1559 1862 1610 de
1875 1559 2229 1614 Observantia...

1333 1633 1714 1682 Excalceatorum
1731 1627 1961 1682 beatificat
1983 1667 2000 1683 .

1314 1771 1751 1829 BENEDICTUS
1798 1774 1974 1823 PAPA
2026 1776 2180 1826 XIII.

1408 1900 1478 1944 Ad
1491 1909 1723 1958 perpetuam
1746 1902 1808 1943 rei
1821 1902 2050 1943 memoriam
2069 1929 2083 1943 .

1390 2018 1578 2063 Loriosos
1591 2017 1746 2062 Christi
1769 2016 1958 2062 Athletas
1971 2047 1989 2070 ,
2017 2017 2087 2074 qui
2105 2016 2239 2062 virtu·

1410 2090 1452 2120 te
1463 2077 1665 2133 precincti
1680 2091 1729 2120 cx
1744 2077 1846 2124 alto,
1859 2076 2011 2121 bonum
2026 2087 2238 2121 certamen

1267 2137 1478 2180 certarunt
1493 2165 1509 2187 ,
1538 2135 1695 2179 cursum
1709 2134 2037 2179 consummirunt
2051 2162 2067 2187 ,
2096 2134 2239 2180 fidem-

1266 2211 1345 2252 que
1370 2195 1422 2239 sd
1445 2205 1674 2238 extremum
1698 2196 1924 2245 servantes,
1951 2194 2069 2238 (iolas
2083 2195 2171 2239 suas
2191 2196 2234 2239 in

1269 2255 1472 2311 Sanguine
1487 2254 1590 2309 Agni
1607 2254 1745 2298 lavare
1762 2265 2012 2305 meruerunt,
2036 2254 2150 2296 sicuti
2165 2254 2238 2297 im-

1271 2312 1538 2357 marcescibili
1563 2311 1718 2368 justitia:
1733 2326 1885 2355 corona
1901 2312 2028 2355 donat
2045 2315 2085 2355 in
2102 2314 2238 2356 Coelis

1269 2381 1443 2417 eternus
1457 2401 1472 2425 ,
1484 2386 1532 2414 ac
1549 2371 1670 2428 justus
1690 2371 1821 2429 Judex
1835 2398 1851 2422 ,
1873 2373 1930 2415 ita
1954 2372 2107 2415 devoto
2119 2374 2238 2416 cultu

1271 2434 1311 2476 in
1339 2432 1459 2475 terris
1487 2431 1680 2474 honorari
1704 2460 1720 2484 ,
1742 2444 1967 2487 eorumque
1992 2445 2168 2488 agones,
2197 2433 2239 2474 &

1270 2492 1499 2547 triumphos
1521 2490 1724 2544 condigna
1741 2490 1863 2533 laude
1877 2518 1892 2542 ,
1917 2491 1958 2532 δι
1981 2492 2239 2535 veneratione

1270 2550 1470 2594 celebrari
1485 2550 1603 2592 decet
1618 2562 1635 2601 ·,
1653 2560 1695 2592 ut
1724 2549 1778 2592 de
1792 2549 1924 2593 nostra
1940 2547 2134 2602 solliciti,
2166 2550 2237 2605 qui

1270 2610 1324 2653 de
1350 2609 1417 2652 sus
1444 2609 1529 2652 sunt
1555 2607 1684 2651 salute
1711 2609 1861 2660 secuti,
1886 2606 2239 2666 pi3,potentique

1271 2668 1377 2724 apud
1406 2671 1565 2712 Patrem
1601 2668 1995 2718 misericordiarum,
2026 2681 2075 2710 ac
2104 2670 2238 2710 Deum

1271 2727 1401 2771 totius
1415 2725 1704 2769 consolationis
1718 2753 1734 2776 ,
1754 2727 1823 2768 cui
1838 2725 1906 2768 die
1921 2753 1936 2777 ‚
1958 2739 2005 2768 ac
2020 2728 2138 2768 nocie
2164 2724 2241 2767 ser-

1272 2787 1389 2830 viunt
1404 2787 1443 2828 in
1457 2782 1613 2839 templo
1643 2784 1730 2839 ejus
1746 2812 1761 2836 ,
1790 2784 2071 2828 interceffione
2084 2811 2100 2834 ‚
2115 2786 2243 2827 imbe-

1269 2844 1435 2888 cillitati
1450 2844 1592 2887 nostrae
1604 2841 1710 2888 inter
1720 2842 1844 2887 (Hrculi
1858 2843 2062 2899 procellas
2075 2842 2242 2887 aestuan-

1272 2904 1304 2946 ti
1321 2930 1335 2954 ,
1347 2902 1526 2946 coelestis
1540 2905 1677 2955 gratlae
1699 2915 1864 2943 munera
1882 2902 2099 2956 impetrent
2112 2926 2127 2950 ,
2148 2900 2241 2956 qui·

1276 2964 1349 3005 bus
1375 2963 1415 3003 δι
1443 2974 1518 3004 nos
1533 2959 1683 3001 refi’tum
1697 2958 1795 3002 vitae
1819 2957 1978 3001 cursum
2005 2970 2141 3002 tenere
2157 2988 2173 3011 ,
2199 2960 2241 3002 Gr

1279 3019 1530 3078 propositum
1543 3017 1659 3060 nobis
1680 3027 1834 3060 aeternae
1856 3017 2121 3060 Beatitudinis
2145 3020 2241 3061 bra-

1283 3080 1392 3124 vium
1405 3076 1595 3132 consequi
1613 3076 1818 3119 valeamus
1832 3104 1846 3117 .
1873 3078 1919 3117 In
1940 3076 2044 3119 hane
2058 3078 2145 3119 Nos
2168 3090 2239 3120 cu.

1278 3151 1364 3182 ram
1385 3151 1434 3180 ex
1461 3135 1603 3180 debito
1625 3134 1836 3179 Pastoralis
1854 3133 2015 3187 Officii,
2038 3134 2150 3192 quod
2178 3135 2242 3178 in-

1278 3195 1460 3241 firmitati
1485 3193 1625 3238 nostrae
1651 3193 1848 3238 commifit
1860 3194 1998 3237 divina
2024 3194 2238 3251 dignatio,

1279 3254 1480 3312 propenfis
1509 3252 1645 3296 studiis
1671 3253 1948 3298 incumbentes
1973 3282 1989 3306 ,
2016 3254 2241 3309 flagitantia

1282 3313 1452 3370 idipsum
1466 3311 1778 3358 Catholicorum
1793 3312 1947 3370 Regum
1959 3342 1977 3366 ,
1998 3314 2038 3355 &
2064 3311 2240 3355 aliorum

1277 3370 1611 3416 Christifidelium
1639 3381 1734 3415 vota
1761 3372 1938 3416 libenter
1970 3369 2209 3415 exaudimus
2226 3396 2242 3422 ,

1276 3435 1374 3476 ficut
1389 3431 1439 3475 ad
1453 3431 1624 3488 gloriam
1637 3431 1943 3485 Omnipotentis
1958 3432 2063 3483 Dei,
2075 3431 2118 3472 δι
2129 3429 2240 3472 exal-

1276 3491 1472 3534 tationem
1498 3489 1612 3534 Fidei
1626 3491 1878 3540 Catholicae,
1905 3489 2238 3546 spiritualemque

1276 3549 1476 3594 Fidelium
1498 3548 1819 3593 consolationem
1833 3579 1848 3602 ,
1862 3560 1982 3607 atque
2003 3546 2239 3593 edificatio-

1276 3622 1368 3652 nem
1381 3607 1597 3652 salubriter
1617 3609 1655 3650 in
1673 3610 1852 3651 Domino
1862 3608 2054 3664 expedire
2065 3608 2236 3652 arbitra-

1275 3682 1368 3710 mur
1382 3695 1394 3708 .
1409 3669 1515 3710 Cum
1529 3668 1668 3722 itaque
1692 3667 1857 3712 mature
1879 3667 2235 3725 diligenterun

1277 3725 1451 3771 discuffis
1467 3752 1481 3774 a
1495 3728 1535 3768 &
1549 3727 1744 3781 perpensis
1762 3741 1835 3784 per
1856 3727 2233 3785 congregationem

1280 3785 1584 3831 Venerabilium
1615 3788 1799 3831 Fratrum
1812 3787 2040 3833 nostrorum
2063 3790 2112 3880 SC
2120 3783 2168 3821 R·
2187 3779 2235 3820 Ε·

2112 3852 2175 3879 ar·
