2444 4192
773 195 932 282 Sub
990 198 1351 283 Mar-tino
1416 199 1521 280 V.

165 360 209 399 to
218 347 352 394 nostro
363 343 570 387 Minorum
583 337 753 393 Religio
780 340 961 382 vertitur
989 339 1122 382 refor-

159 407 300 456 manda
332 432 348 455 ‚
385 417 501 459 quam
532 397 752 444 Altiffimus
784 398 894 452 Jesus
934 398 1119 441 Christus

159 466 236 512 Dei
249 461 373 507 Filius
391 462 458 503 fibi
476 459 646 517 quodam
666 455 853 511 lingulari
869 457 1022 498 annulo
1043 458 1120 497 mi-

157 522 270 570 rifice
295 518 570 577 desponsavit,
603 529 693 560 cum
720 514 900 571 ejusdem
933 514 1119 567 Religio·

154 582 218 628 nis
253 580 533 622 Institutorem
571 576 803 624 &Ducem‚
835 573 909 615 suae
923 571 1119 615 sanctini-

153 653 227 685 snae
247 639 431 694 passionis
448 636 664 694 privilegio
674 632 949 682 decoravit,ac
965 628 1117 687 specia-

151 699 258 744 libus
273 697 414 753 figillis
429 725 443 749 ,
475 698 592 740 sacris
620 692 814 737 videlicet
829 689 1115 746 stigmatibus,

152 757 396 801 mirabiliter
410 755 617 813 infignivit
636 782 648 795 .
679 755 784 809 Quae
809 750 974 807 quidem
1003 747 1113 791 sacra

149 816 322 873 Religio
336 847 352 869 ,
382 815 480 859 licet
497 814 676 870 plantata
692 809 736 853 fit
751 810 869 866 super
886 810 960 851 illo
973 806 1114 850 firmis-

149 876 249 919 fimo
260 874 526 919 fundamento
539 899 552 923 a
566 879 720 929 preter
745 869 849 926 quad
869 882 977 910 nemo
1000 866 1116 910 allud

143 944 291 991 ponere
299 932 443 991 potest,
457 932 565 990 quod
587 932 640 975 est
655 931 762 973 suum
791 927 1119 972 Sanstiffimum„

150 991 422 1052 Evangelium
438 1016 453 1042 ,
478 990 585 1048 quafi
614 990 665 1034 ad
692 986 857 1032 modum
887 988 1117 1031 fluetuantis

143 1050 355 1095 Naviculte
371 1050 565 1108 procellis
578 1051 738 1107 agitatae
755 1059 966 1092 ventorum
981 1074 995 1096 ,
1024 1055 1113 1089 ten·

147 1109 352 1154 rationum
375 1108 529 1153 scilicet
542 1108 722 1166 pulfibus
738 1107 956 1151 vulnerata:
969 1120 1114 1163 quarn·

143 1169 361 1225 plurimis,
393 1177 458 1212 tot
469 1167 624 1224 indiget
650 1168 803 1223 semper
834 1167 946 1210 alma:
967 1166 1113 1208 Matris

141 1227 335 1271 Ecclessae
359 1226 627 1284 providentiis
649 1254 663 1278 ‚
691 1227 730 1267 δι
757 1226 959 1269 favoribus
976 1255 990 1277 ,
1013 1234 1116 1280 quot

147 1287 329 1343 quatitur
370 1284 601 1342 impulsibus
630 1313 646 1336 ,
678 1285 719 1325 ὅ(
746 1286 938 1327 vitiorum
970 1284 1114 1328 vulne-

148 1344 261 1389 ribus
283 1345 484 1388 sauciatur
501 1372 515 1386 .

171 1416 174 1425 ’
263 1406 372 1449 Cum
395 1417 524 1461 nuper
543 1403 671 1456 igitur
696 1403 889 1460 proximis
918 1401 1113 1458 tempori-

147 1466 223 1511 bus
257 1463 464 1509 reti-oanis
489 1462 692 1507 nonnulla:
729 1461 961 1521 quaerulosae
985 1461 1118 1504 recla-

143 1525 370 1577 mationes,
399 1531 487 1566 tum
511 1522 564 1567 de
578 1521 931 1580 pradicatoribus‚
948 1531 1117 1577 tumque

88 1612 94 1620 ·
142 1584 199 1628 de
213 1582 300 1629 aliis
313 1582 638 1627 discurrentibus
651 1611 667 1634 ,
683 1580 883 1627 &infestis
909 1581 1119 1625 Fratribus

140 1642 326 1701 ejusdem
340 1641 508 1685 Ordinis
526 1671 540 1695 ‚
567 1640 804 1685 sanstiffimi
822 1641 990 1684 Domini
1005 1641 1115 1683 Mar·

139 1701 218 1746 tini
254 1700 392 1745 divini
429 1698 687 1758 providentia
731 1702 847 1757 Papae
887 1702 938 1743 V.
983 1698 1119 1756 saepius

174 1759 470 1817 ropull'averint
513 1760 597 1818 pias
623 1771 738 1802 aures
781 1762 821 1803 δε
858 1758 1085 1803 auditum...
1104 1787 1118 1802 .

143 1776 252 1866 {linc
270 1819 354 1871 est,
379 1817 490 1876 quod
517 1832 594 1876 pro
611 1817 827 1863 universali
855 1817 1115 1864 reformatio·

145 1894 198 1923 ne
209 1879 374 1922 Ordinis
388 1878 585 1936 prelibati
600 1876 855 1936 infrascripta
884 1879 1031 1921 statuta
1046 1893 1115 1921 re·

149 1937 386 1992 collegimus
407 1963 423 1986 ‚
453 1938 760 1992 ordinavimus,
782 1940 823 1981 δι
849 1936 1020 1982 fecimus
1038 1967 1053 1990 ,
1075 1939 1115 1980 δι

150 2009 229 2054 qua
249 1992 366 2050 suprd
381 1994 612 2050 Apostoli'ca
633 1997 876 2039 auetorit‘ate
899 1997 1114 2038 confirma·

149 2067 241 2098 mus
263 2082 278 2105 ‚
308 2051 634 2094 authenticamus
659 2079 674 2101 ,
703 2054 744 2094 δι
771 2052 1041 2099 roboramus,
1068 2066 1115 2092 ae

150 2116 204 2158 ab
217 2111 408 2157 omnibus
425 2138 439 2162 ‚
463 2112 502 2152 δι
531 2109 697 2164 lingulis
723 2112 930 2153 Fratribus
948 2108 1118 2162 ejusdem

151 2172 322 2215 Ordinis
337 2169 520 2211 volumus
535 2196 549 2219 ,
577 2169 618 2208 &
632 2170 869 2211 mandamus
898 2168 1117 2209 inviolabi-

145 2230 243 2273 liter
267 2225 472 2268 observari
495 2248 510 2271 ,
541 2233 622 2264 tam
651 2224 673 2266 Δ
704 2226 919 2278 Capitibus
945 2227 1065 2276 quam
1091 2227 1116 2267 ὲ

142 2283 336 2332 membris
359 2279 630 2325 discurrentes
653 2280 866 2325 secundnm
898 2281 1117 2333 ordinem,

142 2347 185 2390 δι
197 2338 420 2405 proceffum
434 2339 547 2383 dietae
563 2341 729 2398 Regulae
740 2367 755 2390 ‚
778 2355 846 2396 per
858 2336 1119 2386 duodecin„

143 2401 324 2464 capitula
349 2399 558 2448 districta,
582 2400 624 2442 δι
659 2400 967 2457 particulariter
1001 2399 1121 2442 ordi·

152 2473 270 2509 nata.

148 2539 323 2661 Qoad
365 2581 638 2651 Capitulum
682 2583 890 2651 primum
922 2581 1115 2652 Regulae

153 2701 274 2762 Qud
281 2699 449 2757 incutit:
473 2704 632 2759 Regula
646 2700 699 2753 ἀι
710 2703 798 2746 vita
810 2704 1002 2747 Fratrum
1027 2704 1112 2746 Me·-

81 2775 84 2779 ’
197 2772 336 2806 aarum
351 2760 433 2803 bae
447 2760 500 2817 est
514 2761 688 2816 ‚fitticet
707 2763 963 2819 evangelium
985 2765 1069 2804 Do-

145 2831 148 2836 ·
210 2818 312 2864 mint
324 2817 447 2876 nestri
459 2818 560 2877 71st
584 2819 733 2879 Christi
745 2821 957 2884 observare
967 2822 1054 2870 &c-

289 2935 371 2982 Uia
391 2935 464 2980 diu
479 2936 708 2980 dubitatum
721 2964 736 2988 ι,
760 2940 800 2983 dt
813 2941 1032 2985 boefitatum
1046 2954 1116 2983 ex·

144 2937 408 3096 Qstitit
432 2995 541 3038 inter
558 2998 722 3040 Fratres
740 3027 756 3049 ‚
796 2999 849 3044 ad
879 3014 969 3058 quae
983 3002 1117 3042 confi-

152 3063 168 3072 ·
320 3053 374 3096 lia
390 3053 638 3110 Evangelica
675 3062 914 3104 tenerentur
944 3061 959 3100 ?
1006 3060 1118 3103 Dici-

149 3117 245 3159 }'nus
258 3141 274 3165 ,
304 3115 344 3155 δι
355 3112 605 3157 declaramus
620 3139 635 3163 ,
665 3116 776 3171 quod
800 3118 848 3160 ad
865 3119 937 3161 illa
949 3118 1116 3161 confina

145 3183 153 3214 ’-,
188 3179 318 3229 ratres
350 3172 636 3217 tantummodo
671 3174 910 3232 obligantur
922 3206 939 3227 ,
962 3190 1048 3232 quae
1075 3181 1115 3220 in

146 3251 154 3287 ρ
250 3231 411 3288 Regula
437 3233 733 3290 preceptor-ie,
759 3235 823 3277 vel
850 3235 1116 3285 inhibitorie‚

152 3311 159 3325 u
212 3295 218 3302 '
238 3288 307 3334 sub
323 3289 454 3335 verbis
470 3292 823 3350 aequipollentibus
849 3293 939 3338 sunt
957 3294 1118 3349 expres:-

254 3354 322 3407 xra
345 3349 664 3396 declarationem
689 3347 759 3395 fel.
776 3367 859 3396 rec.
886 3354 1117 3398 Clementis

190 3452 194 3457 ,
231 3407 306 3456 „in
329 3408 368 3460 ξ.
398 3422 432 3453 ι.
462 3412 535 3455 suae
555 3409 844 3456 declarationis
860 3442 873 3464 ,
889 3414 1013 3457 Exivi
1026 3413 1122 3460 oie-s

176 3469 180 3475 '
198 3521 208 3530 ·
301 3467 379 3527 ss,
399 3470 513 3527 cujus
528 3472 650 3514 verba
663 3473 703 3514 δι
717 3482 904 3516 tenorem
933 3473 1000 3515 hic
1021 3473 1121 3516 inse-

171 3511 484 3590 rlffidavimus
495 3529 699 3584 videlicet,
726 3532 968 3576 declaramus
982 3561 995 3582 ‚
1020 3533 1124 3586 quod

169 3576 588 3642 ‘'lffliquodponttur
600 3594 644 3633 tn
663 3593 812 3648 Regula
827 3593 872 3634 de
885 3606 960 3634 non
975 3590 1118 3633 baben·

173 3635 359 3706 dOfflffffl
369 3646 518 3691 tunicas
528 3675 543 3698 2
572 3650 694 3704 qudm
711 3665 828 3692 unam
843 3666 930 3694 cum
943 3650 1117 3707 caputio,

170 3698 219 3747 θ’
232 3696 436 3753 “tumltu
446 3708 627 3762 caputio:
658 3710 764 3751 Item
779 3711 822 3751 de
835 3725 909 3753 nan
912 3709 1122 3766 portandis

169 3756 433 3800 calceamentis
441 3764 516 3814 2&
527 3767 571 3808 de
584 3781 660 3809 non
672 3770 882 3822 equitando
896 3781 1014 3812 extra
1026 3781 1115 3811 cau-

158 3814 258 3869 stm
271 3825 318 3855 Μ
319 3813 489 3918 0323:th
487 3827 645 3924 V=11tem
660 3827 767 3881 quod
777 3829 945 3872 Fratres
969 3828 1112 3871 vilibus

1927 230 2087 313 129

1179 346 1401 386 induantur
1426 357 1440 384 ε
1469 346 1602 393 Item,
1630 344 1740 396 quod
1757 346 1991 402 jejunarent
2018 358 2045 394 ά
2073 354 2145 410 ft-

1167 402 1234 459 sta
1248 400 1418 442 omnium
1433 400 1669 442 sannorum
1684 405 1802 458 usque
1826 406 1881 444 ad
1892 410 2039 449 Natale
2062 414 2149 452 Do..·

1179 460 1278 501 mini
1297 487 1312 509 ‚
1342 459 1391 507 {5
1407 454 1709 515 instxtisftriis
1736 472 1945 504 teneantur
1961 494 1973 505 .
2010 468 2114 507 Item
2128 499 2146 520 ,

1179 518 1284 574 quad
1291 518 1437 561 Clerici
1441 515 1606 573 faciant
1619 518 1797 560 divinum
1823 519 1987 574 offi'cium
2010 524 2145 566 licun-

1179 576 1273 619 du'm
1315 577 1491 619 ordinem
1535 576 1689 618 sanft'ae
1733 581 1916 620 Romane
1958 583 2149 635 ficctcstze.

1180 639 1304 685 Item,
1318 638 1426 690 quod
1436 634 1678 690 Ministrib'
1694 638 1881 680 Custodes
1900 647 1978 693 pro
2004 639 2154 696 neceffi-

1176 694 1329 739 tatibus
1358 694 1606 751 infirmorum
1620 723 1636 747 ‚
1664 696 1712 744 θ’
1739 697 1958 741 Fratribus
1985 698 2150 739 induen-

1176 756 1234 797 dis
1245 754 1464 810 fhllicttans
1488 767 1624 796 curam
1632 767 1806 810 gerant:
1836 759 1937 800 ltem
1952 783 1966 804 ‚
1985 759 2091 811 quad
2105 756 2154 813 st

1175 818 1263 870 quis
1281 817 1476 857 Fratrum
1491 818 1534 855 in
1562 813 1841 868 infirmitatem
1852 815 2024 859 t‘niderit
2038 842 2053 865 ,
2080 818 2156 857 alit·

1181 877 1348 919 Fratres
1361 873 1500 916 debent
1521 873 1746 931 eifirvt're:
1776 879 1881 918 ltem
1898 905 1911 927 ‚
1927 875 2030 930 quad
2046 877 2156 918 Fra-

1179 943 1261 978 tres
1294 947 1368 975 non
1393 933 1618 990 predecent
1645 934 1688 975 in
1718 935 1950 992 Episcopatu
1984 934 2155 992 alicujus

1183 992 1358 1050 Episcopi
1370 1020 1385 1043 ‚
1412 1006 1499 1034 curn
1509 992 1561 1032 ab
1572 1006 1612 1033 eo
1614 990 1752 1049 fuerit
1764 1000 1817 1036 ets
1829 992 2123 1037 eontradtffium
2136 1006 2152 1037 ε

1177 1055 1284 1096 Item
1310 1081 1325 1105 ,
1356 1052 1462 1108 quod
1491 1053 1620 1093 nullus
1658 1055 1806 1097 audeat
1830 1055 1976 1109 populo
1994 1053 2155 1108 penitus

1173 1110 1396 1169 predicare
1416 1138 1431 1161 ,
1467 1110 1545 1162 nt'fi'
1557 1112 1585 1154 a*
1613 1114 1805 1157 Generalt‘
1843 1113 2062 1170 Ministro,
2086 1113 2154 1155 vel

1177 1173 1293 1223 aliis,
1320 1170 1682 1227 qutbusficunddm
1708 1172 2014 1215 declarationem
2038 1180 2153 1226 prae-

1175 1230 1322 1273 difflant
1346 1233 1392 1272 td
1414 1236 1623 1286 competit,
1652 1230 1784 1287 fuerit
1813 1236 2068 1275 examinatus
2096 1230 2152 1282 ά·

1176 1291 1443 1346 approbatus,
1472 1289 1526 1339 ὠ·
1550 1291 1606 1331 ad
1624 1289 1693 1332 boc
1719 1292 1926 1346 institutus
1965 1305 1981 1344 3
2015 1293 2121 1334 Item
2137 1317 2155 1341 ,

1177 1350 1282 1405 quod
1296 1353 1459 1393 Fratres
1473 1378 1487 1399 ‚
1515 1350 1585 1404 qui
1600 1351 1865 1407 cognosterent
1878 1378 1893 1401 ,
1908 1351 1958 1409 st
1979 1348 2159 1406 nonpos-

1164 1409 1215 1469 fl·
1237 1408 1709 1464 Regulamspt’ritualtter
1723 1410 1931 1453 oba-ware
1945 1437 1959 1460 ,
1972 1408 2155 1460 debeant,

1181 1470 1228 1517 θ’
1237 1466 1375 1526 pffnt
1389 1468 1536 1521 adsuas
1554 1467 1757 1526 Mtnssros
1773 1482 1981 1510 recurrere
1995 1496 2006 1508 .
2027 1469 2153 1518 Item,

1181 1535 1310 1571 amnia
1327 1558 1337 1575 ,
1354 1540 1440 1581 quc
1444 1536 1654 1582 ponuntur
1678 1531 1720 1569 in
1739 1529 1891 1584 Regula
1914 1527 1970 1569 ad
1970 1524 2155 1585 firmam

1184 1586 1357 1632 Habitat
1372 1613 1386 1635 ,
1402 1596 1484 1628 tam
1510 1589 1765 1630 Novitiae-um
1780 1616 1795 1639 ,
1820 1588 1943 1644 qua'm
1972 1583 2157 1644 Profeffo-

1180 1661 1272 1690 rum
1286 1673 1300 1696 ‚
1329 1659 1472 1688 necnon
1497 1646 1553 1687 ad
1571 1650 1721 1689 modurn
1748 1644 1981 1703 receptionis
1995 1646 2050 1688 ad
2056 1655 2157 1702 pro-

1167 1704 1601 1766 ftfflonemspel‘lantia
1615 1736 1629 1758 ‚
1645 1706 1743 1763 fiant
1759 1705 1809 1748 ab
1823 1705 1913 1763 ipss's
1937 1704 2156 1751 Fratribus

1165 1766 1277 1823 ficut
1291 1763 1530 1822 obltgacaria
1557 1764 1824 1821 observanda,
1859 1763 1939 1821 nisi
1961 1767 2157 1820 recipien-

1177 1825 1285 1869 tibus
1314 1856 1328 1877 ,
1361 1826 1495 1881 quoad
1530 1824 1712 1867 habitum
1741 1826 2028 1877 Nat-itiarnm,
2047 1822 2157 1878 sicut

1176 1886 1274 1929 decit
1289 1888 1439 1941 Regula
1454 1913 1470 1935 ,
1479 1882 1700 1941 secundam
1718 1887 1845 1925 Deum
1873 1882 1993 1926 aliter
2023 1883 2160 1924 videa-

1175 1954 1277 1989 tur.
1309 1947 1431 1995 Haec,
1458 1945 1653 1999 inquam,
1680 1944 1817 1986 omnia
1844 1942 1932 1985 sunt
1956 1942 1978 1984 i
1997 1939 2156 1984 Fratri-

1175 2005 1251 2047 bus
1266 2015 1461 2059 tanquam
1484 2003 1734 2059 obligatoria
1748 2001 2007 2047 observanda
2020 2030 2031 2042 .
2051 2002 2156 2042 ltem

1177 2061 1299 2100 Ordo
1320 2063 1592 2103 communiter
1615 2064 1729 2104 sensit
1742 2089 1758 2110 2
1787 2059 1959 2104 &sentit
1976 2089 1993 2111 ,
2010 2068 2123 2102 tenet
2137 2083 2154 2108 ,

1178 2119 1216 2159 &
1233 2118 1368 2159 tenuit
1398 2117 1450 2158 ab
1462 2120 1661 2171 antiquo,
1686 2118 1823 2173 quod,
1860 2120 2150 2173 ubicumquea

1180 2188 1347 2231 ponitur
1365 2175 1405 2216 in
1429 2176 1583 2231 Regula
1598 2176 1673 2217 boc
1692 2175 1940 2218 vocabulum
1961 2200 1976 2223 ‚
1990 2184 2156 2217 tenean-

1179 2243 1280 2281 tur,
1309 2232 1468 2272 obtinet
1487 2234 1566 2273 vim
1584 2244 1777 2286 precepti
1794 2263 1807 2284 ,
1836 2236 1874 2275 8:
1905 2236 2057 2277 servari
2075 2234 2151 2278 de·

1181 2290 1252 2332 bet
1272 2290 1296 2332 ὲ
1316 2287 1552 2339 Fratribus,
1580 2290 1679 2330 ficut
1698 2289 1807 2331 tale.

1301 2347 1391 2389 1²0st
1404 2361 1493 2403 quae
1509 2347 1677 2404 quidem
1704 2348 1824 2390 verba
1848 2347 2120 2394 declaratoria
2136 2356 2154 2404 ‚¹

1181 2412 1274 2453 Nos
1288 2409 1464 2463 joannes
1497 2403 1678 2462 praefatus
1702 2407 1955 2451 declaramus
1981 2409 2033 2453 de
2048 2411 2156 2454 tuni-

1178 2469 1235 2512 cis
1266 2465 1440 2522 ipsorum
1485 2467 1675 2510 Fratrum
1715 2467 1936 2509 secundum
1973 2479 2154 2525 quatuor
2244 2519 2249 2523 ,

1179 2526 1421 2583 Magistros,
1452 2527 1613 2568 Fratres
1635 2524 1835 2569 videlicet
1864 2526 2149 2573 Gaufridum,

1176 2585 1461 2630 Alexandrum
1480 2586 1533 2628 de
1550 2586 1648 2628 Ales
1663 2615 1678 2636 ,
1701 2585 1907 2642 joannem
1922 2586 1975 2630 de
1994 2586 2151 2641 Rupel·

1177 2647 1244 2696 la‚
1270 2647 1311 2688 δι
1331 2646 1584 2688 Richardum
1601 2674 1614 2697 ,
1643 2646 1753 2701 quod
1771 2646 1943 2690 Ministri
1957 2673 1972 2696 ,
1987 2647 2028 2689 δι’.
2043 2648 2150 2689 Prae-¹

1174 2707 1249 2751 lati
1266 2704 1409 2762 pollint
1429 2705 1566 2760 plures
1581 2704 1809 2749 concedere
1821 2735 1835 2757 ,
1849 2720 1941 2749 cum
1972 2704 2150 2749 viderint

1176 2766 1466 2816 necessarium,
1494 2763 1715 2809 secundum
1731 2765 1821 2808 loca
1838 2792 1853 2815 ,
1881 2767 1919 2809 δι
1935 2774 2148 2823 tempora,

1176 2829 1216 2871 8ι
1242 2824 1412 2881 frigidas
1429 2828 1623 2882 regiones
1639 2854 1651 2866 .

1292 2885 1430 2929 Sciant
1447 2887 1569 2928 etiam
1591 2887 1786 2936 Fratres3
1813 2886 1945 2927 scnon
1972 2884 2148 2941 obligari

1177 2943 1229 2988 ad
1260 2943 1561 2988 Testamentum
1594 2946 1636 2985 Β.
1668 2944 1800 2984 Patris
1828 2942 2057 2996 francisci,
2085 2943 2148 2986 se·

1176 3002 1355 3047 cundum
1377 3002 1678 3046 declarationes
1709 3005 1975 3044 summorum
1998 3002 2143 3045 Ponti-

1178 3062 1298 3106 ficum
1314 3060 1382 3104 fel.
1401 3061 1564 3104 record.
1595 3061 1792 3116 Gregorii
1811 3061 1886 3101 tx.
1915 3058 2147 3104 Innocentii

1178 3120 1854 3164 lV.Alexandri1V.Nicolai111.
1883 3119 1922 3160 δι
1950 3119 2148 3163 Clemen-

1180 3182 1233 3223 tis
1249 3181 1301 3222 V.

1300 3240 1353 3281 Et
1366 3237 1476 3294 quod
1502 3253 1642 3283 omnes
1684 3241 1847 3282 fratres
1882 3243 1929 3279 ut
1945 3235 2145 3293 dignum,

1178 3300 1218 3340 &
1256 3298 1398 3352 justum
1423 3298 1507 3351 est,
1535 3299 1812 3342 reverentiam
1847 3295 2065 3340 exhibeant
2105 3296 2152 3354 &Q

1178 3359 1405 3406 honorem,
1436 3357 1631 3402 humilem
1653 3355 1926 3402 obedientiam
1953 3382 1969 3405 ‚
1993 3357 2034 3398 δι
2070 3351 2148 3403 {ir-2

1181 3416 1389 3458 miffimam
1427 3416 1670 3462 fidelitatem
1713 3413 1964 3460 Sanctiffimo
1997 3413 2144 3458 Domi.-

1179 3477 1251 3518 nio
1270 3476 1423 3518 Nostro
1438 3480 1571 3532 Papae,
1588 3480 1628 3520 &
1643 3474 1909 3520 sacrosanetae
1923 3472 2019 3516 sedi
2033 3475 2145 3528 Apo·

1177 3534 1353 3586 stolicae,
1381 3546 1506 3591 prout
1534 3537 1572 3578 in
1588 3535 1818 3592 principio,
1847 3531 2010 3581 medio,
2038 3531 2143 3574 &in

1177 3593 1256 3636 fine
1271 3595 1441 3649 Regulae
1461 3595 1724 3651 obligantur,
1746 3588 1973 3649 caetetisque
1998 3589 2144 3634 Praela·

1184 3653 1234 3694 tis
1251 3680 1265 3703 ,
1289 3654 1331 3693 δι
1348 3653 1522 3696 Clericis
1545 3679 1560 3701 ‚
1593 3660 1717 3705 prout
1741 3665 1968 3707 congruum
1996 3649 2078 3700 est,
2102 3649 2142 3688 &

1184 3711 1363 3754 intentio
1384 3709 1460 3753 fuit
1487 3711 1721 3754 Sanctiffimi
1746 3712 1881 3756 Patris
1906 3713 1952 3753 Β.
1978 3705 2139 3752 Franci·

1173 3768 1228 3811 sci
1251 3794 1266 3815 2
1289 3771 1361 3825 qui
1387 3770 1662 3826 Presbyteros
1682 3771 1844 3815 monuit
1884 3782 1964 3828 pra
1985 3763 2136 3809 cunetis

1172 3829 1351 3873 revereri
1368 3857 1381 3871 .

1716 3890 1758 3931 R
1975 3885 2077 3925 Item
