2444 4192
315 204 495 312 478

251 365 354 405 hanc
380 363 564 418 paginam
588 360 712 403 nostri
739 357 925 410 decreti,
948 357 1223 410 definitionis,

247 419 461 464 sannionis
478 451 496 473 ,
508 419 790 475 adscriptionis
803 446 816 468 ,
832 416 1045 461 relationis
1059 447 1075 471 ,
1098 419 1221 462 statu-

250 480 312 532 ti,
340 480 600 524 conceffionis
629 475 880 531 infringere,
903 487 972 520 aut
996 478 1034 520 ei
1060 478 1156 521 ausu
1169 489 1226 520 te·

245 539 425 583 merario
438 537 647 581 contraire
662 565 673 576 .
699 535 742 579 Si
766 538 855 591 quis
876 546 1014 579 autem
1047 536 1126 579 hoc
1158 546 1221 579 at·

246 605 407 640 tentare
432 594 748 652 presumpserit,
773 594 1091 650 indignationem
1122 598 1224 637 Om-

247 657 469 712 nipotentis
490 655 565 696 Dei
584 681 601 704 ,
621 667 667 694 ac
682 655 901 695 Beatorum
917 655 1029 697 Petri
1042 655 1084 696 δι
1108 654 1223 699 Pauli

246 714 539 771 Apostolorum
553 710 641 766 ejus
668 709 707 754 se
720 711 881 754 noverit
896 712 1165 756 incursurum.

365 773 515 814 Datum
545 771 688 811 Romae
705 769 815 825 apud
837 774 1027 815 sannam
1054 773 1222 814 Petrum

247 837 367 879 Anno
385 828 678 874 incarnationis
692 828 915 873 Dominicae
925 830 1138 873 millefimo
1161 833 1222 874 se-

247 887 558 948 ptingentefimo
572 885 762 940 vigelimo
781 900 959 942 quarto,
985 888 1117 946 pridie
1146 904 1219 932 no—

245 966 319 996 nas
327 949 487 1006 Juuias,
499 943 767 991 Pontificatfis
784 948 908 991 nostri
927 952 1048 992 Anno
1063 949 1216 992 Primo.

246 1087 325 1167 ›1‹
370 1083 509 1169 Ego
527 1041 903 1146 'Benedictus
938 1078 1218 1143 Catholi-

246 1167 251 1174 ¹
335 1198 419 1243 cae
441 1171 720 1240 Ecclefiae
750 1170 1123 1267 Episcopus·

314 1340 442 1388 Cum
473 1335 717 1402 subjunffls
749 1333 1072 1385 cardinalium
1090 1368 1106 1391 ,
1137 1333 1214 1399 qui

385 1405 742 1475 subscripserunt
754 1439 771 1463 ,
789 1403 1050 1456 nominibus
1061 1438 1075 1454 .

310 1535 415 1578 Bau.
432 1537 543 1578 Ro..
557 1543 650 1576 ton.
661 1546 676 1573 ι
689 1546 723 1574 ι.
727 1529 918 1587 ,fil-297·

241 1730 651 1818 canonizationem
676 1766 731 1812 B.
755 1762 918 1812 Felicis
942 1759 970 1809 ὲ
997 1761 1207 1810 Cantali-

310 1838 403 1895 cio,
419 1835 613 1886 Ordinis
631 1830 1152 1900 Min.Capucinorum,a
1169 1849 1207 1881 s.

309 1906 626 1958 m.Clemente
638 1902 968 1972 X1.peractam
986 1900 1207 1971 publicat.

242 2047 389 2097 BEN
405 2047 538 2097 Em
556 2044 766 2098 CTUS
804 2043 1210 2098 EPISCOPUS

411 2178 584 2220 Ser-vus
615 2174 871 2218 Snvonuu
905 2173 1019 2216 Dei.

384 2291 454 2336 Al
467 2299 700 2348 perpetuam
725 2288 789 2333 rei
812 2292 1064 2334 memoriam.

359 2409 500 2454 Ationi
517 2412 709 2467 congruit
723 2437 739 2462 ,
765 2410 1011 2456 &convenit
1038 2413 1203 2468 oequita-

388 2469 432 2518 ti,
447 2478 510 2519 ut,
522 2483 609 2526 que
621 2469 828 2515 Romanus
843 2469 1031 2513 Pontifex
1058 2470 1097 2514 in
1116 2469 1203 2526 ple-

237 2541 356 2571 nario
395 2540 600 2572 conventu
634 2528 943 2574 Venerabilium
979 2531 1204 2574 Fratrum„

237 2587 281 2628 8.
296 2585 343 2627 R.
362 2586 412 2628 Ε.
425 2586 706 2631 cardinalium
718 2615 733 2638 ,
748 2588 1076 2633 Patriarcharum
1089 2616 1104 2638 .
1121 2591 1202 2632 Ar-

238 2644 519 2700 ebiscoporum
535 2648 598 2697 ,dt
621 2645 911 2703 Episcoporum
925 2674 938 2687 .
965 2648 1202 2701 Proficneio·

238 2702 465 2804 urz-‘fulla
480 2707 638 2759 pri-ur
653 2705 831 2748 Bullm‘l
851 2714 973 2748 emur
982 2713 1082 2763 pag.
1106 2703 1200 2757 164·

238 2775 283 2804 α
313 2775 326 2803 Ι
355 2770 394 2804 C!
405 2788 419 2803 ο

238 3004 292 3050 ln
330 2997 463 3048 ltalia
488 3032 503 3055 ‚
522 2995 776 3065 Infulisque
802 2999 842 3048 ei
872 2998 1196 3064 adjacentibus,

304 3068 521 3120 parochis
539 3065 873 3119 Defunfiorum
887 3105 903 3128 ,
935 3071 979 3121 in
996 3089 1196 3140 quacun·

304 3156 392 3207 que
422 3142 493 3191 Re
531 3139 729 3194 ularium,
753 3138 954 3193 Ecclesia
981 3139 1195 3212 sepelian-

304 3225 382 3261 tur
427 3244 444 3268 ,
545 3223 722 3262 uartam
774 3207 1024 3264 funes-alem
1076 3210 1192 3266 solvi

305 3279 522 3332 mandat.

237 3411 756 3466 BENEDICTUS
794 3413 1194 3472 EPISCOPUS

406 3533 580 3574 Suvus
617 3531 873 3576 δεινοιυκ
907 3532 1017 3576 Det.

379 3647 681 3703 Adperpmmn
701 3646 763 3693 rei
774 3653 1000 3695 memnon
1011 3678 1024 3694 .

354 3767 533 3808 omanus
549 3764 748 3817 pontifex,
760 3769 854 3822 arqui
865 3768 1042 3825 bonique
1059 3763 1193 3824 supre-

239 3766 352 3885 R
385 3835 471 3867 mus
483 3821 680 3878 Affertur,
695 3827 975 3872 aussoritetem
989 3827 1011 3869 t
1028 3826 1192 3873 Christo

817 199 980 285 Sub
995 219 1005 284 f
1030 199 1439 287 ,Benedifflo
1463 246 1483 291 ῃ
1500 199 1592 286 Χ
1609 201 1656 286 I
1670 200 1712 286 I
1732 202 1786 288 I.

1283 374 1355 415 per
1367 361 1732 412 BeatumPetrum‚
1756 360 2041 414 Apostolorum
2067 359 2248 413 culmen}=

1282 418 1353 460 fibi
1378 418 1567 461 traditam
1583 420 1815 474 intelligens
1828 446 1840 467 ,
1856 422 1953 460 utin
1969 424 2082 475 Agro
2102 420 2248 463 Domi-

1283 478 1382 520 nico
1405 491 1481 532 pro
1493 488 1722 534 temporum
1750 476 1978 519 necestitate
1995 480 2113 520 noxia
2125 478 2246 521 evel-

1284 536 1368 587 lat,
1382 537 1424 578 δι
1437 534 1614 580 destruat
1626 563 1640 585 ‚
1654 536 1850 590 utiliaque
1865 535 2024 590 plantet
2036 562 2052 584 ,
2062 550 2109 579 ac
2120 535 2245 580 aednfi-

1286 605 1353 637 cet
1370 608 1446 647 ,ea
1459 595 1668 639 interdum
1684 622 1699 646 ,
1729 608 1813 650 quae
1837 596 1860 636 a
1890 593 2243 639 Praedecessoribus

1284 651 1363 696 suis
1372 655 1426 695 ob
1435 653 1695 697 rationabiles
1712 654 1749 695 δι
1762 651 1880 709 justas
1895 653 2027 694 causas
2041 652 2139 695 olim
2156 655 2246 697 san-

1282 712 1365 754 cita
1387 711 1577 761 fuerunt,
1606 712 1675 754 ubi
1702 712 1740 753 in
1765 724 1890 766 grave
1918 708 2088 751 aliorum
2105 711 2245 769 praeju·

1281 770 1431 812 dicium
1458 772 1498 813 dt
1523 770 1818 813 detrimentum
1845 768 2071 811 redundare
2095 782 2248 824 cogno·

1279 827 1354 871 scit
1370 857 1387 880 ,
1413 840 1538 886 atque
1561 827 1752 878 diffidiis,
1772 827 2154 871 &contentionibus
2186 827 2249 872 fo-

1280 885 1981 988 menlgumgrgbepefianiffliadaertit,
1996 886 2170 929 maxime
2184 887 2248 987 ind

1280 957 1343 988 ter
1407 960 1443 989 et
1563 960 1609 989 cc
1631 961 1653 988 e
1685 959 1713 987 ae
1779 958 1835 986 ini
1874 958 1940 987 ros
1956 974 1971 996 ,
2027 957 2175 989 uorum
2190 958 2213 987 e

1278 1005 1557 1060 evangelizare
1589 1018 1730 1059 pacem
1742 1030 1757 1053 ,
1787 1004 1828 1044 δι
1856 959 2047 1059 quibusqa
2063 1003 2244 1047 Domino

1279 1076 1358 1104 non
1371 1062 1480 1105 aliud
1498 1061 1750 1117 frequentius
1764 1090 1779 1114 ,
1793 1076 1923 1116 neque
1937 1062 2101 1107 eximitis
2127 1076 2246 1107 com·

1278 1120 1491 1163 mendatur
1504 1151 1521 1173 ,
1546 1123 1666 1177 quam
1696 1131 1738 1162 ut
1762 1132 1905 1177 pacem
1919 1149 1935 1172 ,
1965 1135 2012 1163 ac
2043 1121 2242 1165 unitatem

1275 1179 1453 1234 diligant
1467 1179 1700 1231 ,moderari
1725 1180 1765 1222 &
1791 1179 2008 1222 immutare
2022 1206 2037 1230 ,
2062 1179 2244 1237 aliasque

1274 1238 1491 1296 Pastoralis
1502 1237 1640 1282 Officii
1658 1238 1714 1282 sui
1728 1248 1862 1295 partes
1878 1237 2046 1294 desuper
2060 1237 2246 1296 interpo-

1274 1310 1370 1340 nere
1384 1294 1486 1340 solet
1500 1325 1514 1349 ,
1537 1307 1658 1353 prout
1673 1311 1807 1340 rerum
1824 1324 1839 1348 ,
1856 1297 2040 1339 locorum
2052 1322 2068 1345 ‚
2082 1306 2244 1354 tempo.

1276 1369 1444 1412 rumque
1457 1355 1763 1398 circumstantiis
1782 1354 1942 1398 mature
1959 1352 2142 1409 pensatis,
2158 1354 2242 1399 dis-

1276 1416 1506 1458 cordiarum
1519 1414 1771 1462 extint‘iioni,
1785 1413 2146 1456 Ecclefiasticorum
2160 1416 2244 1458 Mi-

1273 1472 1491 1515 niurorum
1504 1473 1653 1526 quieti,
1670 1470 1851 1513 fidelium
1866 1471 2088 1512 animarum
2104 1472 2242 1525 nturi,

1273 1528 1494 1626 ἓιίνῐιιοφιε
1509 1528 1638 1569 cultui
1663 1522 1859 1584 conspicit
1883 1526 2232 1587 salubriter-expe-

1320 1599 1363 1627 re
1377 1613 1389 1625 .
2238 1611 2241 1622 =

1386 1643 1491 1689 Sane
1527 1644 1789 1702 quamplurer
1814 1645 1986 1689 Romani
2014 1645 2237 1691 Pontifices

1270 1702 1583 1746 Proedeceffores
1609 1704 1734 1747 nostri
1754 1703 1997 1760 multiplicia
2009 1731 2023 1754 ,
2052 1720 2100 1749 ac
2115 1706 2236 1763 plane

1270 1760 1436 1819 infignia
1451 1763 1753 1806 considerantes
1770 1763 1914 1806 merita
1929 1763 2132 1808 Ordinum
2149 1767 2234 1809 Re·

1269 1821 1471 1876 gularium
1485 1850 1499 1873 ,
1526 1822 1595 1879 qui
1621 1822 1866 1866 militantem
1889 1822 1930 1864 in
1951 1825 2067 1868 terris
2094 1824 2239 1868 Eccle·

1269 1882 1361 1922 fiam
1401 1879 1622 1924 fortissimis
1664 1881 1777 1924 omni
1809 1891 1995 1937 tempore
2040 1889 2243 1926 auxerunt

1272 1938 1457 1997 praesidiis
1468 1968 1485 1991 ,
1499 1941 1609 1983 Viris
1639 1952 1784 1996 nempe
1801 1940 1888 1984 vitre
1900 1939 2131 1994 strictitate,
2161 1941 2242 1985 do-

1272 1999 1405 2041 arinae
1422 1997 1542 2041 laude
1553 2024 1570 2047 2
1587 2012 1634 2042 ae
1648 2001 1725 2042 Ort
1734 1998 1903 2043 hodoxoe
1918 1999 2147 2054 Religionis
2173 2012 2242 2043 ze·

1273 2057 1317 2100 lo
1331 2056 1604 2114 prestantibus
1616 2086 1632 2109 ,
1652 2057 1865 2114 eidemque
1886 2059 1926 2101 in
1941 2058 2076 2103 Coelis
2092 2060 2239 2103 trium..

1274 2116 1414 2172 phanti
1439 2116 1578 2159 eximii
1609 2114 1780 2174 fulgoris
1795 2116 1947 2161 lumina
1960 2117 2233 2170 addiderunt,

1273 2174 1377 2231 ipsos
1390 2175 1564 2219 Ordines
1577 2202 1593 2225 ‚
1609 2189 1827 2233 eorumque
1844 2174 2086 2222 Profeffores
2098 2207 2115 2230 ,
2143 2177 2238 2234 plu,

1268 2235 1381 2279 rimis
1395 2235 1488 2278 satis
1503 2235 1648 2291 amplis
1661 2234 1856 2289 indultis,
1869 2237 1910 2279 δι
1925 2235 2148 2292 privilegiis
2162 2239 2237 2281 be·

1264 2292 1678 2398 225022200‘55222
1687 2309 1734 2338 ²²
1742 2293 2122 2410 {⁰3‘33513i'221'id
2139 2309 2234 2399 ⁶2¹¹·

1344 2368 1387 2396 er
1476 2381 1492 2405 ,
1672 2369 1738 2399 ont
1766 2369 1789 2397 a
2115 2381 2130 2406 ‚
2179 2369 2233 2400 eu

1263 2423 1447 2469 quartam
1477 2409 1716 2456 funeralium
1740 2413 2110 2457 emolumentorum
2141 2426 2234 2468 par-

1262 2482 1346 2515 tem
1369 2484 1445 2529 pro
1471 2472 1677 2527 personis,
1707 2485 1792 2530 quae
1811 2472 1849 2515 in
1881 2484 2023 2515 eorum
2039 2471 2226 2517 Eccleiiis

1262 2529 1508 2587 sepulturam
1525 2530 1593 2575 fibi
1616 2530 1842 2588 eligerent,
1872 2529 2063 2574 Pan-ochis
2079 2529 2230 2587 persol-

1263 2603 1359 2633 vere
1371 2588 1540 2633 minime
1564 2597 1823 2643 tenerenturf,
1853 2603 1901 2632 ac
1928 2588 1979 2631 ad
2002 2590 2228 2642 maiorem..

1260 2647 1458 2703 ejusmodi
1497 2645 1696 2702 privilegii
1724 2645 1955 2691 firmitatem
1977 2673 1993 2699 ,
2035 2646 2228 2693 sanctioni

1260 2706 1382 2749 etiam
1396 2706 1420 2751 ὲ
1441 2703 1509 2748 sel.
1527 2718 1609 2747 rec.
1635 2704 1852 2749 Clemente
1867 2706 1918 2748 V.
1932 2705 2222 2753 Proedecessore

1258 2763 1394 2808 nostro
1406 2760 1523 2808 editae
1542 2763 1582 2807 in
1599 2763 1791 2807 Concilio
1806 2764 2019 2807 Viennenfi
2030 2791 2045 2816 ,
2056 2766 2096 2808 ἃ
2111 2766 2219 2811 rela-

1259 2832 1307 2866 tae
1319 2823 1358 2865 in
1371 2819 1631 2866 Clementinfi
1660 2837 1718 2865 =
1752 2822 1912 2866 Indum
1938 2822 1984 2865 de
1999 2826 2216 2879 sepultum,

1258 2894 1416 2925 necnon
1430 2879 1607 2924 Concilii
1624 2879 1855 2924 Tridentini
1890 2883 2069 2927 Decreto
2094 2883 2226 2931 relato

1260 2941 1299 2984 in
1318 2948 1426 2995 cap-t
1438 2952 1476 2995 3.
1475 2937 1572 2997 sesi.
1589 2939 1714 2989 πλε
1732 2937 1942 3000 refirma.
1958 2970 1975 2994 ,
1998 2941 2225 2999 praedissem

1257 3002 1458 3057 Quartam
1474 2999 1718 3043 Funeralem
1731 3000 1916 3044 Parocho
1940 3004 2081 3056 aperte
2097 3001 2226 3048 reser-

1257 3057 1556 3111 vantibus-,non
1570 3056 1689 3102 semel
1707 3057 1941 3114 ampliflime
1954 3060 2217 3118 derogsrunu

1254 3116 1376 3164 Unde
1403 3130 1485 3161 non
1507 3116 1663 3162 acerbo
1688 3117 1812 3162 modo
1830 3118 2103 3165 Parocborum
2115 3134 2216 3179 que·

1254 3175 1345 3222 relat
1358 3197 1372 3228 ς
1383 3174 1450 3221 sed
1477 3177 1691 3220 innumere
1705 3177 1828 3219 etiem
1841 3179 2141 3231 contentiones,
2151 3188 2218 3225 et·

1254 3249 1330 3292 que
1345 3235 1436 3279 lites
1461 3234 1569 3279 inter
1582 3248 1651 3279 eos
1666 3263 1680 3288 ,
1693 3236 1733 3279 δι
1747 3233 1967 3292 Regulares
1980 3237 2094 3295 super
2109 3237 2219 3283 solu·

1255 3295 1368 3338 tione
1381 3291 1560 3353 ejusdem
1575 3296 1745 3354 Qartoe
1774 3292 1938 3339 diversis
1966 3297 2216 3353 temporibus

1255 3354 1433 3398 excitet:
1449 3350 1609 3398 fuerunt
1626 3382 1642 3406 ,
1653 3367 1739 3412 quoe
1752 3365 1891 3397 eoram
1901 3352 2131 3399 ordinarii·
2147 3355 2211 3400 lo·

1255 3425 1416 3463 corum,
1429 3412 1471 3456 θι
1483 3410 1632 3457 deinde
1646 3412 1685 3456 in
1702 3412 1819 3458 variis
1831 3424 1992 3470 quoque
2006 3412 2120 3457 nlmoe
2135 3417 2217 3459 Ur-

1258 3471 1319 3515 bis
1335 3472 1475 3516 nostre
1491 3470 1778 3516 'tribunalibus
1790 3498 1805 3523 ,
1821 3470 2037 3528 presertim
2064 3473 2215 3519 veroin

1254 3530 1479 3575 Auditorio
1500 3529 1647 3575 Palatii
1677 3527 1798 3574 nostri
1827 3529 2051 3585 apostolici
2062 3558 2077 3583 ,
2106 3532 2148 3576 dt.
2172 3532 2214 3577 in

1252 3589 1582 3647 congregatione
1597 3585 1897 3633 venerabilium
1926 3590 2111 3635 Fratrum
2138 3604 2215 3638 no.

1251 3646 1422 3692 ntorum
1438 3651 1478 3693 S.
1494 3648 1544 3694 R·
1562 3650 1611 3693 Β.
1629 3644 2082 3704 cardinalium‚pra·sati
2099 3651 2212 3695 Con·

1247 3706 1331 3750 ciiii
1342 3706 1572 3752 Tridentini
1588 3706 2026 3763 interpretum‚mngno
2036 3711 2212 3765 partium

1253 3765 1407 3818 studio,
1424 3779 1499 3811 nee
1522 3763 1666 3810 minori
1699 3764 1925 3820 sumptuum
1950 3766 2210 3812 incommodo

1250 3822 1420 3870 discurre
1434 3851 1449 3878 ,
1464 3822 1565 3870 ficut
1577 3823 1804 3881 accepimus
1821 3852 1836 3878 ,
1851 3825 2071 3884 aliquando
2085 3825 2133 3869 ad
2149 3824 2211 3870 fa·

2079 3898 2150 3928 vo·
