2444 4192
388 149 556 258 298

334 314 419 349 tem
433 305 661 351 confundat
672 308 795 360 ,dum
809 306 862 349 ad
878 306 1007 350 sacras
1022 322 1166 352 eorum
1181 308 1297 351 Reli·

332 365 446 424 quias
456 392 472 416 ,
488 366 628 410 divina
646 368 820 415 virtute,
831 369 973 422 aegroti
982 379 1175 410 curantur
1186 369 1298 420 ,Dae-

333 425 744 551 mfflsstffie,
754 430 1298 538 sszx‘sss‘effii’fflsssfi‘e':

331 542 449 587 licius
462 544 596 588 virere
609 558 750 586 omnes
774 544 1028 598 intelligant.
1059 546 1291 593 Postremo,

329 612 375 646 ut
385 604 503 646 amici
518 602 595 646 Dei
609 602 741 646 multo
757 602 929 644 maximi:
942 604 1218 655 honorentur,
1252 605 1292 645 8(

326 663 397 716 qui
412 662 548 706 saneti
564 661 652 702 sunt
670 659 780 715 apud
791 661 926 702 Deum
939 685 954 708 ‚
965 663 1101 704 Sancti
1114 663 1237 704 etiam
1248 663 1299 703 ab

327 720 559 764 hominibus
575 718 827 769 habeantur3
841 717 892 758 ad
906 731 1078 772 quorum
1095 734 1167 762 noa
1179 733 1297 777 opem

326 777 606 832 confingientes
622 803 638 827 ‚
648 774 793 831 eosque
803 777 870 830 pie
882 775 1114 820 invocantes
1125 807 1143 829 ,
1153 791 1295 822 eorum

325 836 521 891 suffragiis
558 833 691 891 adjuti
719 833 927 877 coelestem
948 836 1295 880 misericordiam..

322 895 476 937 facilius
488 894 748 947 impetremus
760 919 775 933 .
806 895 960 937 Merito
977 895 1099 949 igitur
1111 897 1157 937 B.
1174 896 1297 939 Dida-

330 966 424 997 cum
438 951 812 1008 laudamus‚quem
829 953 938 995 Deus
962 954 1102 996 multis
1133 956 1174 996 &
1198 953 1294 996 illu·

326 1013 472 1056 nribus
486 1009 665 1054 ostendit
679 1009 885 1053 miraculis
901 1012 1201 1066 predicandum
1215 1011 1296 1063 3de

324 1069 790 1184 {33:23232122322’
802 1067 1296 1172 ssztssssttssssssfssnffzi·

782 1153 797 1176 ‚
1284 1155 1297 1166 .

322 1190 478 1238 nitate,
499 1187 704 1244 lignorum
720 1186 1039 1231 admirabilitate
1055 1201 1181 1244 pauca
1195 1199 1298 1243 quae-

321 1249 416 1291 dam
447 1246 622 1290 libenter
659 1260 737 1303 pro
767 1245 904 1288 nostro
930 1246 1125 1290 Pastorali
1148 1245 1294 1289 officio

324 1305 488 1362 Populo
502 1307 579 1349 Dei
594 1305 859 1362 proponimus
872 1330 888 1354 ,
916 1315 965 1348 ut
979 1306 1168 1350 laudetur
1187 1308 1297 1348 Deus

324 1367 367 1408 in
385 1365 525 1407 saneto
540 1363 614 1407 suo
626 1391 643 1416 ,
663 1365 707 1406 ec
722 1362 904 1407 fidelium
919 1364 1091 1407 devotio
1106 1373 1297 1421 tanquam

325 1423 492 1467 salutari
503 1423 681 1479 quodam
697 1423 737 1464 δι’.
751 1421 1007 1478 perjucundo
1032 1423 1127 1466 cibo
1141 1424 1299 1466 nutria-

326 1495 424 1532 tur,
448 1480 664 1537 omnesque
680 1481 931 1536 Deogratias
957 1493 1079 1539 agant
1092 1512 1108 1534 ,
1133 1481 1301 1537 publico

329 1541 465 1585 nostro
480 1568 497 1592 ‚
523 1542 566 1583 δι
588 1539 709 1595 hujus
730 1542 881 1584 Sanan
907 1540 1152 1595 Apostolicae
1182 1538 1298 1581 Sedis

329 1600 587 1646 testimonio,
612 1611 699 1653 quoe
724 1596 747 1638 ἑ
759 1599 916 1651 Spiritu
934 1600 1082 1638 Sancto
1096 1596 1299 1650 guberna·

328 1669 397 1700 tur
413 1658 455 1698 δι
468 1657 652 1712 regitur,
683 1657 728 1696 Β.
740 1654 890 1696 Didaei
910 1652 1166 1698 sanctitatem
1190 1654 1298 1706 opti·

331 1730 402 1759 mo
416 1714 510 1772 jure
522 1711 774 1756 declaratam
788 1711 866 1755 effe
877 1739 893 1764 ,
914 1713 1271 1770 &promulgatam
1284 1739 1297 1753 .

447 1775 584 1816 Natus
614 1770 671 1814 est
702 1773 746 1815 B.
761 1770 939 1815 Didaeua
969 1772 1011 1815 in
1036 1772 1229 1830 Hispania
1260 1771 1301 1814 in

332 1831 548 1876 Provincia
564 1830 734 1873 Bethica
749 1860 765 1885 ,
794 1832 837 1873 δι
867 1830 906 1873 iu
921 1832 1087 1887 Oppido
1098 1857 1114 1879 ‚
1143 1830 1209 1873 cui
1226 1843 1302 1872 no·

328 1904 422 1934 men
448 1889 506 1932 est
522 1893 565 1934 S·
577 1889 777 1934 Nicolaua
788 1890 841 1932 de
858 1891 990 1932 Portu
1009 1915 1026 1939 ‚
1043 1890 1158 1946 quod
1180 1889 1236 1932 cll
1261 1889 1303 1931 in

327 1947 507 1994 Dioecefi
523 1946 743 2004 Hispalenfi
760 1977 774 1989 .
806 1949 860 1990 Et
892 1946 926 1989 ia
954 1947 1124 2004 quidem
1150 1958 1194 1991 ut
1225 1946 1303 1990 foe·

328 2006 488 2051 eundua
501 2019 601 2063 ager
614 2005 790 2048 coelestia
803 2006 944 2060 gratie
954 2006 1085 2048 imbre
1108 2006 1301 2059 irrigatus

330 2069 477 2109 uberea
504 2064 656 2105 fruetus
678 2063 767 2105 cito
779 2062 952 2116 protulit
967 2090 981 2103 .
1011 2064 1120 2105 Nam
1147 2058 1302 2103 adoles·

326 2137 421 2169 ccna
439 2135 487 2166 ex
508 2118 648 2163 medio
661 2119 880 2176 Babylonia
896 2118 1054 2177 fugiens
1080 2148 1096 2172 ‚
1127 2120 1204 2163 hoc
1217 2120 1273 2163 est
1284 2149 1300 2173 ‚

327 2197 382 2227 ex
396 2178 550 2238 laque'ia
562 2180 604 2222 δι
617 2179 807 2237 periculis
821 2176 950 2222 soeculi
961 2209 978 2233 ‚
1052 2179 1216 2223 nitentia
1232 2181 1300 2222 ha-

327 2243 417 2287 bitu
433 2239 604 2283 indutua
635 2239 677 2282 in
694 2238 965 2296 propinquam
981 2193 1204 2283 {ffiitariam
1223 2240 1299 2280 Ec.

327 2298 493 2347 cleliam
511 2300 590 2343 una
601 2311 694 2340 cum
710 2300 782 2356 pio
795 2296 972 2355 quodam
984 2296 1208 2342 Sacerdote
1222 2295 1296 2352 spi·

327 2358 455 2407 ritalia
472 2358 563 2401 vitae
572 2355 679 2399 duce
692 2383 708 2407 ‚
738 2359 778 2400 St
796 2357 906 2400 socio
919 2355 1068 2401 seceffit
1084 2385 1100 2410 ,
1127 2356 1197 2400 ubi
1225 2367 1300 2398 no·

329 2432 404 2466 vua
429 2415 580 2463 christi
607 2415 726 2459 miles
751 2416 792 2459 in
822 2414 942 2474 hujua
975 2415 1134 2461 fallacia
1161 2413 1302 2459 mundi

329 2487 497 2525 contem
548 2476 639 2520 ione
652 2504 669 2528 ,
685 2476 728 2519 dt
760 2475 941 2519 omnium
954 2477 1225 2521 humanarum
1239 2487 1303 2517 re-

333 2550 426 2584 rnm
440 2535 494 2578 de
513 2533 704 2591 picientia
718 2562 735 2586 ‚
757 2533 799 2577 in
811 2534 1039 2579 coelestium
1047 2533 1302 2591 contempla·

334 2596 452 2642 cione
464 2621 480 2646 ,
507 2594 548 2635 in
570 2604 748 2648 corpore
777 2592 1012 2638 edomando
1025 2621 1042 2648 ‚
1070 2595 1112 2637 dt
1139 2590 1299 2650 spiritui

334 2649 589 2710 subjiciendo
598 2649 638 2693 se
650 2650 799 2695 affidue
811 2664 1007 2698 eaeoeena
1021 2680 1037 2706 ,
1047 2665 1195 2709 magna
1208 2664 1303 2695 cnm

335 2712 501 2757 snorum
514 2707 815 2766 oppidanorum
844 2707 1110 2756 edificatione
1140 2710 1306 2768 precla-

339 2784 432 2816 rum
460 2766 709 2824 tyrocinium
737 2766 868 2825 posuit
879 2797 892 2811 .
925 2768 1015 2813 Post
1031 2770 1189 2827 aliquot
1207 2771 1307 2815 vero

338 2841 484 2878 annor,
498 2836 543 2870 ut
557 2824 597 2870 st
612 2828 850 2873 arctioribus
866 2827 1041 2873 vinculis
1054 2830 1224 2874 Christo
1237 2827 1310 2871 ad·

339 2889 551 2944 stringeret
566 2912 581 2937 ,
607 2885 649 2927 dt
670 2886 694 2927 i
707 2886 848 2931 mundi
872 2895 956 2931 tem
1066 2890 1172 2932 tibur
1187 2887 1309 2944 quim

343 2944 568 3014 longiffime
587 2940 812 2989 discederet
826 2972 841 2996 ‚
853 2946 893 2989 δι
905 2944 974 2988 sub
987 2944 1097 2993 suavi
1110 2945 1309 2991 obedien-

342 3007 408 3051 κίε
422 3016 521 3063 jugo
537 3005 631 3046 Deo
644 3001 823 3048 securius
838 3032 854 3057 ,
876 3006 918 3048 δι
937 3001 1173 3051 fruetuofiur
1187 3006 1308 3051 servi·

344 3074 440 3116 ret,
462 3062 502 3106 in
534 3072 699 3119 portum
719 3063 947 3121 Scrapbicae
961 3065 1091 3110 Sancti
1109 3065 1309 3110 francisci

344 3121 569 3180 Religionis
580 3119 767 3180 confugit
777 3149 794 3173 ‚
821 3135 992 3180 eamque
1006 3139 1138 3183 prope
1147 3123 1313 3169 Cordu-

344 3186 437 3228 bam
455 3182 496 3226 in
509 3182 734 3225 Conventu
762 3181 814 3225 de
826 3181 1037 3240 Arrizafa3
1062 3193 1108 3229 ut
1132 3192 1311 3235 vocant,

342 3255 465 3301 quem
481 3241 642 3285 Fratre·
657 3242 839 3285 Minores
852 3269 868 3294 ‚
893 3243 961 3299 qui
978 3257 1085 3289 nunc
1099 3243 1152 3289 de
1163 3242 1315 3288 Obser-

347 3303 481 3345 'antia
511 3299 794 3354 nominantur,
824 3300 1012 3348 incolunt
1026 3331 1041 3356 ,
1076 3304 1209 3349 verbi·
1238 3316 1313 3348 ex·

348 3358 482 3418 pressir
496 3357 550 3403 est
593 3354 760 3405 roseco·
775 3388 788 3402 .
804 3360 885 3404 Hic
894 3360 975 3415 iam
991 3361 1167 3408 Athleta
1184 3363 1312 3407 Chri-

348 3420 394 3463 ssi
407 3417 528 3476 ampli
577 3431 688 3489 mum
701 3420 902 3464 virtutum
915 3419 1089 3466 stadium
1104 3419 1312 3479 ingressus,

345 3476 1313 3600 ffsszsssfflztsszztzfsss:53:353&ss

342 3594 458 3644 unni
470 3598 734 3643 contentione
747 3610 802 3641 eo
878 3599 932 3644 νὴ
946 3599 1026 3645 &s
1046 3598 1161 3647 irittla
1177 3599 1312 3659 perse·

341 3651 449 3714 φῦ(
462 3651 600 3697 divina
615 3658 740 3715 gratia
756 3656 795 3702 su
828 3669 996 3717 ragante
1047 3660 1232 3704 bravium
1249 3659 1312 3706 su·

340 3716 738 3773 pern-vocationis.
769 3719 932 3762 summa
958 3732 1056 3763 cura
1078 3719 1305 3779 &diligen-

338 3773 395 3819 tia
406 3771 450 3818 iu
459 3769 626 3829 22⁸¹!ae
637 3771 920 3820 observatione
936 3776 1303 3839 versabatur‚quam

1033 146 1195 232 Sub
1258 146 1473 236 Sixto
1541 149 1639 237 V.

1356 311 1397 352 in
1422 310 1533 354 omni
1563 309 1644 351 vita
1669 307 1794 352 sancte
1819 306 1920 348 adeo
1937 306 2215 363 inviolateque
2239 305 2322 346 ser-

1357 371 1494 418 vavit,
1521 378 1566 411 ut
1592 366 1726 424 ipsein
1740 366 1893 410 eunctis
1911 364 2125 422 Religiofis
2153 364 2326 406 functio-

1358 427 1856 479 nibua&officiis‚vivens
1872 424 2052 478 quaedam
2077 428 2118 467 &
2146 416 2322 480 expressa

1357 488 1497 544 regula
1510 484 1589 531 effe
1601 486 1804 530 videretur
1822 513 1834 524 .
1867 485 1914 523 ln
1930 482 2066 536 primis
2081 484 2177 526 vero
2187 512 2203 534 ,
2225 482 2320 538 quia

1354 545 1656 604 sapientissimus
1676 543 1928 587 Architectus
1944 540 2114 595 Spiritus
2130 543 2293 583 Sanctus
2308 567 2322 589 ‚

1352 606 1516 649 sublime
1534 603 1747 660 Regularis
1762 598 2020 657 perfectionis
2042 597 2253 642 aedifieiurn
2284 600 2324 640 in

1357 679 1409 707 eo
1421 664 1664 710 extruebat,
1683 659 1913 702 altiffimum
1929 655 2166 700 humilitatis
2181 656 2325 700 fianda-

1359 736 1542 767 mentum
1558 720 1657 777 jecit
1671 745 1684 766 ‚
1715 720 1755 760 &
1770 727 1814 760 ut
1828 715 2006 773 prudens
2021 714 2091 758 illc
2103 712 2325 758 edificator

1354 783 1396 825 in
1411 775 1864 834 Evangeliolaudatus,
1896 774 2000 817 fodit
2035 775 2076 816 in
2103 775 2260 825 altum,
2284 775 2325 815 δι

1354 839 1568 884 aedificavit
1591 836 1759 878 domum
1773 835 1888 891 super
1900 843 2091 891 petram:
2125 832 2224 876 nihil
2256 831 2324 873 fibi

1358 901 1536 941 tribuens
1552 909 1567 948 ;
1585 893 1686 936 nulli
1702 891 1741 936 se
1754 904 2031 949 anteponens3
2047 895 2131 950 quo
2155 890 2272 949 plura
2300 893 2325 934 a

1355 959 1443 1000 Deo
1456 953 1682 1010 accipiebat
1695 979 1710 1004 ‚
1725 955 1776 997 eo
1787 952 1988 997 demissius
2005 952 2041 995 se
2053 964 2196 1007 gerens
2210 951 2325 992 .1ta·

1357 1030 1436 1071 que
1449 1012 1565 1056 nullae
1581 1012 1856 1055 tentationum
1886 1010 2074 1070 procellae
2089 1036 2105 1059 ‚
2133 1008 2239 1051 nulli
2262 1008 2326 1051 su·

1358 1073 1504 1128 perbiae
1516 1099 1532 1123 ,
1544 1071 1583 1113 &
1593 1070 1723 1113 inanis
1736 1070 1877 1126 gloriae
1889 1070 1999 1114 venti
2013 1098 2029 1122 ,
2043 1066 2163 1112 nullae
2177 1067 2329 1110 Diabo-

1358 1134 1387 1176 li
1401 1129 1721 1174 machinationes
1735 1129 1904 1174 domum
1918 1129 2032 1172 illam
2054 1137 2135 1169 tam
2161 1123 2329 1183 egregie

1358 1191 1570 1235 fundatam
1595 1203 1762 1233 movere
1778 1219 1794 1242 ,
1817 1199 1887 1233 aut
1911 1187 2158 1232 labefactare
2181 1195 2331 1242 potue·

1357 1259 1474 1295 runt.
1507 1248 1775 1304 superiorum
1794 1249 1836 1291 δι
1853 1248 2113 1292 Praelatorum
2136 1243 2328 1287 mandata

1356 1313 1394 1354 δι
1407 1306 1502 1368 juffa
1518 1307 1632 1351 tanta
1645 1306 1882 1351 obedientia
1896 1335 1911 1359 ,
1926 1316 2123 1362 tantaque
2135 1303 2329 1346 alacrita-

1359 1379 1402 1413 te
1414 1366 1716 1425 exequebatur,
1741 1380 1788 1410 ae
1814 1368 1842 1409 fi
1858 1366 1994 1410 Deum
2020 1365 2060 1407 in
2077 1362 2136 1406 eis
2153 1363 2327 1418 loquen-

1361 1439 1445 1473 tem
1465 1423 1672 1470 audiviffet
1686 1455 1698 1467 .
1729 1428 1911 1469 Sanctam
1936 1430 2222 1480 paupertatem
2250 1423 2331 1463 Do·

1361 1486 1461 1528 mini
1478 1485 1536 1527 sui
1554 1480 1736 1539 sponsam
1762 1482 2029 1526 chariflimam
2042 1507 2058 1530 a
2088 1493 2212 1537 quam
2241 1477 2335 1521 dili-

1361 1541 1584 1598 gentissime
1601 1539 1854 1583 custodiebat
1867 1570 1883 1594 ,
1898 1542 2036 1583 omnia
2049 1540 2270 1583 arbitratus
2284 1546 2332 1578 ut

1359 1602 1563 1648 stercora,
1586 1608 1630 1642 ut
1657 1599 1863 1643 Christum
1885 1598 2140 1643 lucrifaceret
2156 1625 2169 1638 .
2199 1599 2331 1641 Cum·

1360 1675 1441 1718 que
1453 1657 1804 1702 Sathanaeastutias
1816 1672 1898 1702 non
1913 1655 2206 1714 ignoraret‚scd
2220 1653 2332 1711 opti-

1361 1721 1426 1765 me
1445 1716 1695 1771 intelligeret
1716 1715 2009 1760 infenliffimum
2029 1715 2195 1759 humani
2207 1725 2329 1770 gene-

1362 1780 1419 1823 ris
1432 1776 1718 1821 adversarium,
1732 1785 1924 1834 tanquam
1937 1778 2112 1819 Leonem
2128 1772 2332 1828 rapidum,

1361 1841 1403 1882 δι
1434 1834 1658 1891 rugientem
1688 1833 1776 1878 dies
1808 1835 2020 1891 noctesque
2050 1832 2225 1877 circuire
2238 1857 2253 1879 ,
2284 1838 2332 1873 ut

1360 1894 1508 1943 Christi
1521 1892 1707 1936 oviculas
1721 1892 1920 1937 dilaceret
1943 1907 1989 1934 ac
2006 1892 2183 1935 devoret
2198 1902 2215 1941 3
2234 1901 2333 1930 nun·-

1391 1968 1480 1996 uam
1494 1953 1584 1994 otio
1601 1980 1616 2001 ,
1631 1962 1698 1994 aut
1715 1952 1875 2006 torpori
1890 1951 1928 1993 se
1942 1949 2064 1992 dabat
2081 1977 2096 2000 ,
2125 1948 2189 1991 sed
2206 1946 2334 1989 stabat

1380 2011 1583 2054 uccine‘tus
1598 2009 1760 2052 lumbos
1775 2011 1863 2051 suos
1878 2009 1916 2052 in
1936 2008 2108 2051 veritate
2119 2035 2134 2060 ,
2164 2004 2332 2048 indutus

1361 2070 1529 2113 loricam
1543 2066 1698 2123 justitie
1713 2096 1729 2119 ,
1759 2067 1878 2126 galea
1891 2067 2026 2112 salutis
2040 2062 2261 2120 assumpta,
2293 2063 2335 2106 δε

1360 2129 1474 2172 scuto
1486 2125 1584 2170 fidei
1597 2136 1780 2181 arrepto,
1795 2129 1835 2170 in
1849 2141 1931 2184 quo
1944 2126 2076 2170 omnia
2091 2123 2215 2183 poffet
2231 2122 2336 2179 igni-

1359 2198 1401 2232 ta
1433 2186 1656 2242 nequiffimi
1684 2186 1809 2229 hostis
1829 2185 1913 2228 tela
1929 2186 2170 2240 extinguere
2184 2213 2197 2226 .
2227 2185 2339 2226 Cor-

1357 2259 1430 2302 pus
1446 2245 1571 2300 igitur
1582 2244 1622 2285 δι
1636 2257 1794 2286 carnem
1810 2242 2167 2293 suam‚illecebram
2186 2253 2336 2297 pecca-

1358 2305 1408 2354 ti,
1426 2303 1583 2351 labore,
1598 2300 1761 2359 jejuniis
1781 2298 1868 2344 fere
1885 2301 2089 2346 continuis
2102 2302 2142 2344 8ι
2158 2298 2333 2357 flagellis

1361 2362 1579 2418 castigabat
1594 2389 1609 2414 ,
1623 2362 1712 2404 &in
1726 2361 1965 2405 servitutem
1982 2359 2194 2417 redigebat
2208 2372 2221 2403 ε
2235 2371 2337 2416 pre·

1362 2421 1482 2479 cipue
1498 2421 1597 2465 vero
1611 2420 1663 2463 ad
1679 2417 1876 2464 excelsam
1885 2420 2005 2464 'illam
2019 2423 2177 2464 Arcem
2190 2414 2337 2462 confu-

1362 2481 1498 2537 giebat
1511 2507 1526 2531 ‚
1552 2493 1629 2538 qua
1643 2479 1755 2524 nulla
1774 2477 1944 2530 fortior,
1969 2478 2080 2523 nulla
2113 2477 2309 2521 munitior
2322 2504 2337 2528 ‚

1363 2542 1442 2584 hoc
1456 2538 1529 2590 cst,
1541 2537 1736 2582 adsanetoe
1750 2538 1959 2583 Orationis
1971 2537 2210 2595 proelidium,
2222 2534 2336 2593 cujus

1362 2599 1434 2643 alia
1468 2598 1506 2640 in
1524 2598 1696 2641 Coelum
1722 2597 1959 2654 frequenter
1973 2597 2149 2641 sublatus
2161 2624 2177 2648 ,
2206 2605 2340 2639 terre·

1363 2670 1511 2702 norum
1541 2656 1695 2701 oblitus
1716 2682 1732 2706 ‚
1762 2654 1984 2700 suaviflimo
2017 2656 2095 2699 Dei
2126 2653 2339 2710 colloquio

1365 2715 1576 2760 fruebatur
1589 2745 1600 2757 .
1619 2718 1667 2760 ln
1682 2728 1727 2760 ea
1741 2715 1864 2771 igitur
1884 2713 2019 2759 schola
2032 2710 2229 2758 divinitus
2242 2726 2336 2756 eru-

1366 2776 1475 2820 ditur
1489 2773 1565 2818 Vir
1580 2774 1758 2832 alioquin
1773 2772 1890 2830 plane
1907 2771 2037 2825 rudis,
2049 2770 2336 2815 &litterarum

1370 2832 1534 2877 minime
1552 2832 1678 2877 sciens
1692 2861 1708 2884 ,
1741 2832 2029 2875 admirandum
2048 2832 2087 2874 in
2104 2829 2270 2874 modum
2283 2829 2338 2872 de

1369 2893 1490 2938 rebua
1512 2889 1659 2936 divinis
1676 2891 1942 2950 loquebatur,
1966 2888 2174 2946 stnsusque
2202 2886 2341 2932 mirifi-

1369 2966 1440 2997 σοι
1457 2949 1694 3010 proferebat
1710 2978 1726 3002 ‚
1743 2953 1800 2995 ita
1817 2961 1858 2993 ut
1874 2949 1952 2993 viri
1965 2947 2215 2994 eruditiffimi
2230 2976 2245 3001 ,
2272 2947 2340 3004 qui

1372 3014 1413 3058 in
1429 3014 1558 3056 sacre
1571 3008 1809 3067 Theologiae
1831 3009 1968 3054 studiis
1994 3017 2154 3053 etatem
2181 3006 2342 3053 contri-

1373 3080 1517 3116 verant
1532 3098 1548 3123 ‚
1564 3069 1819 3128 summopere
1833 3068 2190 3124 obstupescerente
2216 3063 2342 3110 illud-

1372 3143 1451 3189 que
1467 3125 1674 3175 memoriae
1697 3128 1895 3175 traditum
1920 3127 2006 3179 est,
2029 3128 2069 3170 δι
2095 3125 2209 3185 gravi
2229 3123 2341 3169 testi-

1371 3189 1516 3235 monio
1525 3189 1838 3247 comprobatum
1852 3214 1869 3241 ‚
1890 3185 2031 3230 doaos
2054 3187 2093 3230 ει
2146 3186 2205 3228 ins
2228 3183 2338 3227 viros

1370 3263 1466 3295 cum
1481 3247 1669 3294 abstrusa·
1697 3244 2008 3306 &perdifficilca
2019 3257 2107 3346 ἕνα
2144 3244 2259 3287 iones
2286 3241 2337 3284 ad

1373 3324 1437 3356 rea
1461 3308 1622 3353 divinar
1647 3338 1663 3364 ‚
1691 3307 1994 3363 animarumque
2035 3302 2186 3348 alntem
2212 3301 2333 3359 perti·

1373 3377 1516 3415 ncntcr
1533 3381 1625 3413 eum
1641 3382 1691 3414 en
1705 3363 1961 3412 familiariter
1973 3362 2340 3411 communicarent,

1373 3429 1414 3474 id
1440 3428 1492 3472 ab
1505 3426 1914 3474 bominelitterarum
1938 3431 2107 3480 experte
2131 3418 2338 3465 cumulate

1374 3484 1554 3533 didiciss‘e
1566 3514 1582 3540 ‚
1609 3485 1719 3546 quod
1746 3485 1787 3529 in
1812 3481 2082 3529 celeberrimis
2097 3478 2333 3524 Academiia

1372 3549 1397 3594 δ
1411 3547 1564 3605 magnit
1582 3545 1825 3592 Doctodbua
1835 3539 2043 3586 addiscere
2058 3540 2337 3599 nequiverant·

1372 3606 1454 3652 illc
1468 3615 1659 3665 praterea
1669 3601 1879 3649 Orationis
1892 3598 2040 3645 fruetur
2064 3611 2151 3645 crat
2175 3596 2338 3643 uberri-

1372 3679 1459 3711 mua
1472 3693 1487 3718 0
1500 3663 1612 3724 quod
1628 3664 1708 3724 jam
1730 3661 1770 3705 in
1786 3661 2129 3706 benedictionibur
2147 3656 2336 3703 dulcedi·

1365 3726 1429 3769 nia
1442 3732 1682 3783 preventur,
1695 3723 1736 3765 δι
1749 3722 1916 3766 calicem
1934 3721 2048 3765 illum
2066 3718 2304 3779 praclarum
2322 3742 2337 3768 ,

1362 3786 1431 3841 qui
1444 3796 1517 3827 cor
1533 3781 1720 3833 inebriat,
1734 3781 1920 3827 delibans
1937 3808 1950 3833 ,
1962 3779 2143 3825 ardentia
2159 3775 2335 3878 chatrita·

2246 3848 2277 3878 ιι
