2444 4192
288 161 464 246 492

235 352 349 407 copis
362 380 378 401 ,
396 364 441 391 ac
456 348 772 405 quibuscumque
787 343 875 385 alus
891 345 1116 386 Ordinibus
1136 358 1207 397 ‚ac

784 126 948 217 Sub
1010 123 1401 213 Clemente
1461 124 1673 213 XII.

237 293 380 335 iisdem
400 287 647 333 Patrisrchis
662 316 675 339 ,
699 283 1019 340 Archiepiscopis
1039 284 1074 324 &
1089 283 1209 339 Epis-

1273 284 1462 330 Ecclefiae
1476 285 1759 330 Cardinalibus
1771 316 1787 339 ,
1817 287 1942 329 etiam
1958 286 2010 331 de
2024 286 2153 330 latere
2171 287 2246 329 Le·

1270 347 1372 401 gatis
1389 372 1402 394 ,
1428 360 1587 390 necnon
1614 360 1868 403 quacumque
1884 346 2123 391 eorumdem
2140 350 2248 389 Car-

235 411 415 453 coetibus
430 407 717 452 Ecclefiasticis
733 433 746 456 ,
776 404 817 445 δι
833 401 1088 446 saecularibus
1119 403 1210 447 suo·
1269 404 1464 448 dinalium
1485 407 1814 463 Congregatione
1829 432 1843 453 ,
1870 406 2150 461 praedictarum
2173 405 2244 447 lit-

235 485 326 513 rum
348 469 511 526 Jurium
538 464 779 511 exercitium
805 464 847 505 δι
871 461 1180 519 posseslionem..
1193 489 1208 512 2

235 528 583 583 amovendamque
620 528 967 581 quarumcumque
997 522 1206 566 diffenfio-

232 602 331 632 num
347 591 388 631 δι
407 588 541 630 litium
556 585 807 627 occasionem
820 608 836 631 ³
851 594 904 624 ex
918 582 1102 626 concessa
1118 587 1206 626 No·

233 650 295 690 bis
310 647 505 690 divinitus
521 642 764 699 Apostolicae
791 641 1002 696 potestatis
1026 643 1203 699 plenitu-

228 709 328 750 dine
342 737 356 760 ,
374 704 614 750 eorumdem
628 699 920 752 antecessorum
932 703 1203 745 nostrorum„

226 765 473 808 Pontificum
499 764 788 805 Romanorum
817 760 1200 818 vestigiisinhaeren-

225 836 289 868 tes
302 854 318 877 ,
348 823 553 867 statuimus
566 823 606 863 δι
618 818 880 864 decernimus
892 849 908 872 ,
933 820 987 863 de
1016 821 1202 864 omnibus

222 887 265 925 δι
279 882 444 939 singulis
474 881 672 936 praedictis
702 879 852 923 litteris
866 881 907 922 δι
925 881 1201 924 Constitutio-

224 943 343 985 nibus
356 970 371 992 ,
402 954 492 998 quae
518 941 569 982 ab
599 939 744 984 eodem
774 938 1026 983 antecessore
1059 939 1198 982 nostro

220 1000 440 1044 Benedicta
460 999 737 1056 prodierunt,
756 1012 918 1042 necnon
946 999 998 1043 de
1012 1000 1200 1043 omnibus

218 1059 445 1116 privilegiis
465 1086 481 1110 ,
511 1058 652 1116 gratiis
665 1086 681 1110 ,
710 1055 920 1102 favoribus
949 1087 965 1110 ,
996 1057 1166 1100 indultis
1187 1085 1202 1107 ,

217 1118 552 1176 exemptionibus
566 1146 583 1170 ,
609 1116 871 1162 facultatibus
886 1119 927 1160 δι
943 1116 1195 1159 declaratio·

218 1180 336 1221 nibus
347 1205 362 1228 ,
396 1178 436 1221 in
450 1175 590 1221 iisdem
622 1179 830 1221 contentis
842 1205 857 1229 ,
886 1190 976 1218 eam
999 1176 1195 1232 deinceps

216 1237 463 1281 decisionem
476 1250 524 1279 ac
536 1236 735 1295 judicium
748 1266 765 1288 ‚
787 1238 909 1279 etiam
936 1238 976 1278 in
991 1232 1084 1278 foro
1096 1249 1197 1278 con-

214 1296 403 1348 scientiae,
417 1296 665 1348 habendum,
681 1296 790 1352 quod
817 1295 896 1338 sive
912 1295 1068 1351 exJure
1080 1308 1196 1337 com·

217 1357 363 1407 muni,
377 1356 458 1398 sive
487 1369 539 1399 ex
553 1355 751 1399 Concilio
780 1355 1053 1403 Tridentino,
1075 1353 1198 1398 five,

216 1431 270 1460 ex
285 1414 473 1458 Decretis
497 1416 538 1457 δι
550 1413 918 1458 Constitutionibus
935 1412 1199 1469 Apostolicis,

216 1479 298 1519 five
311 1475 412 1517 aliis
423 1499 439 1523 ,
452 1472 638 1530 legitime
657 1474 1116 1526 habebatur,antequam
1130 1485 1202 1512 eae-

218 1535 312 1578 dem
341 1534 488 1576 litterae
515 1534 556 1574 ἀ
579 1531 877 1573 declarationes
900 1530 950 1569 ab
966 1528 1114 1569 eodem
1128 1529 1200 1568 Be.

218 1594 383 1637 aedicto
405 1588 597 1632 conceffae
613 1586 774 1628 fuissent
789 1613 803 1635 ,
822 1583 986 1641 perinde
1015 1583 1170 1628 scilicet
1186 1614 1201 1638 ,

219 1649 299 1694 acfi
316 1648 395 1691 illae
407 1661 488 1689 non
504 1642 777 1690 emanassent:
807 1644 857 1686 ad
882 1656 1002 1700 quam
1030 1643 1200 1700 dispoli-

220 1712 283 1812 Ξῖ
279 1703 763 1822 ἑξῗωᾏῗὲᾛζὲἒὲἱῗέἓ
765 1703 905 1807 ἶῖἒεῗῖἑ
909 1716 1044 1805 ”2⁰33
1047 1704 1201 1807 122¹?ss

917 1791 932 1814 2

219 1827 408 1871 ducimus
422 1827 461 1868 8(
475 1824 642 1869 reducta
657 1822 736 1866 esse
751 1822 939 1866 volumus
955 1849 971 1873 ,
987 1823 1046 1866 ita
1059 1832 1122 1875 ut,
1143 1822 1201 1866 in-

218 1886 426 1944 posterum
438 1881 655 1942 supradieli
681 1881 862 1926 Ordines
887 1879 1113 1938 Regulares
1128 1896 1198 1925 ea-

217 1944 407 1990 rumdem
437 1942 669 1987 litterarum
684 1971 699 1994 ,
722 1942 764 1983 δι
792 1940 1192 1986 constitutionum-2

219 2005 288 2050 usu
304 2031 319 2054 ,
332 2002 553 2048 commodo
567 2003 607 2043 &
621 1999 761 2044 effectu
786 2000 947 2057 penitus
961 2014 1106 2044 carere
1124 2001 1199 2043 de·

216 2066 318 2108 bere
331 2060 612 2118 intelligantur
623 2088 636 2101 .

330 2121 442 2166 Hinc
455 2119 507 2163 ad
521 2117 804 2177 premissorum
816 2118 1002 2163 effectum
1017 2132 1091 2175 pro
1106 2118 1199 2162 nul·

213 2185 264 2228 lis
281 2183 322 2226 δι
332 2178 491 2224 inseetis
505 2178 647 2222 haberi
665 2178 851 2223 volumus
864 2179 1002 2223 omnia
1029 2180 1198 2224 decreta

211 2240 416 2294 irritantia
442 2268 458 2293 ,
491 2237 791 2295 prohibitiones
820 2265 835 2288 ‚
866 2237 1168 2283 declarationes
1181 2265 1197 2289 ,

212 2303 401 2346 mandata
413 2325 429 2347 ‚
455 2298 498 2340 dc
510 2311 772 2354 quaecumque
798 2298 840 2341 in
866 2297 1015 2342 litteris
1027 2299 1068 2341 δι
1082 2301 1196 2342 Con.

211 2357 487 2406 stitutionibus
505 2357 708 2414 predictis
735 2356 1053 2414 quomodolibet
1069 2372 1197 2415 appo-

212 2424 283 2465 sita
296 2449 312 2474 ,
326 2429 446 2475 atque
470 2418 550 2461 alia
565 2416 801 2462 eorumdem
828 2415 1036 2462 occafione
1061 2409 1162 2460 fasta
1176 2447 1192 2470 ,

213 2483 306 2524 huic
336 2477 594 2528 reductioni,
620 2477 802 2520 Decreto
820 2477 861 2520 8ι
886 2476 1088 2521 voluntati
1117 2491 1193 2520 no·

210 2541 295 2584 ssrae
307 2537 692 2597 quomodocumque
723 2534 979 2580 adversantia
992 2565 1007 2589 ,
1033 2536 1195 2594 quibus-

212 2612 388 2654 cumque
417 2611 466 2639 ea
493 2593 619 2639 essent
642 2605 845 2652 concepta
879 2593 1065 2639 formulis
1097 2624 1114 2648 ,
1143 2609 1191 2639 ac

212 2653 593 2714 pascuationibus
609 2682 625 2706 ,
651 2653 1000 2699 declarationibus
1016 2683 1034 2706 ,
1059 2652 1195 2699 modi·

215 2715 502 2764 ficationibus,
533 2712 844 2756 restrictionibus
854 2740 874 2764 ‚
899 2710 1190 2768 explicationi-

213 2777 288 2820 bus
303 2803 317 2827 ,
328 2770 685 2828 derogatoriarum
697 2770 969 2827 derogatoriis
980 2794 997 2819 ,
1025 2766 1194 2827 aliisque

220 2830 496 2883 validiffimis‚
525 2828 804 2874 efficacissimis
829 2830 872 2871 ds
892 2827 1192 2874 inviolabilibus

216 2890 434 2942 clausulis,
459 2889 694 2946 praescrtinu
708 2887 819 2944 quod
835 2888 993 2945 semper
1008 2889 1047 2930 in
1062 2885 1191 2934 data..

215 2953 463 3007 cuicumque
478 2946 780 2993 constitutioni
794 2975 810 2998 ,
836 2946 998 2991 illarum
1024 2960 1193 2991 revoca-

217 3012 332 3056 toriae
342 3038 360 3064 ,
372 3008 619 3064 inposterum
633 3005 818 3056 edenda,
833 3007 1080 3064 posteriores
1096 3021 1191 3051 cen·

219 3068 546 3124 sesntur3etiam
563 3076 676 3110 motu
693 3066 865 3124 proprio
880 3094 895 3117 ‚
922 3068 964 3111 δι
982 3066 1190 3123 potestatis

220 3132 305 3189 pari
319 3126 573 3188 plenitudine
583 3152 599 3177 ,
611 3140 659 3170 ac
672 3141 722 3170 ex
734 3135 851 3171 certa
867 3122 1049 3182 scientia;
1064 3127 1192 3172 etism

219 3185 548 3234 continerialiter
559 3215 576 3240 ,
589 3185 716 3231 etiam
732 3199 810 3243 pro
825 3183 1188 3234 conservatione-a

219 3247 339 3293 statiis
366 3243 564 3306 regularis
575 3275 593 3299 ,
622 3246 746 3289 etiam
773 3244 813 3288 in
837 3246 919 3288 vim
950 3242 1184 3291 eontrafflls

218 3312 257 3353 δι
273 3306 543 3366 stipulationis
554 3334 573 3359 ,
584 3305 692 3350 inter
704 3303 854 3351 Sedcm
868 3305 1144 3362 Apostolicam
1157 3306 1198 3348 δι

220 3369 398 3413 Ordines
415 3366 628 3425 pradifios
643 3365 751 3410 inite
762 3392 779 3419 ,
790 3378 913 3424 quam
928 3364 978 3408 ad
995 3365 1196 3423 hujiismo-

220 3427 263 3471 di
277 3427 459 3471 essedum
477 3423 738 3471 rescindimus
751 3453 768 3477 ,
792 3426 834 3470 dr
854 3439 906 3471 ex
937 3439 1042 3469 nunc
1059 3422 1196 3472 rescis-

221 3486 302 3531 sam
316 3514 330 3538 ‚
344 3482 575 3545 nulliusque
585 3485 747 3531 roboris
758 3485 800 3528 Gt
813 3485 1009 3530 momenti
1031 3485 1109 3531 esse
1124 3499 1196 3529 vo.

222 3546 356 3592 lunius
368 3546 407 3590 Gt
420 3544 675 3590 decerninus
686 3557 704 3600 3
718 3545 889 3604 ideoque
900 3556 1041 3591 omnes
1054 3543 1197 3590 dillen·

223 3604 353 3651 [ιοοα
366 3630 382 3654 ,
397 3603 680 3650 altercationes
694 3607 842 3651 &lites
865 3618 1007 3650 coram
1027 3604 1193 3665 quibus·

220 3679 395 3724 amque
414 3664 623 3720 judicibus
638 3666 887 3718 ordinariis,
911 3665 1198 3711 extraordina-

218 3726 292 3772 riis
307 3726 350 3770 δι
363 3721 659 3768 Ounmiffariis
673 3752 689 3776 ,
710 3729 834 3771 etiam
858 3726 1070 3771 causarum
1086 3723 1202 3771 Pala-

214 3788 265 3831 tii
292 3781 421 3832 nostri
443 3782 715 3830 Auditoribus
729 3814 744 3838 ‚
757 3788 962 3833 &Sancte
993 3789 1126 3832 Roma
1140 3797 1198 3828 οε

1269 478 1446 509 terarum
1459 466 1499 507 δι
1512 466 1866 510 Constitutionum
1899 466 2109 509 occasione
2124 464 2244 521 jam.»

1266 535 1411 577 motas,
1422 538 1497 567 nec
1509 526 1607 568 dum
1623 524 1772 568 decisas
1788 532 1855 565 aut
1869 521 2086 575 finitas,ve1
2101 525 2240 574 etiam,

1263 598 1346 642 quae
1362 584 1441 641 jam
1454 584 1594 627 decisae
1606 582 1731 628 effent
1747 613 1762 636 ‚
1783 584 1812 625 si
1824 581 1954 624 modo
1969 584 2145 625 tractum
2160 585 2233 626 ha-

1264 645 1385 689 beant
1410 641 1699 695 successivum,
1729 640 1873 699 easque
1899 642 2031 683 rursus
2062 640 2244 697 inposte-

1263 718 1354 746 rum
1385 703 1553 746 excitari
1579 705 1789 759 contingat
1803 729 1817 752 ,
1843 700 1958 758 juxta
1982 699 2089 758 Juris
2119 714 2238 742 com-

1265 763 1396 808 munis
1411 791 1428 813 ‚
1446 762 1625 805 Concilii
1641 760 1875 804 Tridentini
1892 760 2160 803 Decretorum
2173 785 2188 807 ,
2202 760 2244 801 δε

1266 822 1617 868 Constitutionum
1632 821 1959 878 Apostolicarum
1971 848 1988 872 ,
2013 832 2057 862 ac
2071 818 2243 876 praesen-

1262 893 1345 926 tem
1362 882 1465 924 hanc
1484 880 1658 923 nostram
1673 879 1994 937 dispositionem,
2007 892 2081 921 nec
2095 877 2238 930 aliter,

1262 939 1513 984 decidendas
1533 939 1612 984 esse
1646 940 1899 997 praecipimus
1916 968 1929 981 .
1955 940 2111 983 Futura
2140 937 2242 981 verb

1262 1000 1388 1042 dubia
1410 1000 1451 1040 &
1466 999 1734 1043 difficultates
1752 1027 1767 1051 ,
1791 1000 2038 1055 ubicumque
2055 998 2238 1053 &quan-

1259 1059 1489 1113 documque
1502 1057 1691 1102 oriantur
1702 1086 1717 1108 ,
1734 1058 1784 1102 ad
1798 1062 1887 1103 Nos
1902 1059 1942 1101 &
1956 1056 2105 1100 Sedem
2120 1058 2238 1113 Apo-

1258 1118 1440 1160 stolicam
1453 1146 1468 1168 ,
1482 1116 1533 1159 ad
1552 1132 1673 1174 quam
1690 1117 2003 1162 Pontificiarum
2018 1114 2239 1160 Constitu·

1256 1178 1415 1221 tionum
1436 1187 1559 1233 atque
1592 1176 1965 1221 Ecclefiasticarum
1990 1174 2241 1219 sanctionum

1254 1236 1547 1293 interpretatio
1572 1237 1756 1292 pertinet
1772 1266 1787 1290 ,
1819 1234 2035 1280 refetenda
2061 1228 2139 1278 effe
2162 1233 2239 1278 de·

1260 1309 1466 1341 cernimus
1478 1323 1490 1335 .

1373 1357 1519 1411 Itaque
1543 1353 1682 1396 omnia
1708 1351 1913 1408 &singula
1928 1352 2122 1396 haetenus
2146 1364 2236 1395 me-

1261 1425 1418 1458 morata
1433 1440 1448 1462 ,
1478 1427 1643 1457 necnon
1677 1412 1887 1468 praesentes
1901 1438 1917 1460 ,
1940 1412 2065 1454 etiam
2095 1423 2146 1453 ex
2158 1424 2208 1454 eo
2222 1437 2239 1462 ,

1259 1472 1370 1528 quod
1387 1470 1510 1513 causae
1520 1498 1535 1520 ,
1547 1471 1602 1510 ob
1624 1483 1723 1523 quas
1738 1468 2030 1519 emanaverint,
2043 1481 2240 1525 compro-

1261 1532 1364 1571 batae
1376 1553 1390 1576 ,
1401 1525 1587 1581 expressae
1608 1527 1648 1569 δι
1663 1525 1874 1570 verificatae
1887 1539 1904 1579 3
1919 1536 1986 1568 aut
2003 1526 2044 1569 in
2059 1524 2239 1582 premis-

1261 1586 1307 1628 fis
1335 1583 1518 1628 interesse
1545 1584 1741 1630 habentes
1755 1614 1770 1638 ,
1798 1586 1863 1628 vel
1889 1587 2037 1628 habere
2061 1594 2240 1641 praeten-

1260 1645 1408 1689 dentes
1424 1671 1439 1695 ,
1460 1644 1511 1687 ad
1541 1644 1621 1687 hoc
1639 1645 1771 1689 vocati
1782 1671 1796 1694 ,
1812 1645 1930 1688 citati
1948 1645 1989 1687 δι
2006 1642 2137 1688 auditi
2153 1657 2239 1690 non

1261 1704 1417 1748 suerint
1439 1730 1454 1753 ,
1479 1718 1611 1762 neque
1638 1703 1782 1749 iisdem
1813 1701 2093 1748 consenserint
2126 1731 2143 1757 ,
2173 1703 2242 1749 vel

1259 1765 1357 1809 aliis
1371 1778 1420 1808 ex
1431 1778 1689 1822 quocumque
1703 1764 1839 1820 capite
1852 1792 1867 1816 ,
1892 1772 2095 1820 pretextu
2108 1791 2124 1816 ,
2151 1778 2228 1808 co-

1260 1825 1372 1874 lore,
1389 1824 1555 1881 ingenio
1568 1849 1582 1871 ‚
1599 1824 1666 1867 vel
1683 1824 1800 1867 causa
1813 1851 1828 1875 ,
1853 1822 1906 1867 de
1927 1821 2206 1880 subreptionis
2219 1849 2239 1876 ,

1261 1884 1326 1928 vel
1347 1884 1621 1940 obreptionis,
1636 1894 1706 1927 aut
1724 1882 1922 1926 nullitatis
1938 1883 2041 1927 vitio
2057 1910 2072 1935 ,
2088 1882 2155 1925 vel
2176 1883 2242 1927 in-

1259 1943 1458 1987 tentionis
1485 1942 1623 1986 nollroe
1644 1970 1659 1993 ,
1685 1942 1763 1985 sive
1789 1942 1872 1985 alio
1897 1942 2044 1998 quovis
2079 1940 2242 1986 deseelu

1261 2004 1394 2047 notari
1408 2005 1448 2046 δι
1471 2003 1699 2059 impugnari
1713 2030 1728 2054 ‚
1741 2001 1853 2056 argui
1866 2030 1884 2053 ,
1898 2000 2059 2057 infringi
2074 2026 2090 2051 ,
2105 2011 2243 2046 retra-

1260 2063 1359 2106 etati
1374 2091 1388 2114 ,
1400 2063 1442 2105 in
1457 2062 1530 2118 Jus
1546 2063 1611 2105 vel
1629 2059 1963 2106 controversiam
1980 2060 2117 2104 vocari
2135 2086 2151 2109 ‚
2182 2062 2238 2105 ad

1261 2123 1460 2166 terminos
1471 2121 1581 2178 Juris
1595 2120 1759 2173 reduci,
1771 2128 1844 2164 aut
1857 2130 2006 2164 contra
2020 2132 2088 2164 ess
2102 2120 2240 2178 quod-

1260 2182 1323 2226 vis
1337 2182 1477 2239 gratia
1490 2209 1506 2235 ,
1533 2181 1597 2226 vel
1622 2179 1779 2237 justitiae
1794 2180 2019 2224 remedium
2041 2179 2243 2238 impetra-

1258 2241 1295 2285 ri
1310 2268 1325 2292 ,
1337 2241 1405 2285 seu
1418 2240 1594 2284 concedi
1612 2239 1845 2283 nullatenus
1855 2238 1996 2297 potse3
2014 2239 2098 2287 Sed
2129 2253 2196 2284 eas
2212 2268 2230 2293 ,

1257 2315 1301 2345 ac
1317 2300 1454 2345 omnia
1465 2300 1507 2343 δι
1521 2298 1675 2357 singula
1689 2300 1768 2343 &c.

1376 2358 1579 2404 Volumus
1591 2368 1729 2402 autem
1742 2384 1757 2409 ,
1785 2366 1831 2404 ut
1843 2357 1992 2404 eaedem
2007 2360 2227 2417 presentes

1256 2421 1296 2464 in
1326 2418 1454 2464 valvis
1480 2417 1744 2463 Basilicarum
1767 2418 2073 2476 SancliJoannis
2093 2419 2134 2462 in
2154 2420 2237 2463 La-

1254 2490 1400 2525 terano
1412 2509 1424 2531 ,
1439 2480 1476 2523 δι
1490 2478 1690 2537 Principis
1706 2477 1998 2535 Apostolorum
2024 2476 2077 2521 de
2092 2477 2231 2531 Urbe,

1252 2554 1300 2583 ac
1317 2541 1357 2583 in
1373 2538 1460 2581 acie
1475 2537 1623 2595 Campi
1637 2538 1769 2583 Florae
1780 2563 1798 2587 ,
1823 2546 1868 2580 ut
1895 2537 2020 2580 moris
2034 2538 2094 2582 est
2106 2562 2122 2587 2
2147 2535 2237 2581 affi-

1252 2611 1311 2643 κε
1323 2625 1340 2652 ,
1352 2596 1627 2653 quoscumque
1643 2595 1721 2639 ine
1740 2594 1960 2651 respiciunt
1974 2622 1990 2647 ,
2018 2597 2099 2639 &c-

1370 2652 1491 2698 Nulli
1528 2667 1632 2710 ergo
1656 2653 1824 2697 omnino
1851 2653 2063 2698 bominum
2096 2652 2222 2698 liceat

1252 2715 1357 2758 banc
1381 2714 1569 2770 paginam
1586 2711 1713 2757 nostri
1739 2711 1903 2761 statuti,
1931 2710 2124 2762 decreti,
2154 2725 2230 2755 vo-

1253 2772 1453 2824 luntatis,
1476 2771 1795 2822 moderationis,
1819 2771 1859 2813 8ι
1886 2769 2135 2815 reductionis
2171 2772 2236 2814 in·

1251 2829 1430 2888 fringere
1448 2857 1462 2882 ,
1476 2830 1541 2874 vel
1558 2829 1654 2875 ausu
1681 2829 1900 2875 temerario
1923 2830 2162 2887 contraire;
2193 2831 2235 2875 Si

1250 2891 1342 2994 gnis
1357 2902 1497 2935 autem
1515 2891 1592 2932 hoc
1606 2899 1812 2935 attentare
1828 2886 2118 2958 presumpserit
2137 2919 2154 2945 ,
2171 2890 2234 2934 in-

1283 2951 1536 3007 ignationem
1550 2950 1859 3006 Omnipotentis
1886 2948 1991 3002 Dei,
2017 2963 2066 2993 ac
2083 2950 2230 2994 Beato·

1251 3023 1340 3055 rum
1359 3010 1524 3055 Petri&
1552 3009 1666 3053 Pauli
1681 3009 1977 3067 Apostolorum
1994 3007 2080 3068 ejus
2096 3009 2135 3055 se
2153 3023 2233 3054 no·

1254 3070 1360 3115 verit
1375 3067 1656 3115 incursurum.

1373 3132 1530 3175 Datum
1559 3131 1700 3174 Romae
1724 3126 1827 3187 apud
1856 3129 2043 3174 Sanctam
2060 3127 2231 3176 Mariam

1259 3187 1458 3244 Maiorem
1481 3189 1604 3233 Anno
1645 3187 1942 3234 lncarnationis
1976 3188 2204 3234 Dominicoe
2217 3214 2234 3239 ,

1258 3246 1475 3294 millesimo
1500 3246 1861 3304 septingentesimo
1876 3245 2083 3306 trigesimo
2095 3246 2237 3293 secun—

1258 3308 1340 3358 do,
1368 3310 1497 3353 tertio
1525 3307 1731 3354 Kalendas
1756 3304 1910 3367 Aprilis
1924 3335 1939 3362 ,
1968 3303 2235 3353 Pontificatiis

1257 3368 1383 3414 nostri
1397 3370 1524 3415 Anno
1547 3366 1741 3414 Secundo
1755 3397 1768 3411 .

1316 3489 1423 3535 Bull-
1439 3491 1655 3535 Rem-rom.
1672 3483 1875 3551 spffln
1883 3497 1919 3532 r.
1959 3455 1964 3464 .

1985 3841 2168 3889 BENE·
