2444 4192
728 164 900 248 ‘Sub
961 170 1311 280 Gregorio
1370 166 1462 252 X
1485 163 1527 246 I
1552 161 1594 244 I
1621 163 1673 244 I.

221 314 443 373 ‚rationibus
452 338 468 362 ,
480 310 813 356 declarationibus
823 342 840 364 ,
852 316 1163 359 modificationi-

211 380 288 422 bus
298 373 629 427 ,restrictionibus
643 401 659 425 ,
671 371 812 415 mentis
829 372 1160 425 attestationibus,

214 431 567 488 derogatoriarum
580 430 845 488 derogatoriis
860 456 876 480 ‚
897 430 1059 486 aliisque
1074 431 1159 473 for-

209 490 364 535 tiffimis
375 519 388 543 ‚
400 489 684 541 efficaciffimis,
695 491 735 532 δι
747 487 1038 531 inviolabilibus
1051 488 1159 530 clau-

210 547 442 601 sulis,etiam
455 558 569 592 motu
582 549 749 607 proprio
761 548 799 589 δι
812 545 1014 603 potestatis
1025 545 1157 600 pleni-

206 607 355 652 tudine
371 608 557 652 similibus
567 637 581 661 ,
593 611 633 651 &
646 621 694 650 ex
708 616 817 649 certa
831 603 994 647 scientia
1004 632 1018 655 ,
1031 603 1155 646 etiam

207 679 286 723 pro
297 667 600 712 conservatione
613 663 998 721 statfisRegular-is,&
1006 675 1052 705 ex
1066 660 1156 717 qui-

208 725 438 784 buscunque
449 726 535 769 aliis
546 723 823 784 urgentissimis
846 721 966 767 caulis
980 718 1156 780 quoties-

207 798 367 841 cunque
392 787 608 830 roborata'.
641 785 904 827 Decernentes
926 779 996 824 illa
1020 779 1154 823 omnia

205 855 288 898 pro
303 843 425 887 nullis
437 872 452 895 ,
467 843 668 887 &infectis
684 842 817 886 haberi
829 867 843 889 ,
855 838 1070 894 omnesque
1095 839 1155 879 su·

205 901 406 957 pradieias
423 902 586 946 illarum
601 903 671 947 usu
686 930 701 954 ,
713 900 928 946 commodo
938 928 952 951 ,
965 899 1005 943 δι
1016 897 1159 952 effectu

206 971 374 1003 carere:
400 962 462 1004 Ae
490 975 631 1005 omnes
654 961 745 1004 lites
769 961 810 1002 δι
833 956 1125 1003 controverfias
1146 983 1162 1007 ‚

203 1031 290 1074 quar
303 1033 441 1062 coram
456 1020 656 1076 quibusvis
675 1018 878 1077 Judicibus
902 1017 981 1060 five
994 1016 1162 1059 ordina-

202 1077 273 1120 riis
287 1104 301 1128 ‚
317 1076 398 1120 five
417 1077 716 1131 Commiffariis2,
729 1078 850 1121 etiam
864 1077 1070 1120 causarum
1086 1075 1162 1115 Pa-

203 1134 294 1179 latii
319 1135 539 1191 Apostolici
562 1136 830 1180 Auditoribus
858 1165 873 1188 ,
910 1149 956 1177 ac
986 1136 1027 1178 S.
1042 1136 1094 1176 R·
1109 1135 1159 1175 Ε.

202 1191 502 1243 cardinalibus,
515 1195 638 1236 etiam
654 1194 705 1237 de
719 1194 848 1237 latere
864 1194 1040 1248 Legatis,
1060 1205 1158 1247 prae·

203 1251 398 1296 dictarum
415 1251 642 1295 litterarum
665 1252 1066 1294 &constitutionum
1085 1262 1157 1291 oc-

201 1307 355 1354 catione
366 1307 483 1366 super
498 1307 776 1367 praemiffisjam
789 1315 909 1351 motoe‘
927 1307 1041 1357 sunt,
1056 1319 1155 1349 nec-

203 1367 301 1411 dum
313 1366 450 1412 decisae
462 1397 478 1421 ,
494 1377 563 1413 aut
577 1366 722 1418 finita,
747 1368 811 1412 vel
826 1368 960 1416 etiam,
975 1364 1151 1423 quaejam

204 1425 345 1470 decise
359 1427 471 1480 sunt,
493 1429 518 1471 fi
543 1427 669 1471 modo
685 1430 856 1470 uastum
878 1426 1050 1470 habeant
1064 1423 1153 1467 suc-

206 1483 417 1537 eeffivnm,
441 1486 580 1543 easque
601 1484 738 1530 rursus
752 1486 933 1535 ,deinter
960 1485 1154 1542 quoscun-

210 1558 288 1601 que
300 1544 469 1588 excitari
483 1543 729 1601 inposterum
744 1545 951 1599 contingat
967 1570 982 1592 2
1014 1542 1156 1585 secun-

207 1603 304 1645 dum
327 1604 552 1659 praedistsm
577 1603 875 1660 dispofitionem
897 1632 914 1656 ,
941 1615 1013 1644 nec
1038 1600 1157 1643 aliter

203 1660 452 1704 decidendas
465 1690 479 1713 ‚
493 1659 629 1704 sutura
644 1662 742 1705 verb
755 1661 874 1704 dubia
889 1690 903 1714 ,
926 1662 964 1703 δι
980 1658 1157 1702 difficul-

205 1726 322 1772 tates,
335 1719 659 1778 quandocunque
672 1722 743 1772 ,Ἧι
769 1719 999 1775 ubicunque
1023 1719 1157 1760 orien-

205 1787 302 1828 tur,
327 1779 377 1822 ad
392 1781 528 1823 Nos&
541 1778 686 1823 Sedem
701 1777 974 1836 Apostolicam
987 1805 1002 1828 ,
1026 1777 1090 1819 ubi
1117 1778 1157 1818 &

207 1846 351 1880 caetera
364 1862 379 1886 s
398 1850 483 1894 quae
501 1837 732 1882 addecreta
763 1838 859 1880 dieii
874 1835 1054 1881 concilii
1065 1849 1157 1892 pcr-

210 1895 370 1943 tinent,
383 1895 567 1950 quotidie
579 1895 835 1940 declarantur
848 1921 863 1943 ‚
875 1895 1039 1938 omnino
1051 1893 1157 1937 refe·

191 1953 339 1996 'renda
358 1951 449 2006 effes
466 1965 620 1997 necnon
648 1954 802 1995 irritum
827 1954 864 1993 &
885 1954 1027 2002 inane,
1043 1953 1156 2007 quic-

210 2010 308 2068 quid
334 2010 442 2054 secus
467 2009 583 2066 super
613 2011 672 2054 his
688 2023 757 2067 per
769 2010 1025 2067 quoscunque
1041 2010 1160 2052 seien-

211 2080 278 2113 ter
310 2069 374 2112 vel
414 2069 652 2125 ignoranter
688 2070 910 2124 contigerit
947 2066 1135 2111 attentari
1151 2095 1164 2107 .

209 2127 449 2172 Mandamus
459 2128 594 2183 itaque
608 2129 647 2170 in
665 2129 816 2170 virtute
828 2127 963 2170 lancie
974 2126 1165 2168 obedien-

209 2186 274 2227 tiae
286 2184 494 2241 presentes
505 2186 555 2227 ab
569 2185 755 2227 omnibus
782 2185 930 2240 ubique
946 2183 1164 2238 Episcopi&

207 2243 443 2287 &locorum
455 2242 701 2294 OrdinariiS,
719 2255 874 2285 necnon
892 2240 1163 2284 Ecclefiarum

209 2300 387 2348 Praelatis
401 2326 416 2351 ‚
431 2301 670 2344 Rectoribus
680 2328 694 2353 ,
712 2300 997 2356 Fratribusque
1022 2297 1164 2356 praedi-

207 2360 302 2412 ctis,
316 2373 362 2403 ac
378 2361 524 2403 caten-is
539 2388 554 2411 ,
574 2358 623 2404 ad
645 2372 744 2416 quos
768 2360 949 2415 pertinet
964 2385 979 2408 ,
1007 2357 1163 2414 semper

206 2418 405 2462 inviolata
429 2415 657 2462 observari·
686 2422 782 2462 Non
805 2417 1048 2462 obstantibus
1063 2430 1162 2471 prae·

206 2475 353 2526 mitiis,
382 2490 428 2520 ac
443 2475 805 2520 Constitutionibus
827 2475 1162 2521 &ordinationi-

208 2538 283 2581 bus
303 2534 545 2591 'apostolicis
558 2562 574 2586 2
589 2549 746 2580 necnon
760 2536 1058 2583 scelestarum,
1070 2535 1162 2574 Mo-

208 2593 469 2640 nafleriorum
484 2620 499 2644 ‚
513 2597 821 2649 conventuum,
840 2599 1083 2644 Domorum,
1097 2591 1160 2635 lo-

207 2666 348 2699 corum
362 2681 377 2705 ,
405 2654 446 2695 δι
469 2652 672 2697 Ordinum
693 2667 1029 2711 quorumcunque
1052 2651 1160 2708 jura-

206 2721 347 2755 mento
358 2738 374 2762 ,
385 2709 694 2755 confirmatione
712 2712 940 2768 Apostolica
954 2741 969 2763 ,
982 2710 1045 2754 vel
1060 2724 1161 2767 qua-

206 2772 269 2812 vis
291 2767 483 2810 firmitate
498 2768 579 2811 alia
604 2770 810 2813 roboratis
838 2770 995 2813 statutis
1013 2770 1055 2810 δε
1067 2783 1164 2813 con·

208 2824 485 2871 suetudinibus
499 2853 515 2876 ‚
547 2826 767 2883 privilegiis
786 2829 866 2872 διε.
896 2825 1166 2883 ceterisque...

209 2883 424 2928 contrariis
437 2885 733 2940 quibuscunque
746 2913 758 2926 .
774 2887 836 2929 Ut
849 2893 984 2930 autem
1003 2887 1164 2941 prasen-

209 2954 274 2988 tes
290 2941 477 2986 ornnibus
507 2941 659 2999 plenius
672 2942 918 2989 innotescant
929 2971 944 2994 ,
973 2945 1163 2990 volumus

209 3015 352 3045 earum
364 3001 548 3058 exempla
562 2999 650 3044 fieri
663 3028 679 3051 ,
692 3003 730 3043 δι
743 3002 867 3045 etiarn
880 3002 1052 3055 imprimi
1065 3033 1082 3055 ,
1111 3004 1163 3046 il-

208 3058 336 3115 lisque
355 3061 515 3103 Notarii
583 3059 678 3102 blici
704 3073 846 3109 manu,
872 3061 1059 3104 &Curiae
1082 3063 1163 3103 Ec-

174 3138 179 3144 ·
211 3117 436 3163 elefiafficae
449 3147 463 3170 ,
479 3131 529 3160 ve
572 3117 731 3162 Praelati
743 3145 758 3168 ‚
780 3126 851 3161 aut
867 3120 1035 3174 perffbnae
1047 3119 1088 3161 in
1102 3118 1165 3163 di·

209 3178 368 3233 unitate
382 3176 654 3221 Ecclefiastica
674 3176 899 3221 constitu-tae
924 3176 1053 3231 figillo
1065 3177 1165 3220 obsi-

213 3236 346 3290 gnatis
362 3236 441 3279 &c-

216 3317 218 3323 ι
290 3309 309 3328 ι’
329 3293 447 3338 Nulli
478 3295 579 3350 ergo
606 3294 772 3337 omnino
807 3295 1016 3338 hominum
1045 3292 1166 3337 liceat

215 3349 515 3408 hduemginam
526 3353 670 3396 nostrae
693 3353 960 3397 ordinationis
972 3380 988 3402 a
1008 3353 1138 3396 statuti
1151 3381 1167 3406 ,

222 3406 494 3463 reductionis,
514 3411 753 3463 abl-ationis,
778 3411 1072 3469 abrogationis‚
1095 3411 1171 3454 de-

223 3466 547 3532 creti³5mandati
560 3470 860 3527 ,derogationis
869 3499 884 3522 ‚
897 3474 938 3514 δε
951 3470 1170 3516 voluntatis

222 3521 446 3590 lustin-gerev
455 3555 473 3579 ,
481 3527 544 3572 vel
556 3529 594 3573 ei
604 3531 698 3572 ausu
716 3531 932 3575 temerario
955 3530 1172 3573 contraire.

223 3585 269 3625 Si
296 3593 387 3647 quis
396 3593 528 3649 autem
544 3587 624 3632 hoc
638 3597 835 3634 attentare
860 3588 1171 3647 praesumpserit,

223 3636 542 3693 ind1gnationem
571 3646 867 3703 omnipotentis
896 3648 969 3691 Dei
986 3674 1000 3696 ,
1012 3662 1057 3689 ac
1071 3649 1172 3689 Bea-

224 3705 366 3762 torun!
380 3699 487 3764 Petri
498 3701 539 3742 ἃ.
550 3704 663 3747 Pauli
680 3707 963 3763 Apostolorum
983 3706 1068 3763 ejus
1081 3704 1173 3754 se.)

223 3761 390 3810 noverit
412 3757 676 3806 incursurum.
983 3790 985 3794 Α

346 3815 449 3859 Tom-
459 3813 524 3862 Vt..

1951 171 2111 274 283-

1339 321 1489 359 Datum
1506 317 1644 356 Romae
1661 310 1767 366 apud
1796 314 1982 357 Sanctum
2007 319 2170 363 Petrum

1219 375 1340 416 Anno
1382 371 1672 411 incarnationis
1712 371 1930 412 Dominicae
1959 374 2170 417 millefimo

1218 426 1534 484 quingentesimo
1554 424 1839 482 septuagesimo
1855 427 2029 469 secundo
2042 456 2057 478 ,
2090 434 2171 472 Ka-

1218 486 1360 528 lendas
1388 483 1565 531 Martii,
1608 482 1878 526 Pontificatsss
1908 486 2026 527 nostri
2052 489 2172 530 Anno

1216 545 1378 586 Primo.

1276 661 1438 717 Rodriq.
1465 661 1507 702 in
1522 661 1616 704 Coll.
1628 659 1709 719 sol.
1724 673 1826 719 499.
1859 661 2013 703 Bullar.
2030 660 2168 704 Ordin-

1333 720 1495 763 Praedic.
1510 730 1600 762 tom.
1617 731 1655 767 5.
1662 718 1743 776 sol.
1763 722 1859 777 316.
1887 720 1935 767 θ’
1948 720 2172 776 reservatur

1326 779 1517 834 exemplar
1543 778 1724 821 authent.
1738 782 1783 822 in
1807 778 1975 823 Archivo
1992 778 2173 836 generali

1327 839 1449 896 nostrl
1469 838 1627 880 Ordinis
1640 865 1654 879 .

1222 1075 1456 1126 Fratribus
1472 1075 1731 1125 Minoribus
1747 1073 1977 1125 recursum
1994 1074 2051 1123 ad
2071 1075 2174 1124 Tri·

1291 1146 1471 1199 bunalia
1491 1148 1786 1197 Saecularium
1811 1146 2039 1196 interdicit
2053 1180 2068 1203 ,
2081 1143 2128 1195 ὅ(
2144 1144 2172 1192 ὲ

1289 1218 1563 1267 P.Generali
1582 1215 1733 1269 missos
1749 1214 2111 1272 Commffsmios,
2126 1213 2176 1265 δι

1281 1286 1448 1336 horum
1456 1286 1620 1338 statuta
1632 1287 1688 1336 ab
1705 1290 1757 1337 iis
1773 1289 1911 1355 recipi
1932 1284 2175 1348 &c.jubet.

1214 1415 1696 1469 GREGORIUS
1731 1416 1942 1465 PAPA
1979 1416 2175 1464 XIII.

1375 1543 1442 1587 Ad
1458 1549 1691 1600 perpetuam
1718 1546 1782 1587 res*
1809 1542 2058 1587 nemorian-

1218 1659 1514 1815 QUoniam
1531 1660 1664 1704 nostro
1680 1660 1868 1704 pastorali
1900 1655 2173 1717 potiffimunb

1373 1721 1565 1763 incumbit
1579 1720 1718 1763 officio
1734 1748 1748 1771 ,
1781 1731 1827 1762 ut
1849 1735 1897 1763 ea
1923 1746 1938 1769 ‚
1968 1732 2053 1775 quae
2077 1716 2175 1759 ausu

1359 1780 1573 1823 temerario
1587 1780 1637 1820 ab
1653 1776 2173 1833 Ecclefiasticis,praesertim

1217 1837 1481 1891 Regularibus
1508 1834 1686 1892 personis
1712 1835 1947 1892 plerumque
1970 1844 2175 1877 attentan-

1215 1904 1310 1946 tur,
1339 1895 1537 1953 quantum
1566 1895 1695 1937 Nobis
1724 1908 1773 1936 ex
1799 1895 1885 1937 alto
1900 1892 2144 1935 conceditur
2162 1917 2179 1940 ‚

1216 1955 1459 2008 opportunis
1481 1954 1666 1996 remediis
1697 1952 2023 2008 compescamus,
2052 1952 2092 1992 δι
2115 1965 2181 1992 re-

1220 2023 1453 2053 moveamus
1465 2035 1480 2057 ,
1500 2010 1655 2052 idcirco
1665 2035 1680 2057 ‚
1693 2024 1786 2051 cum
1818 2009 2017 2052 referente
2029 2009 2182 2051 dilecto

1222 2069 1329 2112 Pilio
1344 2071 1485 2111 Fratre
1502 2067 1801 2121 Christophoro
1820 2068 1875 2109 de
1897 2069 2046 2121 Capite
2070 2069 2180 2107 Fon-

1224 2128 1325 2169 tium
1342 2128 1546 2169 Minorum'
1556 2125 1608 2168 de
1621 2123 1886 2167 Observantia
1898 2124 2064 2166 Ordinis
2078 2127 2180 2166 San·-

1224 2186 1274 2226 ai
1308 2184 1502 2226 Francisci
1517 2184 1706 2225 Generali
1721 2185 1931 2230 Ministro,
1961 2197 2040 2224 non
2062 2184 2181 2226 fine,

1223 2242 1344 2286 animi
1360 2241 1482 2283 nostri
1498 2241 1677 2283 molestia
1693 2255 1819 2296 nuper
1831 2242 2175 2291 intellexerimus,

1224 2313 1504 2357 nonnunquam
1526 2299 1717 2355 quosdam
1734 2300 1981 2356 Religiosos,
2011 2302 2050 2341 &
2067 2297 2180 2340 Reli-

1223 2358 1351 2416 giosas
1374 2359 1430 2404 sui
1456 2359 1623 2401 Ordinis
1647 2357 1902 2413 hujusmodi,
1929 2360 2003 2401 Dei
2030 2359 2179 2401 timore

1221 2419 1440 2475 postposito
1454 2446 1471 2468 ‚
1485 2419 1523 2461 δι
1538 2417 1608 2460 sua
1638 2417 1884 2470 proseffionis
1905 2418 2179 2468 immemores,

1221 2489 1265 2519 ut
1286 2479 1326 2520 in
1345 2489 1488 2521 eorum
1514 2474 1757 2528 malefactis,
1779 2478 1819 2518 δι
1844 2475 2114 2518 inobedientia
2143 2476 2179 2517 se

1219 2536 1370 2580 diutius
1387 2533 1636 2578 confoveant
1654 2563 1669 2586 ‚
1685 2536 1734 2577 ab
1748 2535 1796 2577 iis
1808 2561 1823 2584 ,
1836 2548 1920 2590 qua
1938 2548 2011 2590 per
2031 2533 2179 2575 Praela·

1220 2606 1284 2639 tos
1298 2595 1473 2650 ejusdem
1497 2593 1661 2637 Ordinis
1675 2620 1689 2641 ‚
1705 2595 1823 2637 etiam
1840 2594 2114 2641 Guardianos,
2131 2593 2179 2632 ίῖ-

1221 2668 1270 2697 ve
1298 2653 1574 2698 provinciales
1590 2679 1604 2700 ,
1628 2651 1691 2696 vel
1716 2650 2015 2696 Commissarios
2028 2651 2079 2692 ab
2095 2651 2181 2705 ipso

1221 2713 1415 2758 Generali
1439 2712 1622 2756 Ministro
1647 2726 1725 2768 pro
1754 2722 1938 2767 tempore
1966 2710 2181 2766 deputatos

1222 2776 1307 2816 aeta
1341 2776 1429 2817 sunt
1453 2772 1495 2813 δι
1517 2770 1681 2813 decreta
1695 2772 1770 2819 ‚ad
1790 2769 2022 2813 Tribunalia
2044 2773 2179 2811 Saecu·

1224 2833 1325 2875 laria
1337 2830 1565 2888 appellare,
1577 2831 1616 2870 &
1631 2828 1681 2870 ad
1701 2842 1748 2871 ea
1771 2828 1922 2870 temere
1942 2825 2180 2883 confugere,

1224 2891 1467 2933 auctoritate
1481 2886 1713 2940 Apostolica
1727 2895 1872 2927 tenore
1895 2884 2180 2940 presentium..-

1224 2949 1471 3006 praecipimus
1484 2972 1500 2995 ‚
1513 2948 1553 2988 sc
1569 2943 1793 2986 inhibemus
1823 2943 1891 2984 sub
1905 2943 2181 2984 excommuni-

1224 3008 1395 3050 cationis
1417 3006 1507 3048 latae
1534 3002 1738 3045 sententiae
1764 3014 1908 3055 poena,
1941 3002 2055 3056 aqua
2072 3000 2136 3041 uisi
2155 2998 2178 3040 a

1225 3065 1356 3109 Nobis
1369 3091 1385 3113 a
1401 3066 1469 3106 seu
1484 3064 1673 3104 Romano
1689 3058 1887 3102 Pontifice
1908 3072 1982 3113 pro
1998 3066 2179 3112 tempore

1222 3123 1438 3170 existente,
1467 3121 1732 3174 praeterquam
1761 3119 1801 3159 in
1829 3118 1969 3158 mortis
1983 3114 2175 3167 articulo,

1225 3181 1376 3225 absolvi
1400 3177 1544 3235 possint
1559 3208 1574 3228 ,
1591 3190 1749 3222 necnon
1770 3176 2004 3233 privationis
2037 3188 2178 3230 perpe..

1225 3251 1303 3283 tuae
1328 3237 1555 3282 officiorum
1568 3251 1637 3291 per
1655 3249 1724 3279 eos
1747 3237 2012 3278 obtentorum
2027 3261 2041 3284 ‚
2063 3233 2103 3275 δε
2116 3233 2175 3280 inq

1227 3297 1448 3342 habilitatis
1465 3295 1515 3338 ad
1540 3294 1639 3344 ills,
1660 3295 1700 3335 &
1730 3293 1807 3335 alia
1829 3306 2074 3349 quaecunque
2087 3291 2180 3334 dieii

1225 3356 1394 3400 Ordinis
1403 3354 1534 3399 officia
1548 3352 1793 3403 exercenda,
1805 3366 1850 3394 ac
1866 3351 1977 3393 vocis
1990 3359 2073 3393 tam
2088 3353 2177 3392 aeti-

1228 3431 1302 3467 vae,
1315 3415 1433 3471 quam
1451 3412 1603 3465 paffivae
1618 3411 1755 3465 eoipso
1769 3409 2023 3452 incurrendis
2036 3410 2182 3464 poenis,

1231 3490 1280 3517 ne
1293 3476 1381 3529 quis
1410 3470 1668 3516 Provincialis
1681 3495 1696 3517 ‚
1711 3478 1777 3511 aut
1803 3469 1902 3509 alius
1913 3466 2178 3523 cujuscunque

1230 3531 1468 3587 dignitatis,
1494 3527 1644 3576 statiis,
1671 3523 1844 3582 gradus,
1867 3528 1907 3570 δι
1931 3526 2176 3568 conditionis

1230 3590 1392 3632 Ordinis
1407 3585 1624 3641 hujusmodi
1640 3584 1862 3639 Religiosus
1873 3614 1888 3637 ,
1912 3594 1980 3627 aut
1996 3585 2175 3640 Religio·

1231 3647 1268 3690 {a
1282 3647 1331 3689 ad
1347 3647 1426 3703 ipsa
1442 3643 1677 3688 Tribunalia
1690 3642 1911 3695 saecularia,
1927 3644 2068 3700 quovis
2086 3656 2176 3696 prae-

1232 3716 1346 3748 textu
1361 3732 1375 3754 ,
1406 3714 1473 3746 aut
1489 3702 1648 3758 quaefito
1670 3701 1814 3744 colore
1828 3730 1842 3753 ,
1873 3717 1918 3744 ut
1945 3698 2174 3756 praesertuu

1231 3764 1462 3822 appellare,
1495 3761 1556 3804 vel
1582 3760 1652 3804 illa
1672 3771 1887 3863 prNogtegea
1906 3768 2173 3852 quoquodrgo-
