2444 4192
308 157 471 291 556
980 171 1551 290 Appendix.

237 349 379 385 <Omra
404 331 566 379 fflsdem
592 326 900 386 “²¹²sg‘eff0ffl3
928 329 1210 385 procedendi,
1269 346 1345 390 per
1364 331 1544 375 Litteras
1560 329 1814 389 Apostolicas
1827 330 1877 374 ad
1895 337 2054 390 tempus
2069 363 2084 389 ,
2116 336 2180 380 seu
2194 335 2246 379 ad

235 414 282 442 ac
299 397 433 451 poenis
446 392 661 438 coercendi
676 419 692 442 ‚
708 392 747 431 δι
761 388 974 445 puniendi.

292 458 332 508 ᾖ.
349 470 391 508 7.
450 454 595 499 Voluit
617 451 814 498 demum,
839 462 890 491 ne
914 447 1199 506 premissorum

234 516 462 574 ignorantia
481 516 505 559 a
519 522 719 569 quoquam
735 510 929 563 praetendi
943 508 1076 565 poffit,
1089 510 1201 567 quod

229 579 402 634 prts‘ens
424 575 634 615 decretum
660 594 675 616 a
705 568 773 611 seu
800 567 910 610 illius
935 570 1121 626 exempla
1148 569 1202 613 ad

227 635 368 679 valvas
382 631 554 676 Basilice
576 627 771 683 Principis
794 627 1078 683 Apostolorum
1103 628 1200 675 de)

227 697 346 739 Urbe
361 721 375 743 ‚
388 695 427 735 δι
442 694 480 733 in
497 691 583 732 acie
597 687 746 744 Campi
758 687 888 732 Flora
898 686 1016 733 affixa
1029 717 1045 742 ,
1056 703 1201 733 omnes

228 754 291 797 ita
306 757 457 796 aretem
476 778 491 800 ,
515 750 555 791 δι
568 746 747 790 afficiant
760 776 777 800 ‚
803 747 973 803 perinde
985 762 1032 792 ac
1058 747 1084 791 fi
1107 751 1201 793 uni-

227 814 375 869 cuique
389 808 654 866 personaliter
664 805 849 850 intimata
860 805 1015 852 finissent
1027 821 1047 862 3
1071 808 1201 866 quod-

225 886 307 928 que
320 868 569 927 praesentium
583 865 844 923 transumptis
858 895 873 920 ,
894 867 1018 911 etiam
1035 866 1202 926 impres-

225 932 277 974 fis
290 959 304 980 ‚
333 943 453 972 manu
467 926 630 973 Notarii
642 925 794 983 publici
809 925 1042 982 subscriptis
1057 956 1071 980 ‚
1098 930 1135 972 &
1154 927 1201 970 si-

226 989 332 1048 gillo
344 986 515 1043 alicujus
525 982 704 1044 personae
730 986 769 1030 in
783 985 982 1043 dignitate
998 986 1200 1032 Ecclesia-

225 1050 320 1093 stica
337 1047 561 1092 constitute
576 1046 756 1095 munitis,
767 1047 910 1090 eadem
924 1045 1085 1103 prorsus
1099 1045 1199 1089 fides

228 1107 471 1150 adhibeatur
481 1133 497 1155 ‚
522 1120 608 1163 qun
621 1104 879 1163 presentibus
907 1106 1171 1164 adhiberetur
1184 1134 1200 1160 ,

225 1167 253 1211 si
268 1165 404 1212 forent
415 1165 602 1211 exhibitae
614 1194 630 1219 ,
642 1166 709 1209 vel
722 1163 879 1210 oflensa
890 1191 906 1207 .

220 1367 507 1423 constitutio
523 1299 886 1440 Grejgcoyiilftv.
918 1366 979 1418 de
1006 1371 1197 1420 revoca-“-

287 1442 414 1491 tione
432 1443 563 1491 Vivat
582 1441 727 1490 Vocis
742 1439 1040 1488 oraculorum
1054 1441 1195 1503 incip.

284 1512 502 1563 Ronanus
518 1507 723 1626 Ροηςιῖἓῧ
739 1506 873 1623 {ulpra
886 1503 969 1552 fol.
991 1507 1112 1566 384.

215 1646 431 1716 Ejusdem
447 1643 645 1696 extensio
663 1642 846 1700 Urbani
873 1646 1030 1696 VIII.
1053 1644 1193 1714 incip.

286 1720 420 1772 Alias
431 1718 554 1789 filie.
569 1736 652 1767 rec.
672 1713 804 1785 supra
821 1714 903 1766 fol.
920 1734 946 1779 3
950 1734 987 1779 9
986 1735 1040 1780 9.

578 1792 629 1842 X
642 1792 689 1840 V
702 1792 725 1840 1
740 1790 765 1839 1
779 1790 823 1839 1.

212 1862 473 1918 Revocatio
497 1876 876 1929 quarumcunque
897 1860 1192 1911 licentiarum

280 1933 465 2004 legendi
488 1966 506 1990 ,
532 1931 583 1983 ἃ
612 1929 803 1980 habendi
833 1930 1192 1998 quomodolibet

282 2007 428 2056 libros
458 2001 711 2071 prohibitos
729 1999 1071 2070 quibuscunque
1089 2005 1191 2053 Per-

280 2074 433 2134 sonis,
463 2076 489 2126 d
518 2090 793 2141 quocunque
813 2108 831 2132 ,
859 2075 999 2124 etiam
1015 2077 1191 2125 Roma-

277 2147 349 2199 nis
370 2142 670 2198 Pontificibus
687 2141 999 2197 concessarum
1013 2180 1029 2196 .

302 2277 721 2333 GREGORIUS
758 2278 938 2329 PAPA
973 2279 1094 2330 XV.

385 2407 694 2464 Adperpetuan
704 2408 765 2451 νει·
777 2409 1005 2453 memoriam
1018 2432 1032 2447 .

334 2523 561 2570 Postolatsts
576 2525 764 2569 Officium
780 2528 909 2572 Nobis
928 2556 942 2580 ‚
957 2523 1070 2571 nullo
1083 2522 1186 2569 lic¹et

365 2586 606 2629 meritorum
637 2584 852 2641 suffragio,
876 2587 1023 2630 Divina
1039 2584 1184 2631 Provi-

210 2642 613 2688 dentiaeornmiffurn
627 2644 803 2702 postulat
818 2675 835 2698 ,
861 2658 907 2690 ut
932 2644 987 2691 ad
1009 2658 1057 2687 ea
1080 2641 1185 2698 vigi-

211 2699 345 2743 lantiae
358 2702 499 2767 nostr-n
511 2713 647 2768 partes
661 2704 895 2770 propensius
909 2701 1182 2771 intendamufs

207 2773 288 2861 εῑῑε
323 2756 1181 2872 ⁰3:¹05{tafisstz‘zxttaebssszzffssffizzt

214 2878 368 2932 indiget
384 2904 397 2928 ,
410 2875 668 2920 restituatur.

267 2936 305 2986 §-
328 2949 361 2977 t.
423 2938 692 2993 Quapropter
713 2950 807 2980 cum
822 2936 1017 2981 librorum
1039 2936 1182 2995 prohi-

209 2996 384 3037 bitorum
394 2993 513 3040 tectio
524 3009 674 3054 magno
682 2993 757 3041 esl'e
770 2995 927 3041 sineere
937 2996 1034 3044 fidei
1044 2997 1181 3042 culto-

206 3055 315 3098 ribus
328 3054 581 3098 detrimento
592 3052 780 3100 noscatur
794 3084 809 3107 ‚
825 3059 862 3100 dt
878 3086 891 3104 .
908 3056 1003 3102 licut
1020 3057 1180 3113 accepi·

208 3128 324 3164 mus,
349 3113 523 3158 lieentia
549 3113 672 3158 libros
689 3113 917 3171 hujusmodi
935 3117 1099 3175 legendi
1115 3116 1181 3160 ni-

206 3174 283 3216 mis
295 3174 549 3217 excreverint
563 3186 580 3227 ;
594 3177 680 3218 Nos
694 3206 709 3229 ,
729 3185 773 3219 ut
790 3176 881 3219 huie
897 3177 1008 3221 malo
1020 3175 1180 3222 mature

208 3241 476 3284 occurratur,
498 3233 539 3277 dt
556 3233 594 3276 in
653 3234 799 3279 {lerum
814 3235 933 3290 quim
955 3234 1179 3283 cautissime

207 3291 380 3334 lieentia
402 3247 650 3345 hu'ptsmorsso
647 3293 926 3340 concedantur
941 3322 956 3346 ‚
981 3294 1179 3355 quantum

208 3363 299 3393 eun
328 3350 510 3395 Domino
534 3352 733 3407 posl'tunus
747 3384 763 3408 ,
788 3354 1006 3412 providere
1034 3355 1179 3401 volen-

207 3419 269 3452 tes
287 3437 302 3460 ,
320 3409 436 3454 Motu
483 3412 626 3468 roprio
644 3442 660 3465 ,
673 3415 712 3458 δι
724 3427 772 3457 ex
785 3422 899 3457 certa
915 3414 1077 3462 seientia
1091 3443 1107 3467 ‚
1131 3427 1178 3457 ae

209 3477 368 3536 assatura
395 3423 691 3516 deliberatione
716 3472 889 3522 nostris,
913 3474 1046 3534 deque
1065 3475 1177 3527 Apo·

208 3525 355 3570 stolae:
371 3529 579 3575 Potestatis
594 3530 848 3585 plenitudine
864 3546 1004 3581 ornnes
1019 3563 1033 3583 ι,
1049 3535 1087 3577 ὰ
1103 3532 1179 3576 sin·

208 3584 323 3643 gulas
347 3586 532 3632 licentias
559 3588 724 3645 legendi
739 3620 753 3646 ,
781 3592 822 3634 ds
852 3594 1026 3640 habendi
1054 3592 1179 3638 libros

205 3641 482 3714 quoscunque
495 3649 549 3691 ob
564 3649 739 3694 haresim
752 3679 767 3704 ‚
792 3651 859 3696 vel
873 3651 955 3699 salsi
971 3653 1178 3711 dogmatis

208 3702 468 3760 susptetonesn
480 3732 495 3756 ‚
510 3707 574 3749 vel
595 3707 689 3754 aliis
704 3711 1021 3768 quomodolibet
1039 3712 1177 3770 prohi-

205 3763 315 3807 bitos
330 3792 345 3814 ‚
373 3764 686 3822 quibuscumque
699 3767 874 3825 personis
890 3774 1177 3829 cujuscumque

1269 394 1427 446 vitam,
1455 393 1497 434 δε
1521 392 1641 435 aliter
1665 392 2051 449 quomodocumque
2075 423 2090 447 ,
2126 398 2167 439 δι
2193 409 2245 439 ex

1261 465 1515 510 quacumque
1526 451 1659 501 causa,
1673 462 1752 495 tam
1767 466 1839 508 per
1857 452 2036 496 Litteras
2054 454 2094 496 in
2111 453 2243 498 forma

1263 513 1401 556 Brevis
1416 538 1431 560 ‚
1445 511 1564 567 quim
1579 511 1698 555 aliter
1711 511 2097 569 quomodocumque
2115 513 2137 555 ὲ
2155 517 2246 558 No·

1262 571 1324 614 bis
1348 597 1363 621 ‚
1392 573 1459 615 seu
1486 569 1847 615 Praedecefforibus
1881 570 2021 613 nostris
2048 573 2245 616 Romanis

1260 628 1557 683 Pontificibus,
1583 629 1648 674 seu
1677 630 1728 672 ab
1753 629 1995 672 habentibus
2025 631 2049 676 ἳι
2079 632 2211 675 Nobis
2228 661 2244 686 ,

1262 690 1330 734 vel
1344 690 1462 734 abeis
1475 687 1704 734 facultatem
1720 715 1734 738 ‚
1758 690 1799 732 &
1822 689 2113 732 au&oritatem
2135 704 2242 734 con-

1260 747 1409 799 cessas,
1436 764 1573 793 earum
1590 760 1772 793 tenorem
1788 746 2046 804 pra-‚sentibus
2077 763 2152 806 pro
2173 763 2246 793 ex-

1259 807 1396 867 preffis
1412 809 1605 852 habentes
1623 838 1640 860 ,
1667 816 1813 851 tenore
1846 809 2100 864 praesentium
2113 822 2242 852 revo-

1258 881 1397 911 camus
1416 897 1431 920 ‚
1460 867 1652 912 cassamus
1668 895 1685 918 ,
1716 867 1757 908 δι
1778 869 2030 911 annullamus
2046 898 2062 920 ,
2092 882 2140 912 ac
2154 882 2235 924 pro

1259 928 1462 971 revocatis
1476 926 1612 979 ‚caffis
1627 956 1643 978 ,
1654 926 1922 971 &annullatis
1932 928 2072 971 haberi
2084 957 2100 979 ,
2116 927 2242 971 nulli-

1258 1001 1335 1044 que
1349 987 1593 1044 inposterum
1609 984 1815 1040 suffragari
1829 1014 1842 1027 .

1319 1047 1357 1097 ξ.
1374 1059 1422 1088 2.
1479 1045 1707 1103 Quinnimo
1722 1045 1848 1087 libros
1874 1059 1945 1102 per
1960 1044 2146 1089 licentias
2162 1046 2241 1089 hu-

1259 1103 1655 1164 jusmodi-permissos
1671 1103 1853 1159 legentes
1870 1134 1886 1156 ,
1916 1114 1988 1148 aut
2015 1105 2208 1148 habentes
2222 1132 2240 1157 ι,

1259 1178 1401 1223 poenas
1420 1165 1462 1208 in
1482 1164 1615 1207 Sacris
1627 1164 1892 1214 Canonibus,
1919 1163 2240 1208 Conffitutioni-

1261 1227 1336 1269 bus
1350 1222 1593 1281 Apostolicis
1603 1251 1617 1273 ,
1632 1224 1671 1265 &
1688 1222 1895 1267 lodicibus
1910 1225 2128 1268 Librorum
2141 1237 2242 1280 pro-

1258 1285 1483 1330 hibitorum
1495 1292 1711 1328 contentas
1727 1281 1938 1327 incurrere
1952 1283 2141 1328 volumus
2159 1311 2175 1337 ,
2196 1284 2238 1326 &

1256 1343 1513 1389 declaramus
1526 1370 1538 1382 .

1311 1404 1351 1452 §-
1368 1417 1408 1456 3.
1471 1404 1781 1449 Decernentes‚
1809 1406 1855 1439 ut
1881 1397 2090 1451 praes'entes
2112 1399 2231 1443 litte-

1253 1473 1306 1504 τε
1321 1486 1335 1508 ,
1361 1457 1570 1511 postquam
1595 1456 1636 1495 in
1663 1455 1788 1497 valvis
1810 1455 2067 1500 Basilicarum
2100 1458 2236 1503 Sancti

1249 1513 1413 1574 Joannis
1431 1512 1738 1562 Lateranensis‚
1764 1527 1810 1555 ac
1838 1513 2035 1571 Principis
2059 1515 2238 1573 Aposto-

1253 1574 1391 1618 lorum
1406 1572 1458 1615 de
1476 1571 1588 1617 Urbe
1599 1601 1615 1625 ,
1630 1572 1671 1614 δι
1685 1571 1952 1616 Cancellariae
1965 1576 1998 1616 A
2003 1574 2207 1631 postolicoe
2219 1603 2236 1629 ,

1254 1647 1410 1677 necnon
1425 1631 1466 1675 in
1482 1634 1581 1675 Acie
1594 1631 1744 1689 Campi
1760 1631 1889 1676 Flora
1909 1632 2034 1677 affixae
2049 1631 2201 1679 fuerint
2213 1663 2232 1687 ,

1254 1691 1358 1736 infra
1372 1691 1477 1735 duos
1492 1688 1646 1734 menses
1663 1697 1827 1735 extunc
1841 1694 2050 1748 proximos
2066 1722 2082 1746 ,
2092 1707 2232 1738 omnes

1251 1754 1293 1796 δι
1309 1749 1485 1809 singulos
1506 1778 1523 1803 ‚
1534 1749 1586 1793 ad
1597 1764 1699 1807 quos
1713 1749 1863 1807 speaat
1879 1781 1897 1803 ,
1908 1754 2060 1796 arftent
2071 1779 2087 1803 ‚
2113 1755 2152 1796 &
2168 1753 2232 1796 af-

1252 1809 1598 1868 ficiant‚perindc
1617 1823 1664 1853 ac
1680 1812 1708 1853 si
1729 1810 1945 1867 unicuique
1962 1811 2233 1869 personaliter

1252 1872 1445 1915 intimatae
1466 1866 1622 1913 fuissent
1646 1883 1662 1913 ε
1705 1868 1900 1926 quodque
1925 1870 2043 1914 dietis
2066 1870 2233 1915 duobus

1250 1928 1731 1980 menfibusdurantibus‚
1764 1928 1820 1980 ii,
1848 1929 1918 1987 qui
1935 1930 2064 1974 libros
2089 1932 2233 1987 prohi-

1252 1992 1359 2034 bitos
1375 1987 1607 2045 hujusmodi
1623 1989 1867 2039 habuerint,
1893 2002 1963 2033 eos
1985 1989 2037 2033 ad
2065 1990 2234 2047 Episco-

1249 2063 1347 2109 pum
1361 2077 1376 2102 ‚
1393 2048 1457 2091 seu
1471 2047 1756 2104 Inquisitorem
1770 2073 1786 2096 2
1809 2048 1878 2103 qui
1897 2048 1990 2093 illos
2013 2048 2232 2107 quantoci—

1249 2111 1333 2154 tius
1349 2108 1591 2152 comburere
1605 2106 1774 2158 debeat,
1791 2105 1973 2162 deferre,
1987 2109 2056 2166 qui
2071 2108 2229 2165 aliquos

1249 2168 1397 2213 similes
1429 2167 1560 2212 libros
1584 2166 1814 2224 prohibitos
1841 2167 1986 2212 habere
2016 2167 2229 2219 sciverint,

1248 2244 1319 2274 eos
1333 2228 1584 2271 denunciare
1601 2237 1841 2277 teneantur,
1860 2241 1990 2283 neque
2011 2227 2064 2271 de
2081 2238 2230 2272 caetero

1247 2288 1393 2333 similes
1407 2286 1581 2331 licentiae
1591 2313 1608 2337 2
1621 2286 1694 2332 nist
1707 2288 1731 2332 a
1746 2287 2055 2345 Congregation
2066 2303 2089 2332 e
2103 2289 2144 2331 S.
2156 2284 2232 2330 of-

1250 2347 1359 2400 sicii,
1376 2361 1463 2404 quae
1477 2345 1638 2402 singulis
1654 2344 1922 2390 hebdomadis
1933 2360 2070 2390 eoram
2093 2346 2227 2391 Nobis

1248 2407 1397 2451 haberi
1410 2406 1511 2450 solet
1525 2433 1539 2455 ‚
1550 2405 1852 2450 concedantur.

1306 2467 1403 2522 θαι.
1466 2469 1526 2511 Ac
1543 2464 1656 2521 quod
1686 2464 1923 2510 earumdem
1938 2463 2228 2523 presentium.»

1246 2526 1506 2581 transumptis
1519 2551 1534 2574 ‚
1562 2526 1687 2569 etiam
1707 2523 1897 2583 impreffis
1910 2526 1992 2570 διε.
2119 2523 2122 2527 ’
2194 2536 2198 2540 ·

1363 2588 1515 2629 Datum
1535 2587 1676 2628 Rome
1694 2582 1802 2638 apud
1816 2586 1857 2626 S.
1876 2586 2042 2626 Petrum
2055 2582 2125 2626 sub
2140 2585 2223 2627 Au·-

1243 2645 1343 2687 nulo
1354 2643 1567 2684 Piscatoris
1591 2640 1660 2683 die
1686 2650 1779 2681 xxx.
1797 2641 2221 2686 Decembmncxxu.

1241 2697 1508 2746 Pontificatsis
1527 2698 1805 2742 NostriAnno
1823 2697 2019 2743 Secundo
2035 2725 2049 2742 .

1636 2818 1821 2869 xlx.

1450 2944 1670 3015 Ejusdem
1695 2944 1989 2999 confirmatio
2007 2982 2022 2998 .

1356 3089 1694 3147 URBANUS
1732 3090 1910 3142 PAPA
1947 3091 2103 3143 v111.

1415 3220 1486 3266 Ad
1494 3216 1691 3277 ficturum
1715 3221 1776 3263 rei
1799 3220 2029 3265 memoriam
2045 3249 2060 3264 .

1369 3348 1597 3396 Poslolatsss
1610 3346 1809 3394 Officium
1829 3348 1963 3394 Nobis
1976 3378 1993 3402 ,
2020 3346 2134 3395 nullo
2164 3349 2217 3395 li.

1396 3409 1465 3455 est
1482 3409 1723 3454 meritorum
1737 3409 1760 3452 s
1756 3407 1941 3465 uffragio,
1953 3408 2096 3453 Divina
2113 3411 2218 3454 Pro-

1242 3466 1420 3513 videntia
1440 3469 1689 3515 commissum
1703 3467 1904 3525 postulat,
1930 3476 1973 3514 ut
1986 3466 2037 3510 ad
2053 3482 2100 3511 ea
2116 3469 2219 3527 vigi-

1242 3524 1374 3573 lantioe
1390 3528 1529 3574 nostre
1542 3538 1677 3586 partes
1693 3526 1924 3586 propensius
1940 3526 2215 3584 intendamus,

1240 3599 1314 3643 per
1329 3602 1414 3642 quoe
1429 3587 1824 3644 ReligioCatholiea
1836 3610 1852 3635 2
1873 3585 1942 3628 ubi
1969 3585 2107 3631 divina
2120 3600 2215 3645 gra-

1240 3645 1296 3689 tia
1312 3646 1428 3691 illesa
1443 3648 1554 3705 viget
1567 3673 1582 3697 2
1594 3644 1858 3691 conservetur
1870 3673 1885 3698 ‚
1914 3646 1955 3690 δι
1971 3645 2041 3690 ubi
2056 3646 2215 3692 restitu-

1238 3705 1354 3749 tione
1370 3706 1526 3763 indiget
1543 3734 1558 3760 ,
1573 3712 1783 3764 reparetur
1795 3732 1807 3746 .

1295 3766 1333 3816 9.
1354 3781 1387 3809 ι.
1448 3767 1712 3823 Quapropter
1728 3792 1742 3817 ,
1756 3777 1847 3807 eum
1864 3762 2057 3810 librorum
2073 3764 2213 3823 prohi-

207 3821 353 3881 ‘radan
368 3852 386 3878 ‚
407 3825 449 3872 ἅ
462 3824 708 3873 conditionis
734 3829 1021 3888 existentibus,
1050 3833 1177 3878 etiam
1235 3822 1415 3872 birotum
1430 3824 1548 3872 lefflo
1566 3838 1716 3883 magno
1732 3822 1889 3868 sinceroe
1916 3822 2017 3870 fidei·
2040 3824 2216 3880 cultoriq

2084 3885 2157 3928 bus
