2444 4192
285 194 441 281 520

336 324 478 380 Quum
494 321 590 365 item
604 319 942 378 quinquennium,
960 318 1067 359 intra
1080 318 1192 375 quod

220 381 457 425 admittitur
487 382 728 423 reclamatio
754 376 945 420 adversus
979 375 1174 420 Profeffio

218 454 341 489 nem,
369 443 412 483 S.
429 444 616 495 synodus
641 441 956 493 computandum
979 438 1151 479 voluerit
1169 437 1198 478 d

218 496 714 556 dieprofefflonisscumque
727 497 1003 552 potior,atque
1016 510 1197 538 commu·

215 560 310 602 nior
323 559 437 600 causa
450 586 465 608 ‚
495 572 582 613 quae
606 571 680 612 pro
710 554 902 598 nullitate
933 551 1194 599 Profeffionis

215 618 364 662 adduci
378 616 479 659 solet
497 645 515 667 ,
530 617 571 658 in
593 626 705 658 metu
720 612 933 668 confistat3
966 626 1097 657 metus
1116 629 1190 658 au-

211 685 300 720 tem
325 688 397 730 per
408 684 542 716 totum
555 674 873 731 quinquennium
884 702 900 725 ,
929 683 1051 728 atque
1063 675 1188 717 etiam

213 735 389 779 ulterius
401 762 417 786 ,
430 732 653 789 aliquando
669 731 903 788 perseveret
916 745 932 787 3
946 731 1186 789 quaefitum„

209 796 291 838 fuit
306 822 321 845 ,
334 806 385 835 an
398 820 415 843 ,
431 792 497 834 ubi
517 791 572 833 de
586 802 697 835 metu
712 791 872 846 agitur,
887 792 1049 834 initium
1063 793 1183 848 quin-

210 851 379 906 quennii
405 849 697 894 desumendum
722 850 770 893 fit
785 851 837 893 ab
857 849 943 907 ipso
952 850 1020 897 dic
1034 850 1189 895 Profes-

894 922 977 966 quo
990 908 1189 953 Professus

208 970 380 1013 liberam
399 967 648 1012 reclamandi
671 966 911 1012 facultatem
930 968 1083 1013 habere
1114 983 1189 1012 cae-

207 1029 271 1086 pit
284 1056 297 1068 .
326 1025 482 1069 Eadem
508 1028 610 1071 vero
630 1027 910 1084 Congregatio
930 1026 1156 1071 declaravit
1171 1056 1185 1079 ,

207 1091 251 1131 in
284 1095 459 1141 utroque
490 1087 646 1143 pariter
673 1087 766 1131 casu
778 1114 795 1138 ‚
824 1083 1049 1129 conceffum
1071 1087 1186 1144 quin-

206 1145 374 1204 quennii
389 1156 548 1201 tempus
559 1147 585 1192 a
596 1145 663 1190 die
677 1143 819 1191 emiffae
841 1143 1097 1191 Profeffionis
1110 1145 1186 1190 eise

210 1203 535 1261 computandum
552 1236 564 1246 .
1144 1239 1147 1241 Α

326 1264 394 1308 Ad
408 1262 516 1307 idem
540 1263 696 1322 pariter
717 1265 1031 1323 quinquennium
1058 1264 1184 1323 perti-

205 1334 280 1370 net
293 1322 375 1365 alia
396 1324 550 1380 agitata
562 1324 727 1382 quaestio
741 1350 757 1374 ‚
774 1338 826 1368 an
843 1325 995 1369 scilicet
1010 1323 1188 1381 praedieti

210 1382 455 1427 Ordinarius
470 1411 485 1436 ‚
512 1385 555 1426 δι
574 1384 768 1439 Superior
792 1383 1014 1440 Regularis
1034 1396 1187 1439 cogno·

212 1442 329 1486 scere
343 1440 491 1499 poffint
518 1440 673 1484 Causas
697 1441 897 1485 nullitatis
922 1439 1187 1486 Profeffiouis

213 1502 339 1547 etiam
352 1500 436 1557 post
449 1498 577 1556 ipsum
590 1500 903 1555 quinquennium
918 1528 933 1550 ‚
964 1501 1033 1542 ubi
1045 1511 1191 1551 nempe

208 1555 417 1605 Profe-{sus
446 1558 552 1599 intra
578 1558 689 1598 illius
716 1555 924 1596 decursum
939 1555 1191 1597 reclamave-

211 1621 271 1662 rit
287 1615 382 1667 ,sed
397 1614 594 1669 judicium
624 1609 809 1668 prosequi
824 1609 974 1653 deinde
994 1612 1188 1666 neglexe-

214 1676 272 1719 rit
284 1683 353 1715 aut
371 1671 602 1728 nequiverit
617 1699 628 1710 .
661 1671 885 1713 Decretum
911 1669 967 1712 est
980 1679 1119 1713 autem
1135 1670 1189 1714 ab

214 1733 358 1778 eadem
371 1730 725 1787 Congregatione,
745 1741 888 1771 coram
919 1728 1093 1785 praefatit
1115 1730 1187 1786 Ju-

215 1792 374 1835 dicibus
387 1792 411 1834 a
426 1789 623 1832 Concilio
639 1788 874 1831 memoratis
887 1788 1087 1845 agendam
1109 1787 1186 1832 effe

215 1849 392 1895 Causam
406 1877 421 1900 ,
433 1849 555 1890 etiam
568 1847 655 1905 poll
668 1845 846 1904 elapsum
860 1848 1192 1905 quinquennium,

212 1906 442 1955 dummodo
461 1906 554 1949 satis
565 1906 724 1951 constet
739 1933 755 1957 ,
784 1921 875 1950 eam
895 1908 1000 1952 intra
1018 1907 1191 1963 praelcri-

187 2003 191 2008 .
209 1981 330 2027 ptum
356 1977 514 2023 tempus
543 1968 568 2011 a
599 1965 851 2010 reclamante
883 1968 989 2012 serio
1014 1969 1189 2011 inteuta-

209 2039 298 2073 um
313 2023 424 2070 fuiffe
436 2054 450 2066 .

329 2087 395 2126 De
407 2081 495 2140 ipfis
514 2089 650 2127 autem
658 2084 871 2142 Judicibus
886 2098 965 2143 pro
981 2084 1188 2143 hujusmo-

209 2146 252 2189 di
284 2141 507 2187 Causarum
538 2145 776 2201 cognitione
800 2145 823 2188 ὃ
853 2147 998 2190 Sancta
1017 2146 1187 2204 Synodo

207 2202 424 2259 defignatit
438 2230 455 2254 ,
467 2217 539 2259 per
552 2216 599 2246 ea
617 2204 740 2247 verba
755 2219 813 2247 =
833 2218 965 2248 coram
981 2208 1186 2262 superiore

189 2265 276 2325 st‘0
288 2292 303 2314 ‚
318 2263 368 2312 θ’
382 2261 622 2313 Ordinatio,
638 2265 868 2321 complures
898 2264 923 2307 fi
929 2265 978 2306 mi
984 2264 1080 2309 liter
1094 2278 1187 2307 mo-

212 2334 260 2366 tae
274 2321 361 2365 sunt
375 2322 607 2378 quaestiones
621 2351 636 2375 ,
663 2337 750 2380 quae
762 2322 907 2380 majori
924 2325 1187 2370 eorundem..

207 2383 433 2426 verborum
457 2382 727 2425 elucidationi
760 2381 918 2427 causam
954 2384 1156 2428 dederunt
1172 2412 1185 2427 .

209 2443 267 2485 Et
283 2441 416 2496 primo
428 2441 637 2496 quoefitum
654 2441 730 2499 suit
747 2443 950 2499 ‚quisnam
967 2444 1187 2488 censendus

207 2497 307 2543 esset
321 2504 517 2557 Superior
532 2501 750 2557 Regularis
764 2503 805 2544 in
817 2502 913 2548 casu
928 2530 944 2553 2
973 2504 1013 2547 δι
1025 2504 1076 2547 ad
1090 2502 1188 2547 effc-

210 2562 316 2602 elum
334 2588 349 2611 ‚
378 2561 432 2602 dc
458 2572 541 2617 quo
555 2563 720 2617 agitur3
750 2570 897 2605 utrum·
915 2562 1068 2607 seilicet
1087 2566 1187 2609 Pro-

212 2620 355 2660 vinciae
371 2620 524 2661 nector
536 2647 551 2671 ,
562 2634 614 2662 an
630 2621 850 2665 Generalis
862 2621 1031 2665 Ordinis
1044 2622 1186 2667 Mode-

209 2687 328 2720 rator
343 2680 357 2718 ἓ
373 2679 661 2735 Congu-..tatio
673 2691 809 2723 autem
826 2679 1005 2735 ejusdcm
1033 2681 1189 2724 Conci-

210 2734 260 2779 lii
275 2736 477 2790 interpret
493 2737 679 2779 delinivit
694 2736 772 2779 ess'e
786 2738 1049 2790 Superiorem
1078 2737 1189 2782 loca·

216 2792 298 2846 lem
314 2821 330 2844 ,
344 2791 533 2837 nimirum
547 2793 745 2837 Abbatem
757 2822 773 2846 ,
805 2795 871 2837 vel
889 2795 1189 2847 Guardiauum‚

214 2854 297 2895 live
324 2852 503 2896 Priorem
519 2881 534 2904 ,
565 2859 634 2895 aut
658 2854 742 2894 alio
756 2866 1013 2908 quocumque
1026 2854 1188 2896 nomine

213 2921 493 2965 nuncupatum
517 2909 773 2966 Praepofitum
802 2911 864 2954 seu
894 2913 1115 2955 Rectorem
1139 2911 1187 2955 il·

216 2970 297 3012 lius
312 2968 543 3013 Monaslerii
558 2996 572 3020 ,
591 2978 663 3012 aut
679 2970 857 3026 Cenobii
872 2997 888 3023 ,
906 2970 947 3012 in
961 2984 1042 3027 quo
1057 2970 1188 3015 recla-

214 3042 331 3073 mant
360 3026 645 3072 Profectionem
660 3028 788 3072 cmtfit
804 3042 820 3083 3
836 3042 926 3073 eunt
942 3044 1100 3087 nempe,
1119 3029 1189 3087 qui

208 3085 445 3143 hujusmodi
464 3087 697 3132 Monaflcrii
709 3096 779 3131 aut
795 3089 988 3132 Coenobii
1007 3090 1188 3145 regimen

212 3155 412 3197 exercet,
422 3159 508 3204 quo
522 3157 706 3203 tempore
719 3146 846 3190 Causa
862 3145 978 3216 super
999 3148 1189 3192 nullitate

213 3204 474 3250 Proseffionit
494 3205 535 3249 in
560 3204 756 3261 judicium
771 3206 987 3251 deducitur
1001 3237 1014 3251 .
1039 3207 1187 3265 Quaeli-

213 3274 304 3310 tum
319 3268 416 3309 item
432 3262 506 3308 suit
519 3293 535 3318 ,
576 3264 726 3308 uisnam
741 3266 983 3311 Monialium
1003 3267 1189 3335 proprius

214 3326 410 3381 superior
423 3278 625 3368 dicendus
638 3323 683 3369 fit
701 3352 717 3376 ,
737 3323 788 3368 ad
805 3323 988 3369 effectum
1005 3327 1189 3381 ,udican-

205 912 327 954 sionis
344 905 484 952 emiffae
496 935 512 958 ,
541 922 593 952 an
615 909 715 952 verb
728 910 752 954 ὲ
769 909 835 953 die
848 937 866 961 ,

212 3384 259 3428 di
275 3387 347 3429 una
361 3398 457 3428 cum
477 3383 699 3428 Ordinatio
711 3381 764 3426 de
777 3398 914 3428 earum
934 3382 1188 3430 Proseilionit

212 3442 408 3488 nullitate
423 3447 440 3487 2
455 3442 707 3502 Responsum
723 3438 797 3486 fuit
810 3468 826 3493 ‚
840 3443 951 3501 quod
965 3474 979 3496 ,
1006 3443 1031 3486 fi
1046 3456 1188 3502 agatur

211 3500 266 3545 de
297 3502 539 3549 Monialibur
581 3502 800 3547 Ordinatio
843 3502 925 3548 loci
957 3502 1189 3548 immediate

213 3558 423 3616 (objectu,
437 3573 532 3607 tunc
550 3576 700 3621 ‚quum
717 3560 852 3606 nullut
880 3561 1079 3607 tirenum
1105 3563 1185 3608 Su·

685 161 854 250 Sub
922 161 1329 250 Benedibio
1391 159 1533 250 XI
1566 161 1667 250 V.

1253 315 1435 360 dicandae
1461 316 1549 361 sunt
1576 318 1629 362 ab
1642 317 1867 361 Ordinario
1895 318 1976 362 loci
1993 317 2106 362 simul
2124 345 2139 371 ,
2154 317 2232 361 &a

1253 377 1470 431 Superiore
1485 379 1715 434 Regulari3
1750 377 1802 418 ab
1833 390 1884 419 eo
1901 379 2087 422 nimirum
2115 406 2129 429 ‚
2159 376 2227 419 cui

1255 435 1540 480 concreditum
1568 439 1625 478 est
1653 435 1885 478 universum
1917 437 2151 481 Monasterii
2164 452 2233 482 re-

1256 496 1390 552 gimen
1405 521 1419 544 ‚
1448 509 1527 538 non
1553 506 1692 538 autem
1709 498 1733 539 a
1747 491 2000 537 Confeffario
2032 496 2232 553 Regulari

1255 554 1499 598 Monialium
1513 583 1525 595 .
1555 554 1795 598 Dubitatum
1825 555 1880 597 est
1895 552 2016 595 etiam
2027 581 2043 606 ‚
2054 565 2230 599 utrum-a

1253 614 1448 670 Superior
1478 614 1696 670 Regularis
1724 611 1786 669 jus
1809 611 1920 653 suum
1946 611 2094 656 cedere
2112 615 2231 670 poffit

1247 672 1471 716 Ordinatio
1488 672 1571 714 loci
1584 699 1599 720 a
1614 673 1732 727 eique
1748 673 1990 727 permittere
2002 699 2019 722 ‚
2031 681 2078 714 ut
2093 672 2133 714 in
2149 674 2230 717 hu-

1244 730 1415 788 jusmodi
1437 729 1574 774 Cauiis
1602 730 1711 773 solus
1738 729 1964 786 procedat,
1989 728 2193 785 &judicet
2211 735 2234 774 ἴ

1245 790 1295 833 ld
1315 800 1451 832 autem
1473 788 1660 845 prediola
1693 789 1982 845 Congregatio
2013 787 2102 830 fieri
2118 789 2234 847 poffe

1251 848 1416 905 negavit
1430 859 1445 900 3
1460 847 1641 903 permisit
1659 857 1796 893 tamen
1813 847 2026 904 Superiori
2044 848 2230 906 Regula..v

1250 908 1299 956 ri,
1314 917 1375 960 ut,
1392 906 1417 949 fi
1434 907 1633 962 judicium
1646 906 1839 950 assumere
1858 907 1993 956 nolit,
2021 916 2091 950 aut
2110 922 2227 953 nou.»

1248 966 1391 1023 poffit,
1407 965 1534 1008 alium
1550 963 1768 1021 subrogare
1793 965 1920 1009 valeat
1951 964 2015 1009 vel
2045 967 2227 1023 Regula.

1242 1039 1332 1068 rem
1343 1054 1359 1077 ,
1378 1023 1442 1067 vel
1456 1025 1580 1067 etiam
1597 1024 1921 1068 Ecclefiafficum
1935 1025 2232 1080 δεσυίειτευυ,

1245 1084 1342 1143 juris
1368 1082 1573 1127 Cauonici
1591 1084 1768 1140 peritum
1782 1110 1797 1134 ,
1812 1085 1880 1141 qui
1893 1087 1976 1132 uni
1987 1098 2081 1127 cum
2096 1082 2226 1129 Ordi-

1247 1144 1362 1187 natio
1378 1142 1537 1199 Judicis
1555 1153 1690 1198 partes
1721 1153 1915 1187 exerceat
1942 1172 1956 1187 .
1983 1143 2226 1200 Denique„

1246 1201 1452 1259 quaefitum
1484 1199 1586 1254 fuit,
1617 1203 1643 1245 fl
1676 1200 1784 1246 forte
1813 1201 2027 1248 Ordinarii
2043 1204 2223 1262 &Supe-

1247 1262 1368 1305 rioris
1389 1261 1601 1315 Regularis
1630 1260 1780 1318 judicia
1807 1263 1916 1307 inter
1931 1262 1971 1307 se
1988 1260 2224 1319 discrepan-

1247 1322 1305 1364 tia
1318 1321 1531 1364 extiterint
1545 1346 1561 1370 ‚
1572 1320 1778 1377 quodnam
1804 1323 1854 1364 e'x
1869 1319 1960 1375 ipris
1979 1320 2101 1364 alteri
2122 1335 2226 1376 prae-

1248 1380 1391 1424 valere
1410 1378 1590 1422 debeat?
1619 1381 1676 1421 At
1692 1380 1731 1421 in
1745 1379 1824 1422 hoc
1839 1381 1928 1422 casu
1957 1373 2223 1436 responsum..

1251 1436 1332 1481 fuit
1346 1468 1363 1489 ,
1375 1438 1545 1480 Causam
1561 1434 1682 1490 ipsam
1697 1438 1747 1480 ad
1766 1436 2011 1491 Apostolicae
2024 1437 2142 1481 sedis
2156 1438 2224 1495 ju·

1251 1496 1402 1538 dicium
1417 1493 1656 1536 devolutam
1671 1492 1855 1536 censeri.

1367 1552 1510 1609 Qum
1529 1553 1628 1607 vero
1643 1552 1750 1596 inter
1762 1550 1898 1610 capita
1910 1553 2113 1598 nullitatis
2124 1557 2228 1601 Pro-¹

1249 1608 1456 1657 fessionem
1488 1611 1735 1668 Regularem
1775 1612 1985 1656 irritantia‘
2008 1644 2023 1668 ,
2067 1629 2226 1661 unum..

1248 1670 1373 1713 etiam
1387 1669 1680 1715 adnumeretur
1694 1701 1708 1724 ,
1736 1671 1761 1714 fi
1778 1685 1925 1728 nempe
1943 1673 2093 1731 aliquis
2117 1676 2226 1718 Pro-

1250 1728 1455 1772 senionem
1475 1728 1653 1773 emiserit
1667 1731 1707 1773 in
1723 1732 1935 1780 Coenobio
1959 1732 2011 1776 ad
2029 1734 2225 1778 Novitio·

1250 1802 1341 1832 rum
1355 1787 1646 1833 institutionem
1660 1789 1826 1834 minim'e
1846 1790 2078 1845 destinato,
2102 1792 2144 1839 in
2175 1793 2226 1835 iis

1250 1857 1387 1892 tamen
1404 1846 1506 1892 locis
1521 1878 1535 1901 ,
1554 1848 1593 1892 in
1606 1850 1750 1907 quibus
1764 1862 1844 1892 rec.
1860 1863 1984 1893 mem.
2002 1851 2229 1896 Praedeces-

1248 1907 1314 1952 sor
1342 1906 1476 1950 noller
1499 1907 1697 1952 Clemens
1712 1910 1822 1963 Papa
1839 1910 1960 1952 vm.
1985 1911 2159 1954 Decreta
2172 1910 2228 1956 de

1251 1965 1552 2022 Regulariubus
1564 1969 1588 2012 a
1603 1967 1641 2011 se
1655 1966 1765 2012 edita
1783 1969 1863 2010 vim
1880 1968 2027 2011 habere
2054 1971 2223 2014 manda·
2302 1973 2307 1983 “

1250 2026 1308 2069 vit
1325 2038 1338 2067 τ
1356 2024 1386 2067 ,6
1401 2026 1492 2083 quis
1509 2039 1558 2069 ex
1580 2025 1662 2071 hoc
1676 2026 1811 2082 capite
1828 2026 2117 2073 Profe-monem
2136 2030 2159 2073 a
2173 2026 2216 2074 se

1251 2083 1395 2130 saetam
1410 2088 1518 2129 intra
1530 2085 1850 2145 quinquennium
1873 2087 2115 2144 impugnare
2136 2101 2223 2133 *vo-

1246 2143 1390 2197 luer-it,
1404 2155 1471 2189 aut
1489 2145 1624 2195 etiam,
1639 2148 1664 2191 fi
1684 2143 1847 2202 Religio
1859 2145 1968 2190 intra
1983 2146 2092 2191 idem
2109 2148 2227 2205 quin.

1246 2205 1359 2250 nium
1376 2204 1639 2260 postulaverit
1662 2202 1828 2259 alicujus
1856 2205 2142 2252 Proscilionem
2173 2221 2228 2252 ex

1246 2262 1473 2320 hujuimodi
1489 2265 1623 2318 capite
1635 2266 1796 2308 irritam
1819 2264 2047 2310 declarati:
2071 2267 2226 2312 decre·

1246 2334 1334 2370 tum
1352 2332 1465 2366 extat
1481 2323 1503 2365 ἰ
1524 2321 1594 2367 sel.
1612 2322 1771 2368 record·
1792 2323 1960 2369 Urbano
1978 2324 2085 2382 Papa
2103 2328 2226 2370 vm.

1248 2383 1383 2426 altero
1399 2380 1691 2428 Proedeceffore
1719 2380 1874 2432 nostro,
1891 2382 1998 2439 justis
2041 2384 2228 2429 ravibufi·

1246 2457 1326 2501 que
1352 2444 1406 2486 de
1419 2441 1566 2491 causis,
1589 2456 1636 2487 ac
1651 2444 1702 2486 de
1716 2441 1887 2486 consilio
1914 2457 1993 2499 prat
2012 2454 2087 2488 atoe
2108 2447 2229 2489 Con·

1247 2501 1498 2561 gregationis
1525 2502 1711 2546 Concilii
1750 2502 1987 2545 Tridentini
2022 2506 2226 2561 interpres

1247 2563 1302 2607 tis
1317 2590 1332 2614 ,
1349 2560 1504 2604 editum
1519 2561 1587 2604 die
1600 2575 1639 2611 5·
1654 2563 1831 2619 Januarii
1849 2561 1972 2612 1726.
1983 2587 1998 2612 ,
2022 2564 2222 2620 incipien-

1251 2620 1322 2666 Ad
1330 2620 1607 2663 occurrendum
1619 2646 1634 2671 ,
1645 2632 1729 2675 quo
1748 2618 1938 2661 statutum
1954 2618 2032 2662 fuit
2043 2648 2058 2671 ,
2077 2619 2221 2675 hujus-

1249 2677 1363 2720 modi
1392 2674 1547 2719 Causas
1570 2676 1621 2718 ad
1647 2674 1819 2719 candem
1843 2679 2224 2734 Congregationem

1250 2733 1452 2791 privative
1482 2734 1685 2789 pertinere
1699 2762 1710 2776 .
1744 2736 1840 2777 Hoec
1871 2734 1961 2778 sunt
1985 2738 2147 2792 potiora
2179 2738 2223 2782 in

1249 2795 1326 2836 hoc
1343 2806 1491 2848 genere
1504 2793 1683 2836 Decreta
1696 2805 1745 2836 ex
1764 2794 1942 2850 Regellis
1996 2795 2223 2840 roelaudatn

1248 2851 1587 2907 congregationis
1611 2862 1827 2908 excerpta,
1851 2858 1951 2911 quei
1985 2854 2065 2897 ieet
2086 2853 2185 2899 aliar
2200 2853 2226 2899 ἃ

1250 2908 1608 2955 Praedecefforibus
1624 2911 1766 2955 nostri·
1786 2909 1983 2957 Romania
2010 2911 2223 2958 Pontifici-

1249 2971 1322 3013 but
1337 2968 1573 3025 Apostolica
1588 2970 1830 3015 auctoritate
1843 2986 1923 3016 non
1946 2970 2065 3017 semel
2080 2985 2224 3031 appro-

1250 3029 1344 3072 bata
1360 3027 1515 3074 suerint
1529 3058 1543 3080 ‚
1558 3031 1599 3073 δι
1613 3030 1852 3076 confirmata
1866 3058 1883 3084 ‚
1902 3034 1990 3076 Nos
2004 3042 2142 3077 tamen
2153 3046 2222 3078 ea-

1250 3087 1345 3132 dem
1360 3115 1374 3138 ,
1390 3087 1641 3144 presentium
1664 3090 1898 3135 litterarum
1914 3101 2086 3145 tenore,
2098 3100 2223 3152 atque

1252 3149 1492 3193 auctoritate
1519 3146 1627 3192 limili
1656 3177 1671 3202 ‚
1706 3163 1816 3194 novo
1851 3152 2159 3208 approbationis
2179 3150 2221 3194 δι

1251 3205 1577 3252 confirmationis
1595 3206 1731 3253 nostroe
1746 3207 1892 3255 robore
1903 3210 2222 3263 communitum,

1251 3277 1373 3324 atque
1402 3270 1455 3311 ab
1478 3268 1665 3312 omnibus
1693 3295 1707 3320 ‚
1735 3266 1786 3311 ad
1810 3282 1912 3326 quos
1934 3266 2083 3325 spectat
2105 3294 2120 3320 2
2152 3266 2219 3313 seu

1252 3325 1472 3383 respective
1486 3326 1679 3384 spectabit
1691 3355 1707 3382 ,
1721 3326 1963 3384 inposterum
1988 3342 2064 3386 pro
2076 3327 2218 3385 regula

1252 3385 1422 3438 haberi,
1442 3401 1490 3432 ac
1517 3387 1704 3444 plenarie
1731 3387 1965 3434 executioni
1979 3386 2218 3432 demandari

1249 3445 1501 3503 precipimur
1514 3474 1527 3487 .

1367 3506 1530 3559 Quibut
1549 3507 1602 3551 ita
1615 3505 1857 3557 constitutit,
1870 3503 2109 3564 firmamque
2121 3520 2220 3565 per·

1250 3563 1421 3609 tinentll
1447 3567 1671 3612 Causarum
1697 3592 1712 3618 ,
1742 3577 1827 3624 qun
1849 3564 1957 3609 intra
1989 3569 2086 3624 quln
2117 3571 2217 3611 ueni

209 3622 346 3677 perior
361 3619 600 3678 Regulam,
633 3622 742 3666 solua
765 3620 1010 3667 ordinariu-
1025 3621 1181 3680 judicat
1242 3624 1355 3669 nium
1382 3623 1406 3669 Δ
1419 3625 1487 3669 die
1505 3623 1761 3671 Proseslionia
1787 3624 1865 3667 emi
1879 3622 1937 3669 iso
1954 3624 2086 3671 adver
2105 3639 2151 3671 ut
2165 3625 2217 3671 il-

207 3680 261 3723 de
291 3677 533 3724 Proscffione
581 3681 893 3726 reclamantium
923 3683 1030 3728 intra
1060 3683 1178 3740 quin·
1241 3682 1316 3727 liut
1334 3682 1943 3738 validitatemintroducuntur3
1964 3684 2217 3743 consequeus

205 3738 449 3796 quennium:
466 3741 506 3783 Si
531 3742 628 3783 vero
654 3741 855 3786 Monialer
872 3741 1175 3800 Regularium..
1236 3742 1317 3793 est,
1345 3754 1390 3788 ut
1417 3744 1457 3787 Bt
1482 3757 1528 3788 ea
1545 3742 1770 3788 iudicemur
1786 3756 1899 3800 ,quoe
1921 3744 1974 3788 de
1990 3743 2135 3789 ordine
2167 3756 2214 3788 ac

198 3795 573 3853 regiminisubsmn
599 3809 695 3842 tune
720 3799 943 3853 hujtismodi
963 3799 1172 3859 Qusoeju-
1234 3801 1432 3847 methodo
1458 3804 1498 3847 in
1523 3800 1750 3861 hujusmodi
1770 3800 1940 3861 judiciis
1954 3802 2206 3856 servanda,

2019 3863 2038 3905 ἠ
2054 3864 2141 3908 Ma-
