2444 4192
811 169 972 256 Sub
1040 167 1432 256 Bene‘dfflo
1496 165 1585 250 X
1608 164 1648 248 l
1671 166 1771 251 V.

254 322 614 381 constitutiones
632 320 658 371 ὲ
679 324 901 372 Romanis
921 325 1215 376 Pontificibus

319 412 416 447 tam
436 394 741 462 ante-..quam
760 390 857 459 post
873 394 1215 446 Trid.Concilii

318 470 517 517 Decreta
543 464 677 533 super
690 458 897 512 clausura
914 465 1217 514 Monasterio-

319 529 1217 601 rumVirorumReligiosoruminnovar,

319 608 499 658 indulta
517 606 566 659 <31
585 603 788 656 licentias
816 598 1011 669 desuper
1039 600 1219 651 conces-

317 676 385 730 sas
401 691 603 736 revocat,
618 671 864 725 Nobilibus
881 685 1033 721 tamen
1051 673 1220 721 Foemi-

318 751 407 808 nis,
420 750 631 818 legitimo
647 744 786 796 titulo
793 777 810 801 ,
822 741 1221 798 consuetudine,ac

321 818 590 887 Apostolica
605 811 860 867 c6ceffione
875 811 1073 882 ingressu
1084 814 1223 862 Clau·

318 888 424 955 sure
436 887 739 959 gaudentibus
758 919 777 942 ,
790 901 869 952 per
883 882 1014 935 hasce
1029 878 1126 933 suas
1143 885 1218 933 lit-

318 973 439 1011 teras
456 961 568 1010 nihil
583 956 855 1027 derogatum
882 953 1087 1006 declarat
1100 989 1115 1004 .

296 1089 735 1144 BENEDICTUS
779 1087 957 1137 PAPA
1005 1086 1169 1136 x1v.

392 1209 465 1253 Ad
465 1215 702 1264 perpetuam
721 1203 784 1249 rei
796 1207 1026 1248 memoriam
1036 1232 1050 1246 .

371 1320 559 1380 Egularis
577 1319 796 1374 disciplina:
809 1319 1105 1362 observantiam
1121 1326 1218 1361 ante

247 1325 366 1482 R
399 1380 525 1424 etiam
537 1406 554 1432 ,
570 1379 688 1436 quim
718 1379 758 1420 δι
773 1376 1037 1420 Generalium
1063 1389 1109 1418 ac
1124 1389 1219 1431 par·

250 1453 284 1485 ti

286 1456 335 1484 cu
354 1437 484 1483 arium
503 1435 673 1491 alicuius
688 1435 879 1480 Nationis
891 1462 907 1485 2
919 1446 986 1480 aut
1000 1434 1221 1478 Provinciae

248 1497 535 1546 conciliorum
573 1493 750 1538 decretis
789 1492 1104 1537 confirmaretur
1127 1517 1143 1541 ‚
1181 1495 1223 1535 δι

249 1561 537 1604 Romanorum
564 1551 816 1597 Pontificum
849 1550 1222 1597 Praedecefforum

251 1617 482 1666 nostrorum
502 1612 661 1670 legibus
684 1610 1024 1670 sanfiionibusque
1049 1609 1221 1668 prascri-

250 1679 424 1724 beretur
435 1703 451 1728 ‚
465 1671 601 1731 quoad
622 1671 799 1715 vetitum
812 1671 1048 1715 Mulieribus
1063 1667 1223 1727 quibus-

250 1746 426 1794 cumque
451 1757 466 1781 2
494 1731 618 1774 etiam
645 1729 952 1786 consanguineis
978 1731 1085 1772 intra
1121 1742 1220 1786 quo·

250 1796 522 1848 rumcumque
550 1786 857 1845 Religiosorum
874 1789 1071 1833 Virorum
1095 1788 1224 1832 Clau-

251 1856 386 1899 suram
413 1845 623 1906 ingressum
644 1857 727 1892 tam
765 1847 1029 1907 integerrime
1055 1847 1224 1891 custodi-

253 1923 342 1961 tam
357 1907 469 1954 fuiffe
485 1906 639 1953 constat
655 1919 672 1960 3
686 1915 736 1951 ut
747 1936 762 1961 ,
786 1921 840 1951 ne
854 1909 951 1953 dum
967 1906 1125 1965 feminis
1139 1905 1226 1964 qui.

253 1971 503 2024 buscumque
520 1965 617 2020 ,ted
632 1965 818 2011 masculis
830 1981 990 2026 quoque
1005 1996 1020 2019 ,
1047 1981 1130 2011 non
1145 1976 1227 2008 tam

256 2031 308 2075 ad
328 2027 665 2072 monasteriorum
679 2024 847 2068 claustra
874 2027 940 2070 seu
957 2029 1067 2082 septa
1081 2055 1094 2077 ,
1107 2030 1230 2082 quam

255 2091 308 2134 ad
323 2087 403 2145 ipsa
419 2084 660 2129 corumdem
675 2085 1014 2129 Monastcriorum
1037 2085 1230 2127 Oratoria

255 2152 297 2194 δι
315 2145 512 2191 Ecclesias
535 2141 672 2187 nullus
690 2145 868 2200 patuerit
896 2145 1029 2188 aditus
1043 2141 1230 2187 &acces-

255 2207 319 2251 sus
335 2217 353 2260 3
382 2205 479 2262 quin
507 2205 590 2247 imo
608 2200 688 2247 ,sub
704 2203 941 2259 gravislimis
955 2205 1088 2260 poenis
1105 2201 1228 2246 suerit

253 2263 499 2312 interdictus
513 2275 530 2316 3
546 2272 597 2305 ne
618 2257 776 2305 seilicet
789 2291 805 2314 ‚
821 2273 865 2305 ut
879 2264 1009 2318 inquit
1026 2265 1227 2318 S·Grego-

253 2326 340 2370 rius
358 2324 466 2379 Papa
491 2325 525 2365 1.
556 2317 825 2364 Praedeceslor
838 2321 968 2365 noster
981 2349 996 2374 ,
1020 2321 1062 2364 in
1076 2324 1229 2366 Servo-

253 2396 346 2429 rum
363 2381 439 2425 Dei
466 2378 672 2424 seceffibus
684 2379 842 2424 occasio
863 2381 1090 2438 praebeatur
1105 2394 1231 2437 popu.

253 2441 406 2487 laribus
420 2437 688 2482 conventibus
701 2467 717 2492 ‚
741 2439 783 2481 δι
797 2438 1060 2496 simpliciores
1086 2454 1135 2482 ex
1153 2441 1229 2482 hoc

254 2499 408 2545 animas
433 2498 701 2555 plerumque,
726 2498 839 2555 quod
854 2498 952 2542 absit
971 2525 986 2549 a
1011 2498 1050 2541 in
1067 2496 1229 2542 scanda-

251 2560 340 2604 lum
355 2557 492 2600 trahat
506 2585 518 2598 .
533 2555 777 2612 Huiusmodi
790 2565 926 2600 autem
945 2557 1147 2614 regularis
1171 2556 1230 2600 di·

250 2615 432 2674 seiplinoe
455 2611 713 2657 observantia
737 2642 753 2667 ,
786 2629 865 2671 pro
889 2625 1123 2671 temporum
1158 2630 1228 2658 va-

250 2676 406 2721 rietate
432 2686 479 2715 ac
510 2670 745 2717 necessitate
774 2680 839 2717 tot
871 2672 1080 2731 tantasque
1105 2674 1226 2717 subiit

252 2729 1055 2845 aestimatas?030‘2320‘ff‘⁶

705 2804 726 2831 c
753 2803 771 2830 s
832 2804 911 2833 ona
946 2804 1124 2833 errorum
1188 2809 1226 2836 0-

256 2847 394 2894 clesias
407 2846 636 2898 dumtaxat,
649 2845 728 2888 sive
750 2846 935 2891 masculis
945 2877 960 2900 ‚
973 2849 1055 2890 sive
1067 2847 1227 2904 feminis

255 2907 559 2954 sacrosanctum
594 2900 715 2948 Miffae
740 2905 990 2950 Sacrificium
1005 2907 1225 2962 audiendi,

253 2963 616 3012 Proedicationibus
632 2962 760 3007 Verbi
778 2965 851 3007 Dei
875 2965 1159 3021 intereflendi,
1185 2970 1225 3012 ει

257 3027 564 3070 Sacramentum
593 3022 843 3067 sanaiffimae
882 3024 1140 3068 Eucharistiae
1167 3026 1228 3070 su-

256 3083 424 3136 mendi,
438 3095 485 3124 ac
502 3091 672 3138 peccata
684 3082 749 3126 sua
764 3081 986 3127 confitendi
1011 3083 1132 3128 causa
1146 3113 1161 3137 ‚
1183 3086 1229 3129 si-

255 3156 311 3188 ne
340 3152 479 3186 tamen
512 3142 788 3185 parochorum
820 3141 1230 3199 praejudicio,inter-

257 3204 355 3246 dum
380 3197 676 3254 concesserint3
699 3197 1094 3257 vicislimtamenipsi
1127 3205 1227 3248 Prae-

255 3258 479 3306 decessores
493 3259 616 3302 nostri
640 3268 724 3303 tam
749 3253 843 3304 ante
861 3259 1040 3309 Concilii
1056 3262 1229 3306 Triden-

256 3321 335 3364 tini
350 3322 530 3363 Decreta
542 3347 558 3371 ,
571 3318 693 3374 quim
710 3316 800 3375 post
822 3318 1062 3364 eorumdem
1076 3319 1228 3365 Decre-

259 3389 398 3422 torum
434 3378 805 3436 promulgationem
858 3378 1230 3424 denuntiationem-

259 3449 339 3493 que
352 3436 530 3492 providis
542 3436 1229 3494 saluberrimisfflconstitutionibus

260 3493 674 3553 Ordinationibusque
698 3494 770 3539 sub
783 3498 1048 3553 poena,etiam
1065 3512 1230 3541 excom·

259 3553 548 3598 municationis
580 3553 669 3598 latae
692 3553 929 3605 sententiae,
956 3554 1118 3613 feminis
1143 3558 1229 3613 qui·

261 3612 504 3668 buscumque
519 3612 673 3658 aditum
696 3614 988 3672 ingressumque
1001 3616 1228 3672 hujusmodi

258 3672 373 3713 intra
389 3668 730 3728 Monasterioqrum
752 3673 975 3719 clausuram
1001 3673 1227 3720 interdixe-

258 3737 355 3773 runt
373 3757 385 3768 ·
409 3728 615 3785 Quoniam
639 3742 774 3776 autem
791 3763 805 3786 ,
834 3736 930 3777 sicut
947 3734 1131 3779 dolentes
1155 3750 1223 3778 ac-

257 3788 465 3890 cepiflssss
492 3786 565 3891 agli
577 3790 740 3847 quidem
769 3794 1025 3855 Aposiolicas
1044 3793 1153 3853 leges
1174 3809 1221 3854 ac

413 3859 492 3888 om·
561 3874 575 3890 ο

2010 203 2184 285 499

1275 334 1480 381 praecepta
1498 322 1723 378 hujusmodi
1740 319 1802 364 vel
1821 321 1910 363 ausu
1925 332 2142 372 temerario
2157 345 2247 387 par·

1277 383 1570 435 vipendentes,
1600 381 1663 421 vel
1694 379 1746 420 ad
1774 392 1915 420 eorum
1942 383 2156 430 arbitrium
2182 391 2246 430 in-

1279 446 1567 494 terpretantes..
1585 436 1746 492 feminis
1760 436 2074 494 quibuscumque
2087 447 2242 487 aditum

1279 495 1571 551 ingressumque
1601 504 1683 535 tam
1710 493 1918 535 manifeste
1931 521 1945 543 ‚
1971 509 2018 536 ac
2048 505 2157 542 tanta
2182 502 2247 542 so-

1279 553 1491 595 lemnitate
1506 552 1682 595 vetitum
1697 552 1959 607 permittum3
1974 553 2042 593 alii
2057 559 2154 598 vero
2169 561 2248 611 pri.

1279 610 1424 664 vilegia
1440 636 1454 657 a
1467 609 1626 652 indulta
1639 638 1652 661 ,
1668 610 1957 666 praerogativas
1971 636 1985 658 s
2011 608 2244 665 facultates,

1282 669 1467 712 licentias
1480 693 1494 715 s
1507 669 1548 710 δε
1560 669 1658 711 alias
1671 683 1934 724 quocumque
1955 672 2069 724 pasto
2083 676 2249 727 excogi-

1282 737 1386 771 tatas
1401 727 1669 770 concessiones
1686 727 1849 779 fibi‚five
1864 725 1886 770 ἃ
1902 726 2008 783 jure,
2020 727 2100 771 sive
2110 730 2159 770 ab
2176 732 2252 772 ho-

1283 788 1388 829 mine
1403 784 1522 827 factas
1535 788 1575 828 &
1588 786 1831 843 impertitas,
1846 788 1912 829 seu
1929 785 2029 828 faeta
2043 789 2082 830 &
2096 789 2245 843 imper-

1282 846 1389 894 tita,
1415 859 1461 887 ac
1474 857 1824 902 quorumcumque
1850 858 2089 896 munerum,
2115 847 2249 901 digni·

1283 913 1413 947 tatum
1428 931 1443 955 ‚
1469 917 1514 945 ac
1530 905 1921 960 praeeminentiarum
1951 905 2110 947 ratione
2131 905 2246 948 debi-

1276 973 1338 1007 tas
1365 961 1432 1006 seu
1463 960 1601 1006 debita
1632 972 1869 1019 arrogantes
1881 991 1896 1015 ,
1925 966 2219 1018 praetendentes
2232 993 2248 1017 ,

1275 1021 1620 1079 obtendentesque
1639 1050 1654 1075 ‚
1679 1020 1851 1079 feminas
1878 1022 2075 1078 quaslibet
2105 1026 2247 1067 intra„

1277 1081 1616 1127 Monasteriorum
1630 1080 1803 1124 claustra
1815 1107 1829 1131 ,
1851 1079 1958 1136 septa
1972 1108 1987 1132 ,
2018 1083 2218 1125 caenacula
2232 1108 2248 1130 ,

1278 1141 1469 1185 cubicula
1483 1168 1499 1193 ,
1513 1139 1687 1196 aliasque
1698 1139 1881 1183 officinas
1894 1148 1965 1182 aut
1984 1140 2175 1191 admitti,
2201 1155 2248 1182 ac

1278 1200 1407 1257 recipi
1421 1199 1549 1243 sinunt
1567 1200 1841 1256 mandantque
1855 1228 1869 1251 ‚
1898 1207 1966 1241 aut
1979 1199 2057 1240 uni
2079 1202 2250 1242 secum..

1278 1260 1437 1303 ducunt
1452 1271 1469 1314 3
1486 1258 1555 1303 alii
1570 1259 1745 1316 denique
1760 1258 1830 1301 sub
1844 1258 2008 1314 pietatis
2022 1272 2068 1300 ac
2081 1259 2251 1314 religio-

1281 1319 1342 1361 nis
1357 1326 1556 1373 praetextu
1569 1344 1583 1367 ‚
1604 1332 1699 1362 cum
1718 1317 2032 1374 supplicationes
2050 1316 2132 1360 five
2156 1329 2251 1359 cum

1281 1376 1529 1419 smaiffimo
1554 1377 1810 1420 Eucharistiae
1836 1378 2099 1419 Sacramento
2126 1404 2141 1428 ‚
2172 1374 2253 1415 five

1279 1447 1374 1476 cum
1391 1432 1511 1477 sacris
1527 1435 1762 1477 Sanctorum
1786 1435 2104 1490 sanctarumque
2133 1431 2252 1475 Reli·

1280 1493 1412 1592 puiis,
1443 1492 1597 1537 statuis
1612 1493 1680 1544 ,δι
1694 1490 1933 1549 Imaginibus
1964 1505 2033 1548 per
2054 1492 2224 1536 claustra
2235 1521 2253 1544 ,

1296 1560 1391 1608 epta
1415 1552 1456 1593 δι
1479 1550 1559 1592 alia
1573 1550 1909 1594 Monasleriorum
1927 1551 2020 1595 loca
2036 1550 2087 1595 de
2103 1565 2218 1594 more
2232 1578 2248 1601 ,

1280 1620 1323 1653 ut
1339 1608 1515 1654 asserunt
1528 1635 1543 1658 s
1557 1610 1756 1653 habentur
1770 1636 1785 1660 ‚
1801 1607 1881 1652 fine
1891 1609 1979 1653 ullo
1994 1610 2156 1666 prorsus
2170 1609 2252 1652 dis-

1281 1671 1452 1714 crimine
1466 1666 1667 1712 masculos
1682 1670 1722 1711 δι.
1737 1668 1906 1728 seminas
1934 1667 2250 1725 supplicationes

1283 1728 1514 1786 hujusmodi
1529 1742 1600 1784 per
1614 1727 1756 1771 eadem
1775 1726 1865 1771 loca
1881 1729 2047 1785 sequi&
2061 1728 2253 1773 comitari

1284 1790 1443 1833 licitum
1457 1819 1469 1842 ‚
1486 1788 1582 1846 quin
1600 1788 1710 1842 imo,
1725 1795 1772 1832 ut
1789 1786 2074 1844 Indulgentias
2100 1786 2255 1832 lucrari

1285 1850 1450 1894 valeant
1466 1877 1481 1900 ‚
1499 1846 1752 1891 necessarium
1768 1844 1853 1890 esse
1865 1847 2096 1891 obtendunt
2112 1861 2126 1891 τ
2145 1848 2252 1890 Hinc

1285 1909 1340 1954 est
1355 1939 1369 1961 ,
1381 1908 1492 1967 quod
1510 1911 1595 1951 Nos
1611 1934 1625 1958 ,
1638 1907 1705 1964 qui
1719 1936 1735 1958 ,
1748 1905 1847 1950 dum
1859 1905 1900 1948 in
1917 1906 2141 1950 minoribus
2152 1904 2256 1948 esse-

1290 1982 1395 2020 mus,
1408 1965 1726 2026 quamplurimos
1741 1965 1971 2023 hujusmodi
1986 1965 2125 2009 abusus
2141 1979 2255 2007 com-

1289 2037 1429 2085 pertos
1458 2026 1703 2070 habebamus
1718 2053 1735 2076 ,
1762 2024 1801 2067 in
1827 2025 1900 2065 hac
1914 2025 2074 2067 sublimi
2101 2028 2255 2069 Sacro-

1289 2085 1407 2133 saneti
1433 2082 1692 2140 Apostolatiis
1706 2081 1865 2139 specula
1882 2084 2115 2136 constituti,
2140 2098 2255 2126 non-³

1289 2158 1373 2193 tam
1386 2144 1543 2189 affiduis
1558 2142 1850 2186 nonnullorum
1871 2140 2040 2186 aliarum
2055 2142 2258 2186 Ecclesia-

1289 2219 1378 2251 rum
1408 2202 1646 2248 Antistitum
1674 2200 1934 2245 documentis
1957 2228 1972 2250 a
1997 2200 2113 2258 quam
2145 2201 2257 2258 justis

1287 2266 1409 2311 etiam
1437 2262 1704 2317 superiorum
1725 2291 1740 2312 ,
1780 2260 2034 2317 aliorumque
2064 2261 2259 2307 Virorum

1289 2340 1341 2370 ex
1365 2321 1563 2377 religiosis
1584 2319 1807 2363 Ordinibus
1826 2320 1901 2362 Dei
1927 2319 2123 2362 honorem
2140 2323 2180 2363 δι
2194 2322 2261 2364 in-

1289 2382 1416 2428 stituti
1444 2381 1499 2424 sui
1524 2380 1774 2435 disciplinam
1802 2378 2020 2422 zelantium
2033 2381 2257 2435 expostula-

1290 2441 1466 2487 tionibus
1479 2440 1533 2484 de
1556 2438 1768 2481 antedictis
1787 2437 2055 2495 similibusque
2069 2440 2256 2482 abusibus

1289 2506 1329 2547 in
1342 2502 1430 2543 dies
1445 2499 1716 2543 admonemur
1733 2524 1748 2547 ‚
1775 2506 1821 2541 ut
1841 2505 2118 2553 opportunum
2134 2513 2179 2541 ac
2198 2502 2257 2542 sa-

1289 2564 1421 2606 lutare
1435 2558 1572 2602 iisdem
1589 2556 1772 2600 abusibus
1799 2555 1993 2599 tollendis
2011 2587 2025 2608 ,
2052 2558 2251 2614 quantum

1290 2635 1381 2665 cum
1411 2618 1591 2661 Domino
1619 2616 1852 2673 possumus,
1874 2617 2102 2659 remedium
2125 2616 2262 2659 affera-

1287 2692 1407 2730 mus;
1436 2677 1676 2718 auctoritate
1707 2674 1938 2730 apostolica
1952 2704 1968 2726 ‚
1986 2685 2129 2718 tenore
2155 2690 2253 2730 prae-

1286 2738 1475 2786 sentium,
1491 2736 1662 2790 primum
1679 2733 1842 2791 quidem
1855 2746 1996 2775 omnes
2019 2735 2060 2776 δι
2084 2734 2260 2790 singulas

1285 2796 1606 2841 constitutiones
1649 2790 1958 2848 &actionesque
1996 2790 2019 2834 i
2060 2794 2258 2837 Romanis

1289 2852 1552 2899 Pontificibus
1591 2851 1955 2894 Praedecessoribus
1991 2851 2133 2894 nostris
2174 2864 2259 2897 tam

1283 2912 1558 2966 ante—quim
1572 2909 1659 2965 post
1674 2908 2089 2951 Conciliirridentini
2105 2913 2260 2956 Decre-

1285 2980 1329 3015 ta
1355 2971 1470 3027 super
1494 2965 1695 3012 clausura
1715 2965 2050 3008 Monasieriorum
2063 2981 2256 3024 quorum.

1288 3042 1461 3086 cumque
1482 3024 1786 3083 Religiosbrum
1808 3025 2002 3068 Virorum
2030 3027 2161 3069 editas
2190 3044 2257 3072 re-

1290 3101 1485 3144 noyamus
1508 3089 1547 3128 δι
1563 3082 1852 3129 confirmamus
1866 3109 1882 3133 ‚
1907 3098 2062 3128 necnon
2079 3086 2254 3138 inposte-

1289 3163 1376 3192 rum
1391 3147 1440 3190 ab
1454 3145 1642 3188 omnibus
1655 3145 1696 3185 δι
1710 3142 1890 3199 singulis,
1903 3143 1953 3185 ad
1970 3158 2072 3199 quos
2086 3144 2111 3185 s
2102 3148 2254 3200 pedat,

1288 3209 1330 3250 δι
1351 3208 1391 3248 in
1405 3204 1584 3248 futurum
1604 3202 1796 3260 spectabit
1809 3228 1824 3250 ,
1839 3201 1909 3245 sub
1930 3203 2068 3246 iisdem
2083 3205 2196 3261 penis
2213 3206 2258 3248 in

1289 3264 1659 3310 constitutionibus
1692 3261 2045 3318 Sanctionibusque
2083 3278 2248 3307 eorum-

1289 3325 1384 3368 dem
1412 3322 1755 3367 Praedecessorum
1795 3320 2019 3364 nostrorum
2048 3324 2255 3367 Romano-

1290 3398 1379 3428 rum
1393 3380 1640 3427 Pontificum
1654 3410 1669 3434 ‚
1687 3382 1728 3423 δι
1740 3380 1926 3422 Decretis
1938 3380 2121 3436 ejusdem
2139 3385 2252 3426 Con-

1289 3443 1369 3487 cilii
1390 3442 1619 3486 Tridentini
1643 3439 1852 3484 contentis
1869 3439 2159 3483 inviolabiliter
2180 3446 2253 3484 ob-

1292 3501 1503 3546 servandas
1548 3500 1624 3543 esse
1667 3499 1872 3542 statuimus
1910 3528 1924 3550 ‚
1963 3498 2218 3543 decernimus
2231 3529 2247 3550 ,

1288 3560 1537 3618 praecipimus
1550 3567 1674 3615 atque
1687 3557 1922 3601 mandamus
1936 3587 1948 3599 .
1960 3558 2119 3602 Deinde
2138 3571 2248 3600 motu

1285 3620 1478 3676 proprio,
1501 3620 1540 3660 δι
1555 3632 1603 3661 ex
1627 3626 1738 3661 certa
1753 3616 1920 3658 scicntia
1947 3633 1997 3661 ac·
2011 3627 2161 3660 matura
2178 3617 2247 3657 de-

1283 3678 1525 3722 liberatione
1538 3676 1681 3719 nostris
1694 3701 1709 3725 ,
1723 3675 1856 3732 deque
1872 3677 2116 3732 Apostolicae
2129 3684 2248 3729 pote-

1283 3737 1392 3780 statis
1415 3735 1667 3794 plenitudine
1693 3734 1930 3777 earumdem
1960 3735 2247 3792 praesentium„

1283 3805 1429 3843 tenore
1441 3795 1576 3841 omnia
1589 3797 1628 3838 &
1640 3793 1794 3850 singula
1820 3794 1979 3838 indulta
1990 3821 2004 3845 ‚
2017 3789 2246 3850 privilegia,

1347 3856 1349 3858 ’
1383 3853 1404 3859 ”
1692 3855 1731 3898 R
1748 3867 1800 3896 rr
1829 3867 1853 3896 2
2084 3861 2183 3905 prae-
