2444 4192
322 162 475 246 512

252 293 336 332 strae
365 287 658 332 Confistorialis
672 286 787 329 Aulae
811 282 1026 327 Advocato
1052 284 1104 327 de
1126 297 1224 341 prae·

252 348 373 392 miffis
387 349 575 390 omnibus
592 349 714 389 verba
737 345 822 386 fieri
836 357 851 395 3
867 355 960 385 mox
974 345 1095 386 etiam
1126 350 1223 387 eita-³

252 411 356 452 elam
373 408 609 451 eorumdem
625 405 898 447 narrationem
913 415 960 444 ex
975 404 1224 446 authenticis

251 468 513 515 documentis
537 464 724 519 religiose
756 462 970 505 collectam
985 490 999 513 ‚
1038 478 1084 504 ac
1114 463 1224 518 typis

247 527 477 583 impreffam
494 554 509 577 ‚
521 523 705 567 omnibus
725 520 957 578 suffragium
975 522 1119 565 laturis
1148 536 1222 565 ex-

247 586 382 630 hiberi
406 585 637 628 curavimus
657 609 670 622 .
700 584 874 625 Demum
899 591 1152 624 convocatos
1169 581 1219 633 in

249 645 501 689 Confistorio
530 639 791 695 semipublico
820 639 888 682 die
911 653 982 682 xt·
1013 640 1219 684 currentis

245 705 354 763 Junii
372 701 578 746 universos
591 698 852 742 Venerabiles
868 701 1032 742 Fratres
1056 700 1216 743 nostros

247 770 292 809 s.
310 767 361 807 R.
376 764 425 804 Ε.
456 757 696 803 Cardinales
708 787 723 811 ,
754 773 913 802 necnon
927 759 1184 803 patriarchas
1198 785 1213 808 ‚

246 819 587 876 Archiepiscopos
600 843 616 867 ,
634 819 675 859 &
690 817 935 875 Episcopus,
957 820 1028 874 qui
1041 818 1121 874 jam
1134 816 1215 860 fre·

245 889 414 938 quentes
446 877 623 931 undique
653 877 693 919 in
727 877 882 921 Urbem
911 886 1187 920 convenerant
1202 905 1218 928 ,

244 937 457 993 conceptis
471 936 604 979 verbis
617 936 894 993 requifivimus
907 965 923 989 ,
949 951 999 979 an
1029 937 1080 978 ad
1095 937 1213 992 ipfius

244 998 360 1042 Beati
392 996 506 1040 Petri
533 995 903 1039 Canonizationem
916 995 1213 1039 deveniendum

241 1057 372 1101 Nobis
385 1054 462 1098 effe
485 1052 713 1098 censerent.
747 1054 824 1111 lpfi
847 1057 946 1098 vero
961 1056 1114 1098 stimmo
1127 1054 1214 1096 ani·

241 1113 638 1163 morumconiensu,
664 1112 931 1170 gravibusque
959 1113 1182 1157 rationibus
1198 1138 1215 1161 ,

244 1188 387 1218 omnes
407 1175 446 1219 in
458 1173 741 1216 affirmativam
755 1174 992 1217 sententiam
1008 1173 1067 1214 ire
1097 1184 1213 1213 com-

242 1236 352 1292 perti
367 1232 457 1275 sunt
472 1236 590 1294 .Qa
605 1233 658 1276 de
681 1246 725 1275 re
751 1232 774 1275 ἃ
787 1229 944 1275 dilectis
963 1230 1076 1275 Filiis
1101 1233 1216 1285 Apo-

242 1294 391 1336 stolicae
404 1292 519 1336 Sedis
536 1292 715 1336 Notariis
728 1291 783 1334 ibi
796 1290 1052 1348 praelentibus
1082 1288 1212 1357 publi-

236 1367 292 1405 ga
304 1353 572 1395 Instrumenta
586 1349 731 1395 confici
744 1378 761 1403 ,
781 1364 832 1394 ac
848 1361 991 1406 praeter
1018 1363 1067 1391 ea
1082 1347 1216 1392 suffra·

240 1412 404 1467 giorum
431 1409 609 1466 ipsorum
634 1411 818 1466 exempla
836 1409 860 1452 ἂ
875 1409 1038 1463 fingulis
1066 1406 1214 1464 praedi-

242 1473 318 1513 fiis
338 1469 555 1523 subscripta
569 1470 609 1510 in
625 1468 893 1512 Tabularium
920 1466 1108 1511 Eccleliae
1120 1468 1212 1509 Ro·

240 1541 371 1571 manae
385 1525 528 1571 inferri
543 1528 819 1569 mandavimus
836 1556 851 1568 .

358 1589 449 1628 Nos
475 1595 630 1630 autem,
644 1581 873 1638 priusquam
898 1580 951 1621 de
983 1577 1135 1623 summa
1150 1578 1210 1621 rei

237 1642 474 1686 definiendo
487 1641 848 1697 pronunciaremus
867 1668 882 1690 ,
909 1647 955 1681 ut
974 1667 988 1689 ,
1007 1638 1104 1694 quid
1122 1637 1207 1694 pla·

240 1704 371 1745 citum
384 1697 479 1744 effet
499 1713 639 1742 coram
655 1700 745 1741 Deo
757 1726 772 1749 ,
787 1701 837 1741 ab
849 1696 936 1753 ipso
953 1700 1073 1741 Patre
1090 1697 1211 1739 lumi·

236 1774 335 1804 num
349 1758 514 1803 edoceri
527 1757 956 1810 mereremur,indietis
970 1769 1041 1813 per
1054 1756 1208 1800 Urbem

239 1819 424 1878 jejuniis,
455 1817 745 1875 designatisque
766 1816 955 1860 Ecclefiis
969 1843 984 1867 ,
1013 1829 1104 1859 cum
1137 1818 1208 1858 ln-

237 1878 452 1934 dulgentia
478 1878 530 1919 ab
555 1879 603 1920 iis
618 1876 933 1934 consequenda,
958 1875 1027 1932 qui
1057 1874 1207 1919 Nobis-

235 1950 332 1979 cum
346 1935 550 1980 Caelestem
565 1951 683 1993 opem
696 1937 960 1993 implorarent
973 1961 990 1984 ,
1010 1934 1207 1978 orationi-

235 1998 313 2040 bus
326 2025 343 2048 ‚
357 1998 395 2037 &
411 1994 761 2039 obsecrationibus
784 1995 931 2038 instare
947 2008 1027 2037 non
1041 2005 1207 2050 praeter-

235 2057 412 2099 milimus
426 2081 441 2104 ,
454 2054 586 2099 donec
615 2056 692 2097 hac
703 2054 771 2098 die
780 2053 1019 2098 coruscante
1033 2057 1205 2099 saneto-

233 2128 328 2158 rum
353 2112 637 2169 Apostolorum
662 2114 772 2159 Petri
799 2115 840 2157 δι
859 2113 973 2157 Pauli
998 2113 1204 2157 Natalitio

231 2170 372 2216 dicati
385 2201 401 2224 ,
413 2187 597 2229 magnam
613 2173 848 2218 venerandae
861 2171 1128 2217 solemnitatis
1139 2173 1203 2216 lae-

231 2235 365 2276 titiam
381 2260 396 2284 ,
409 2246 517 2276 novo
533 2232 724 2277 Ecclefiae
737 2233 886 2292 gaudio
897 2260 913 2284 ,
942 2247 1014 2290 per
1024 2230 1200 2276 definiti·

231 2306 291 2336 νε
308 2290 536 2347 hujusmodi
553 2295 774 2338 Sententiae
803 2292 1103 2350 prolationem,
1133 2307 1203 2337 cu·

235 2351 397 2394 mulare
422 2350 706 2397 decrevimus.
734 2357 903 2411 Quare,
927 2353 1201 2411 preeuntibus

232 2409 542 2468 supplicationis
589 2413 788 2470 generalis
833 2413 917 2457 ritu
963 2441 978 2466 ‚
1014 2413 1201 2458 omnibus

230 2469 407 2527 primum
433 2472 548 2515 Cleri
566 2472 780 2530 Regularis
795 2472 1019 2517 Ordinibus
1032 2501 1048 2525 ,
1075 2481 1202 2517 tum-0

230 2529 506 2573 Ecclefiarum
519 2529 858 2589 collegiatarum,
870 2533 911 2575 δι
927 2531 1199 2583 Bafilicarum,

228 2589 355 2631 etiam
373 2590 707 2635 Patriarchalium
735 2592 871 2637 Cleris
893 2602 1014 2649 atque
1027 2591 1199 2650 Capitu-

229 2647 283 2690 lis
308 2673 323 2695 ‚
353 2662 509 2691 necnon
538 2649 710 2707 praefatoe
734 2651 1076 2707 Congregationis
1104 2654 1195 2694 Sae.
1238 2698 1241 2702 Δ

227 2705 403 2748 Rituum
416 2707 760 2761 Consultoribus,
791 2713 879 2752 Nos
907 2707 976 2764 ipfi
989 2710 1196 2752 demum-a

228 2776 323 2806 cum
353 2764 511 2807 dilectu
541 2766 653 2809 Filiis
685 2765 802 2809 Aule
830 2764 1196 2810 NostroeOfficiali·

226 2822 326 2870 bus,
354 2823 391 2864 δι
417 2824 725 2874 Familiaribus,
749 2838 843 2867 eum
870 2824 1018 2867 Schola
1041 2826 1196 2867 Canto·

227 2896 319 2925 rum
335 2908 350 2931 ,
376 2882 606 2938 cunctisque
638 2883 828 2926 Romane
853 2882 988 2925 curia
1005 2883 1194 2927 Proelato-

227 2955 320 2984 rum
336 2940 561 2998 collegiis,
589 2941 842 2997 presbyteris
865 2955 1032 2998 quoque
1057 2941 1195 2987 Poeni·

227 2999 425 3043 sentiariis
450 2998 707 3044 sacerdotali
729 3001 833 3045 vesse
860 3000 1014 3044 indutis
1039 3029 1055 3054 ‚
1079 3000 1189 3044 deni·

224 3075 303 3116 que
335 3073 427 3102 cum
446 3059 758 3103 Venerabilibus
791 3060 993 3104 Fratribus
1024 3060 1192 3117 Episco-

225 3121 286 3177 pis
301 3144 314 3166 ‚
331 3118 586 3175 Archiepisco
618 3118 676 3172 is,
691 3119 1015 3172 &Patri-archis,
1044 3119 1113 3177 qui
1141 3118 1192 3162 ad

225 3179 429 3236 octoginta
446 3175 567 3220 seraa
600 3177 794 3231 suerunt,
821 3178 1086 3235 universoque
1108 3179 1193 3222 Ve-

227 3237 465 3282 nerabilium
488 3239 672 3280 Fratrum
687 3238 916 3282 nostrorum
929 3239 1193 3282 S.R.13.Car-

224 3296 422 3340 dinalium
437 3295 632 3354 Collegio
647 3325 662 3350 ,
686 3311 736 3340 ex
754 3296 1006 3353 Apostolicis
1019 3293 1190 3342 AEdibus

225 3357 476 3413 prodeuntes
489 3381 504 3404 ‚
519 3353 723 3415 frequenti
742 3357 963 3399 Procerum
977 3385 991 3409 ,
1005 3358 1045 3399 ἂ
1060 3355 1192 3413 Magi·

224 3417 415 3459 stratuum
438 3428 611 3460 numero
631 3415 758 3473 stipati
774 3442 788 3465 ,
803 3416 843 3458 δι
858 3414 1189 3472 subsequentibus

224 3474 469 3528 apostoliea
484 3476 601 3519 Sedis
618 3475 802 3518 Notariis
817 3503 832 3528 ,
860 3489 905 3518 ac
925 3474 1188 3531 Regularium

225 3535 427 3577 Ordinum
441 3534 705 3578 Generalibus
729 3534 1014 3586 Superioribus
1041 3533 1090 3576 ad
1117 3535 1189 3576 Ba·

223 3592 303 3637 filie
314 3605 373 3633 arn
392 3593 603 3636 Beariffimi
622 3593 911 3652 Apostolorum
938 3592 1132 3648 Principis
1147 3596 1187 3636 in

222 3652 453 3698 Vaticano,
478 3652 654 3695 caleni·
681 3651 838 3710 Sponsa
862 3663 1009 3696 ornatu
1025 3652 1186 3709 fulgen·

223 3723 311 3756 rem
332 3735 347 3761 ,
367 3712 455 3753 Nos
472 3709 836 3766 laticontulimus3
865 3712 948 3769 quo
963 3715 1049 3756 Nos
1065 3726 1185 3757 voca·

217 3772 290 3816 bat
317 3769 355 3814 δι
383 3765 464 3826 ipsa
496 3771 772 3816 memorabilis
794 3770 1113 3827 diciseflivitas,
1141 3773 1183 3819 δι

783 125 944 214 Sub
1010 127 1411 214 Benedifflo
1474 127 1743 218 XIV.

1287 286 1553 343 antiquissima
1565 287 1898 331 Praedecelsorum
1915 288 2138 331 nostrorum
2160 300 2257 329 con-

1287 345 1459 389 suetudo
1472 372 1487 395 ,
1498 348 1644 403 quibus
1660 347 1836 389 solemne
1855 345 1931 388 fuit
1947 348 2162 402 praeclaros
2181 349 2255 388 hu-

1285 404 1509 461 juscemodi
1524 410 1767 450 Sanctorum
1790 406 2016 458 triumphos
2042 421 2123 448 non
2138 405 2253 457 alibi,

1285 464 1404 519 quam
1419 465 1525 520 apud
1541 466 1782 508 memoriam
1801 462 1980 521 ejusdem
1994 466 2108 506 Beati
2136 466 2250 507 Petri

1283 527 1317 568 A
1323 523 1472 580 postoli
1485 552 1503 576 ,
1515 526 1723 568 celebrare
1737 554 1749 565 .

1402 583 1468 625 Ibi
1481 598 1606 640 quum
1619 584 1789 626 dilectus
1806 580 1935 624 Filius
1953 579 2085 623 noster
2097 581 2259 636 Joachie

1281 656 1371 686 mus
1387 642 1454 685 tit.
1472 647 1712 686 Sanctorum
1728 645 1921 698 Quatuor
1934 643 2247 684 Coronatorum

1280 701 1496 756 Presbyter
1511 705 1551 744 S.
1569 705 1625 744 R.
1641 704 1689 744 E.
1706 698 1944 743 Cardinalis
1964 702 2254 745 Portocarrero

1279 771 1532 815 nuncupatus
1554 789 1569 811 ,
1583 771 1802 816 perorante
1817 758 1970 800 dilecto
1986 758 2089 800 Filio
2105 758 2248 814 Virgi-

1278 820 1338 863 lio
1356 822 1643 862 Montecatino
1667 819 1806 860 nostrae
1821 817 2114 860 Confistorialis
2136 817 2253 861 Aulae

1278 879 1525 930 Advocato,
1554 879 1689 921 enixas
1707 907 1722 928 ,
1749 890 1850 932 quas
1878 876 1994 933 supra
2015 876 2217 918 innuimus
2232 907 2248 928 ‚

1278 937 1557 992 supremorum
1582 938 1814 992 Principum
1838 964 1855 986 ,
1882 934 2154 978 Ecclefiarum
2172 962 2187 984 s
2210 938 2252 978 δι

1275 996 1481 1039 Ordinum
1506 1010 1649 1051 preces
1675 1007 1797 1051 atque
1824 994 2118 1046 postulationes
2137 1022 2153 1044 ,
2173 1008 2250 1050 pro

1276 1055 1389 1098 Beati
1405 1056 1517 1098 Petri
1542 1053 1952 1111 Regalati2aliasque
1978 1067 2054 1108 pro
2079 1056 2156 1095 BB.
2178 1054 2265 1095 Fi-·

1274 1114 1380 1156 delis
1394 1141 1409 1163 ,
1430 1113 1626 1165 Camilli,
1643 1113 1818 1170 Joseph,
1845 1115 1885 1155 &
1906 1113 2139 1157 Catharinae
2162 1113 2250 1154 Ca-

1275 1172 1538 1216 nonizatione
1555 1173 1685 1216 Nobis
1701 1171 1892 1215 instanter
1907 1170 2214 1229 repraesentfiflet
2229 1183 2249 1223 ς,

1277 1235 1365 1276 Nos
1379 1230 1542 1289 quidem
1566 1231 1618 1274 ad
1644 1229 1856 1286 graviffimi
1874 1230 2026 1288 Judicii
2041 1229 2249 1274 definitio—

1274 1306 1366 1335 nem
1380 1318 1395 1340 ,
1416 1291 1563 1347 absque
1580 1291 1726 1333 iterata
1741 1289 1902 1333 caelestis
1925 1289 2062 1334 auxilii
2077 1292 2245 1332 invoca-

1274 1350 1387 1394 tione
1403 1379 1419 1401 ,
1438 1350 1660 1405 procedere
1675 1363 1755 1391 non
1769 1348 1963 1392 audentes
1980 1375 1995 1399 ,
2011 1349 2242 1391 decantatis

1272 1423 1365 1452 cum
1380 1408 1615 1452 Venerabili
1630 1407 1985 1452 consacerdotum
1999 1418 2103 1451 caetu
2117 1409 2157 1449 &
2171 1408 2249 1450 de·

1274 1466 1477 1508 votissimo
1489 1467 1650 1519 Populo
1662 1468 1901 1507 Sanctorum
1916 1466 2240 1516 Litaniis,Deum

1273 1523 1486 1576 Optimum
1500 1523 1721 1564 Maximum
1738 1535 1812 1576 per
1826 1527 2003 1565 omnium
2021 1523 2251 1567 electorum.
2274 1553 2277 1556 -

1272 1579 1434 1622 suorum
1454 1579 1599 1622 merita
1622 1582 1780 1635 precati
1797 1579 1931 1625 sumus
1947 1607 1962 1632 2
1980 1592 2024 1624 ut
2042 1582 2248 1627 Sedium„

1273 1637 1428 1681 suarum
1458 1636 1692 1682 assistricem
1723 1639 1956 1696 sapientiam
1992 1642 2034 1684 in
2069 1656 2143 1685 cor
2169 1655 2248 1692 no-,

1271 1697 1392 1740 strum
1410 1697 1629 1742 immittere
1639 1700 1891 1754 dignaretur.
1903 1703 2093 1757 Cumque
2108 1700 2242 1743 adhue

1271 1757 1477 1802 instantius
1490 1770 1566 1811 pro
1589 1768 1789 1814 exoptatae
1804 1761 2030 1803 Sententiae
2046 1760 2242 1815 prolatio?

1269 1830 1320 1861 ne
1332 1816 1382 1858 ab
1399 1816 1545 1860 eodem
1561 1818 1773 1860 Cardinali
1803 1821 2049 1862 Promotore
2065 1833 2235 1875 urgere·

1268 1889 1358 1919 mur
1374 1904 1389 1926 ,
1405 1879 1491 1920 Nos
1506 1877 1657 1919 iterum
1672 1877 1713 1919 in
1733 1891 1865 1933 genua
1896 1877 2134 1934 provoluti,
2159 1881 2238 1922 Pa-

1267 1935 1456 1980 raclitum
1503 1936 1699 1990 Spiritum
1725 1938 1912 1981 Sanfiium
1941 1940 2112 1992 Hymno
2137 1963 2153 1987 ,
2192 1938 2235 1980 δι

1266 1995 1468 2039 Oratione
1491 1992 1656 2038 solemni
1682 1997 1943 2052 rogavimus,
1972 2006 2018 2040 ut
2045 1994 2144 2040 lucis
2164 1995 2240 2040 suae

1265 2055 1427 2099 radium
1452 2055 1640 2099 emittens
1666 2082 1682 2107 ,
1699 2057 1860 2100 vmentis
1885 2055 2023 2100 nosttae
2047 2055 2236 2106 tenebras

1264 2114 1518 2167 discuteret.‚
1544 2114 1878 2169 &trepidantem
1895 2115 2028 2159 adhuc
2043 2115 2240 2172 fragilita·

1264 2184 1347 2219 tem
1373 2174 1548 2219 nostram
1577 2173 1738 2217 virtutis
1766 2175 1839 2219 suoe
1851 2177 2001 2219 robore
2015 2175 2238 2227 confirmas

1261 2244 1354 2279 ret.
1371 2234 1556 2291 Denique
1570 2232 1620 2280 ad
1643 2234 1870 2289 reiteratas,
1884 2237 1922 2278 8ι
1938 2234 2235 2294 instantissimas

1262 2292 1547 2352 praemifforum
1563 2291 1861 2338 obsecrationes
1873 2323 1887 2347 ,
1921 2294 2018 2351 quin
2031 2291 2168 2352 potitis
2181 2294 2233 2339 ad

1261 2351 1470 2399 manifesta
1497 2354 1687 2398 universae
1698 2354 1928 2398 Catholicae
1955 2354 2142 2399 Ecclefiae
2159 2367 2236 2397 vo·

1262 2424 1305 2458 ta
1322 2442 1339 2466 ,
1353 2412 1404 2455 ad
1429 2423 1608 2457 maturas
1622 2413 1942 2458 deliberationes
1972 2413 2053 2472 rite
2079 2413 2237 2471 preha-

1261 2473 1364 2517 bitas
1381 2501 1397 2524 ,
1410 2474 1451 2516 &
1462 2472 1714 2518 declaratum
1729 2472 1968 2531 jampridem
1986 2471 2235 2523 Ecclefiassi÷

1260 2533 1298 2577 ci
1312 2530 1481 2576 Senatus
1495 2533 1703 2578 confilium
1720 2532 1992 2591 respicientes,
2007 2531 2137 2590 eaque
2163 2546 2235 2582 aue

1258 2595 1450 2638 &oritate
1466 2589 1765 2647 suffulti‚quam
1781 2591 1979 2635 Dominus
1999 2593 2148 2637 Noster
2157 2593 2234 2647 Je-

1258 2651 1321 2694 sus
1348 2649 1532 2692 Christus
1563 2649 1803 2692 Beatissimis
1829 2648 2032 2705 Apostolis
2047 2650 2231 2693 Petro&

1259 2707 1391 2752 Paulo
1405 2734 1420 2755 ,
1435 2705 1645 2763 Nobisque
1662 2733 1678 2756 ‚
1699 2708 1799 2751 lieet
1819 2708 2139 2760 immerentibus,
2157 2709 2233 2753 tri·.

1256 2766 1373 2817 buit,
1388 2765 1429 2808 in
1453 2766 1647 2809 honorem
1661 2769 1826 2818 Sanc‘tae,
1839 2767 1879 2808 δι
1894 2765 2118 2810 Individuae
2136 2768 2232 2809 Tri-

1257 2825 1423 2876 nitatis,
1450 2824 1560 2867 Fidei
1587 2824 1817 2868 Catholicae
1847 2824 2168 2874 exaltationem,
2188 2827 2228 2868 δι

1255 2883 1491 2929 Christiana:
1508 2883 1737 2940 Religionis
1760 2895 2051 2941 augmentum,
2075 2883 2225 2930 defini-

1254 2943 1342 2987 tivo
1358 2942 1628 3000 pronunciato
1646 2945 1850 2997 Decreto,
1883 2945 2116 3002 proedietum
2146 2945 2226 2988 Pe·

1253 3013 1364 3047 trum
1391 3001 1638 3059 Regalatum
1652 3030 1666 3055 ,
1680 3003 1847 3047 Ordinis
1866 3006 2072 3048 Minorum
2088 3002 2224 3054 Sancti

1257 3062 1455 3106 Francisci
1474 3061 1738 3106 Sacerdotem
1765 3062 1950 3119 expresse
1978 3061 2223 3115 Proseisum‚

1253 3121 1467 3178 Regularis
1490 3119 1710 3178 discipline
1731 3122 2012 3178 adsertorem,
2035 3124 2076 3168 Bt
2097 3121 2227 3168 vindi·

1253 3196 1343 3226 cem
1359 3210 1374 3233 ,
1399 3180 1724 3224 Christianarum
1748 3181 1946 3227 virtutum
1967 3182 2190 3239 prestantia
2204 3208 2220 3233 ,

1250 3243 1292 3285 δι
1309 3240 1600 3285 Miraculorum
1616 3240 1746 3297 gloria
1764 3238 2015 3299 fulgentem,
2031 3245 2107 3290 una
2127 3254 2222 3285 eum

1251 3300 1487 3358 supradietis
1512 3299 1641 3344 Pidcli
1666 3327 1681 3351 ‚
1710 3301 1892 3346 Camillo
1915 3327 1930 3351 a
1949 3298 2152 3359 josepho,
2181 3300 2222 3342 δι

1250 3360 1473 3404 catharina
1494 3387 1508 3411 ,
1524 3362 1713 3404 sanetum
1729 3356 1808 3404 effe
1825 3358 2123 3410 deelaravimus
2138 3386 2151 3411 ,
2183 3359 2225 3401 δε

1250 3420 1490 3465 δεηᾶοωηι
1505 3417 1714 3476 Catalogo
1734 3418 2033 3480 adl'cripfimus3
2049 3416 2222 3471 statuen-

1250 3490 1310 3522 tes
1341 3477 1457 3535 iplius
1486 3479 1597 3522 Petri
1642 3478 1875 3525 memoriam
1916 3477 2025 3522 inter
2050 3478 2219 3530 sanctos

1251 3535 1508 3583 consessores
1527 3551 1607 3581 non
1625 3535 1844 3582 Pontifices
1857 3538 1907 3583 ab
1927 3535 2108 3582 Ecclefia
2128 3533 2219 3581 uni-

1251 3594 1395 3641 versali
1424 3598 1638 3654 quotannis
1653 3595 1720 3641 die
1738 3609 1785 3643 xi
1800 3610 1812 3640 t
1829 3608 1864 3639 r.
1886 3595 1983 3651 Maii
2010 3596 2072 3652 pia
2089 3595 2222 3642 devo—

1249 3657 1362 3701 tione
1392 3656 1515 3700 recoli
1530 3655 1714 3707 debere;
1744 3655 1783 3699 in
1799 3655 2154 3709 Nomine-Patris,
2179 3655 2219 3698 δε

1246 3715 1338 3761 Filii
1349 3742 1364 3767 ,
1379 3717 1420 3760 δι
1432 3714 1603 3772 Spiritus
1615 3714 1749 3760 Sancti
1765 3743 1777 3755 .
1875 3764 1877 3767 .

1358 3778 1459 3822 Mox
1483 3772 1704 3819 decantato
1727 3787 1802 3830 pro
1832 3773 1972 3823 debita
1998 3772 2214 3834 gratiarum

2035 3834 2157 3879 aetio·
