2444 4192
423 199 604 283 440
1022 249 1026 251 -

485 395 1823 545 INNOCENTIUS
1923 401 2210 547 XII.

347 630 683 698 Neapolitanus
701 666 719 689 ,
750 631 970 682 Antonius
997 630 1260 703 Pignaetellus
1278 633 1401 700 μύω·
1431 648 1613 683 vocatus
1634 667 1650 690 ,
1684 631 1734 680 S.
1762 631 1826 680 R.
1859 628 1911 678 Ε.
1938 629 2163 691 Presbyter
2193 634 2340 684 Cardi-

343 695 351 699 ’
410 705 523 752 nelis
555 705 631 750 tit.
667 702 714 752 S.
729 702 951 755 Pam-retii
977 738 995 762 ,
1029 723 1079 753 ac
1103 701 1448 770 Archiepifiopus
1471 701 1783 770 Neapolitanus
1818 717 1892 749 12.
1915 699 2033 757 Iulii
2062 710 2127 750 16
2126 719 2211 758 91.
2248 707 2344 753 uni-

412 771 581 839 verfirli
620 774 852 823 militantis
886 773 1076 844 Ecclefiae
1100 778 1298 843 regimini
1327 773 1524 840 presedit
1552 808 1569 831 ,
1604 773 1769 841 ejusque
1790 771 1975 839 vigilias
1997 785 2075 837 per
2097 791 2151 832 9.
2177 790 2339 833 annos,

419 861 466 891 2·
491 841 644 910 ’τευ-[ξε
655 877 675 902 ,
694 845 751 894 (θ’
775 845 866 896 dies
896 865 974 908 17.
1002 849 1262 895 continuatas
1278 879 1296 904 ,
1323 846 1407 893 28.
1435 843 1689 910 Septembris
1721 860 1866 903 1700.
1895 840 2085 908 absol-vit
2098 878 2116 903 ,
2138 846 2185 892 in
2219 842 2341 895 Vati·

404 930 504 961 cano
533 915 764 981 tumulatus
777 954 792 968 .

335 1043 742 1095 canonizationem
759 1048 815 1096 B.
834 1046 1061 1100 Paschalis
1089 1044 1146 1094 de
1179 1047 1302 1109 Bay·

402 1117 482 1164 lon
499 1113 623 1166 Ord.
642 1116 884 1168 Minorum
906 1116 1300 1169 Discalceatorum

401 1184 460 1235 ab
486 1187 624 1236 Alex.
657 1189 810 1238 vm.
833 1188 1064 1257 perastam
1095 1185 1300 1254 promul-

399 1270 483 1325 gat
492 1292 510 1315 ,
525 1254 575 1308 ἀ
589 1254 874 1309 visitantibus
885 1263 981 1323 eJus
991 1255 1297 1326 Sepulchrum

400 1326 709 1396 indulgentias
720 1329 916 1400 largitur
930 1366 945 1380 .

283 1502 286 1506 ,
362 1455 854 1512 INNOCENTIUS
888 1455 1258 1510 EPISCOPUS

516 1577 691 1619 Senvus
721 1574 977 1615 Senvoaun
1011 1572 1125 1612 Det.

470 1685 542 1728 Ad
556 1695 791 1743 perpetuen
812 1689 876 1731 rei
887 1687 1113 1731 memoriam
1132 1712 1146 1726 .

451 1803 597 1847 Ationi
610 1805 824 1863 congruit,
836 1807 878 1849 δι
887 1804 1083 1850 convenit
1096 1798 1294 1860 equitati,

466 1871 514 1907 ut
527 1877 607 1915 cs,
629 1877 715 1922 quae
736 1864 911 1908 Romani
926 1861 1134 1907 Pontificis
1153 1859 1295 1918 provi-

317 1923 371 1966 da
382 1921 681 1967 deliberatione
692 1951 708 1975 ‚
721 1937 770 1966 ac
782 1922 1088 1967 Venerabilium
1099 1923 1291 1965 Fratrum

314 1979 480 2024 suornm
504 1980 964 2025 §.R-Efflfflinalium
989 2007 1006 2031 ‚
1029 1992 1187 2025 necnon
1215 1979 1294 2043 Pa-

318 2040 588 2082 triarcharum
599 2067 616 2090 ,
640 2039 1058 2096 'Archiepiscoporum
1074 2066 1088 2088 ‚
1116 2039 1158 2080 δι
1175 2034 1291 2091 Epis·

316 2110 544 2155 coporum,
568 2106 667 2141 tunc
690 2096 731 2141 in
758 2099 950 2146 Romana
969 2097 1098 2143 Curia
1109 2108 1291 2140 commo-

312 2157 494 2200 rantium
507 2184 524 2209 ‚
536 2155 714 2201 umnimi
728 2156 902 2202 confilio
912 2156 1094 2210 decreta,
1104 2151 1290 2204 definita,

313 2216 358 2259 δι
376 2215 518 2260 statuta
530 2212 697 2260 fixerunt
710 2243 728 2269 ,
740 2215 839 2260 lieet
851 2215 970 2275 ipfius
984 2214 1287 2273 superveniente

313 2275 427 2319 obitu
460 2274 606 2319 Literae
625 2273 867 2332 apostolice
903 2273 1076 2332 desuper
1094 2270 1287 2316 conscetoe

313 2348 398 2378 non
421 2331 571 2378 suerint
595 2361 611 2384 ,
638 2331 750 2378 {itum
776 2332 965 2379 debitum
986 2333 1284 2390 consequantur

312 2393 495 2437 effectum
509 2421 524 2435 .
608 2408 612 2411 ·
696 2420 701 2422 s

366 2452 408 2502 §-
430 2465 463 2495 ι.
524 2451 692 2497 Dudum
716 2452 907 2511 liquidem
923 2450 1170 2498 sel-record.
1185 2450 1284 2496 Alc·

310 2510 466 2554 under
478 2512 533 2555 Pa
601 2513 720 2556 vm.
743 2511 1006 2559 Proedeccffor
1028 2511 1191 2562 noster,
1217 2512 1281 2567 pia

308 2569 445 2615 secum
455 2582 522 2613 me
554 2569 724 2615 itatione
742 2571 1000 2619 considerans
1014 2596 1031 2620 a
1052 2569 1164 2627 quod
1180 2570 1284 2614 Uni-

308 2627 1101 2746 tzsszffisstratfflwzssff
1117 2626 1284 2728 ᾔτει

764 2714 782 2739 2

308 2744 480 2788 bominis
493 2743 532 2787 in
545 2753 667 2788 utero
678 2742 859 2802 Virginis
870 2756 972 2789 caro
983 2740 1110 2788 sactus
1124 2772 1139 2797 ‚
1153 2740 1278 2789 seme·

306 2803 452 2858 tipsum
463 2801 712 2858 exinanivit,
729 2802 924 2860 obediens
949 2800 1072 2861 usque
1096 2802 1147 2846 ad
1162 2817 1277 2848 mor-

306 2872 421 2910 tem,
444 2870 615 2906 mortem
626 2871 761 2905 autem
781 2862 958 2914 Crucis,
981 2872 1029 2907 ut
1056 2874 1181 2918 genus
1199 2865 1274 2907 bu·

309 2932 473 2962 manum
486 2929 567 2963 tam
582 2918 765 2970 ineffabili
774 2921 995 2966 escitatum
1005 2921 1193 2978 exemplo
1203 2933 1274 2979 per

306 2977 549 3022 humilitatis
562 2978 719 3023 semitas
731 2975 865 3023 secum
894 2979 946 3023 ad
970 2989 1124 3024 aeternae
1165 2981 1274 3024 loric

306 3037 503 3082 essltarct
526 3030 801 3093 consortium,
832 3039 942 3084 baud
966 3040 1061 3083 raro
1090 3041 1127 3083 in
1161 3053 1274 3092 rme,

302 3093 492 3152 ignobilia
506 3124 524 3150 ,
535 3097 576 3144 ,δι
588 3097 910 3154 contemptibilia
927 3098 1069 3142 Mundi
1083 3098 1214 3155 eligit,
1225 3109 1272 3142 ut

303 3153 425 3198 fortia
438 3169 606 3213 qunque
621 3154 840 3200 confundat
856 3184 872 3208 ‚
902 3158 942 3201 δι
966 3171 1045 3201 non
1071 3157 1272 3214 glorietur

303 3214 433 3257 omnis
447 3228 544 3259 caro
570 3214 608 3258 in
624 3212 839 3272 conspeetu
855 3214 940 3272 ejus
953 3245 968 3269 ‚
993 3230 1040 3259 ac
1056 3228 1268 3274 propterca

305 3284 584 3329 paupertatem
608 3272 795 3328 divitiis,
824 3275 1121 3332 ignobilitatem
1148 3276 1263 3319 nobi·

304 3334 433 3381 litati,
446 3332 484 3375 fit
499 3329 689 3388 simplicis
700 3332 818 3376 autimi
834 3333 1109 3378 demimonem
1124 3334 1266 3378 elatio·

302 3391 343 3432 ni
355 3392 619 3447 cogitantium
635 3389 816 3436 sublimia
833 3406 1064 3450 preponens
1081 3422 1095 3445 ‚
1118 3394 1265 3448 sapien·

303 3450 399 3491 tiam
413 3478 426 3497 .
442 3451 480 3492 Ge
495 3449 664 3506 gloriam
680 3449 793 3506 buius
808 3451 965 3502 Soecnli,
980 3450 1139 3508 ejusque
1156 3453 1267 3495 Prin·

300 3510 432 3560 cipum
459 3506 649 3563 despicit,
682 3509 822 3553 humili
848 3510 987 3567 spiritu
1000 3539 1014 3563 ‚
1045 3512 1086 3553 δι
1111 3510 1267 3554 sincero

299 3566 434 3608 cordis
455 3565 675 3611 delectatus
691 3566 828 3612 affeetu
842 3598 854 3611 .
889 3572 1002 3614 inter
1014 3568 1117 3613 alios
1130 3580 1265 3614 autem

299 3637 348 3667 ex
373 3620 594 3675 hujusmodi
620 3625 857 3671 conditione
887 3627 1050 3673 selecto·
1075 3657 1089 3680 ,
1123 3629 1266 3685 quibus

302 3680 519 3727 Ecclesiam
534 3683 640 3723 sunm
654 3712 667 3733 ,
696 3700 814 3742 quam
830 3687 1058 3731 humilitate
1075 3688 1161 3731 vult
1176 3703 1263 3731 crc-

302 3741 407 3782 scere
422 3769 434 3790 ,
452 3737 702 3796 secundavit,
716 3752 898 3787 antcaa'io
913 3747 1068 3790 „sa-culo
1082 3748 1260 3802 prxllan·

298 3799 483 3852 tillimum
502 3799 683 3845 exaltate
703 3803 935 3848 humilitatis
950 3806 1155 3862 exemplar
1168 3820 1259 3849 erc·

1359 1040 1418 1082 xit
1432 1039 1471 1082 in
1495 1038 1566 1083 suo
1581 1038 1692 1082 fideli
1706 1042 1839 1083 Servo
1853 1039 2042 1084 Paschale
2054 1041 2231 1096 Baylon‚
2244 1041 2339 1084 Lai-

1358 1114 1410 1141 co
1421 1124 1437 1148 ,
1464 1097 1532 1143 seu
1544 1098 1751 1141 Converso
1771 1099 1956 1155 expresse
1987 1099 2156 1155 proseffo
2170 1098 2336 1143 Ordinis

1357 1158 1569 1202 Minorum
1578 1156 1821 1201 &francisci
1833 1158 1886 1203 de
1899 1157 2338 1211 Observantia,Disca1-

1357 1226 1569 1261 ceatorum
1595 1226 1921 1272 nuncupatorum
1935 1246 1950 1270 ‚
1978 1232 2097 1274 quem
2119 1217 2334 1262 humilibus

1359 1289 1537 1331 genere,
1567 1276 1608 1317 δι
1632 1274 1728 1316 loco
1751 1284 1917 1328 natum,
1942 1275 2332 1333 custodiendisque,

1355 1334 1505 1378 ovibus
1517 1332 1892 1386 addietum‚sustulit
1905 1334 1958 1378 de
1971 1335 2161 1391 gregibus
2174 1336 2333 1388 ovium,

1353 1394 1394 1436 δι
1420 1393 1472 1436 de
1483 1392 1568 1450 poll
1582 1390 1774 1435 foetantes
1789 1394 1976 1449 accepit,
2005 1394 2331 1451 implevitquu

1354 1452 1506 1505 Spiritu
1524 1450 1735 1505 Sapientiae
1750 1478 1764 1500 ,
1788 1452 1829 1492 &
1845 1451 2071 1493 intellectus
2090 1480 2107 1502 ,
2121 1461 2166 1494 ut
2180 1479 2196 1501 ‚
2208 1465 2331 1507 quem

1354 1506 1566 1548 suscitarat
1597 1508 1651 1549 de
1671 1514 1783 1547 terra
1815 1508 1973 1561 inopem
1989 1538 2006 1560 ,
2037 1508 2259 1552 collocaret
2289 1509 2330 1552 in

1354 1563 1485 1606 Coelo
1497 1577 1588 1605 cum
1606 1563 1858 1618 Principibus
1871 1566 2019 1621 Populi
2047 1567 2103 1610 sui
2117 1595 2130 1609 .
2161 1566 2327 1624 Quibus

1353 1622 1406 1664 de
1421 1622 1541 1664 rebus
1551 1623 1708 1665 certior
1718 1619 1843 1667 faetus
1859 1623 1966 1667 idem
1981 1625 2212 1670 Alexander
2223 1628 2330 1668 Ρω-

1351 1681 1530 1724 decessor
1539 1692 1591 1723 ex
1605 1681 1849 1737 proeeffibus
1865 1679 2052 1739 diligenti
2068 1685 2323 1741 inquifitionc

1352 1734 1545 1783 confectis
1558 1741 1598 1782 δι
1611 1740 1746 1784 sedula
1755 1740 1991 1787 discussione
2001 1744 2235 1787 examinatis
2246 1769 2260 1792 a
2273 1757 2324 1786 ex

1353 1799 1499 1855 quibus
1515 1799 1567 1842 de
1580 1800 1689 1843 illius
1704 1802 1795 1842 vitae
1806 1798 2007 1846 stnflitate
2019 1829 2034 1852 ‚
2066 1805 2107 1847 &
2120 1801 2326 1846 miraculis

1354 1857 1404 1900 ad
1435 1856 1514 1912 ejus
1547 1858 1862 1902 interceffionem
1903 1863 2076 1917 patratis
2113 1863 2327 1905 evidenter

1354 1917 1533 1960 constare
1558 1918 1739 1974 percepit
1752 1944 1767 1967 ‚
1793 1920 1959 1962 Beatum
1987 1922 2129 1963 Virum
2155 1922 2328 1966 Sancto·

1354 1989 1446 2018 rum
1478 1974 1572 2019 albo
1599 1975 1835 2020 solemniter
1864 1978 2067 2035 adscriplit
2083 2008 2100 2034 ,
2122 1981 2260 2023 animo
2273 1993 2323 2023 cx

1353 2043 1448 2078 tunc
1475 2035 1684 2078 revolvens
1709 2034 1927 2092 hujusmodi
1952 2038 2040 2083 vitae
2062 2065 2078 2088 ‚
2105 2038 2322 2082 miraculo-

1350 2107 1465 2144 rum,
1487 2092 1527 2135 δι
1541 2096 1719 2136 aetorum
1734 2094 1924 2139 summam
1941 2097 2167 2142 Catholicae
2181 2098 2320 2142 Eccle-

1350 2152 1408 2194 fiae
1424 2160 1562 2195 notam
1579 2150 1716 2197 facere
1731 2181 1746 2205 ,
1761 2153 1891 2212 quod,
1904 2170 1995 2199 cum
2018 2156 2099 2213 ipse
2114 2185 2128 2209 ,
2146 2165 2319 2203 morte...-

1347 2220 1573 2268 praeventus
1587 2240 1604 2263 ,
1617 2226 1697 2255 non
1710 2213 1949 2270 expleverit,
1961 2218 2067 2268 Nos,
2080 2216 2149 2272 qui
2167 2215 2316 2260 Divina

1346 2269 1580 2327 disponente
1594 2270 1826 2316 Clementia
1846 2272 1887 2316 in
1900 2272 1983 2331 ejus
1999 2273 2135 2318 locum
2162 2270 2317 2318 succes-

1346 2328 1486 2380 fimns,
1505 2328 1725 2386 hujusmodi
1742 2331 1883 2375 seriem
1908 2347 1960 2377 ex
1975 2333 2203 2376 memoratis
2215 2344 2317 2389 pro<

1344 2388 1511 2433 cestibus
1523 2389 1717 2433 ‘breviter
1728 2388 1977 2448 desumptam
1991 2422 2007 2445 ‚
2031 2392 2071 2436 in
2084 2392 2189 2436 hunc
2201 2418 2215 2441 ‚
2241 2393 2313 2450 qui

1342 2448 1520 2506 sequitur
1530 2474 1546 2499 ,
1562 2447 1754 2501 modum,
1777 2450 1828 2493 ad
1840 2461 2076 2507 perpetuam
2090 2451 2150 2496 rei
2163 2465 2313 2497 memo-

1345 2508 1447 2550 riam
1460 2506 1649 2551 duximus
1665 2509 1933 2553 enarrandam
1945 2539 1958 2553 .

1408 2566 1448 2615 §-
1460 2577 1498 2608 2.
1558 2568 1684 2611 Anno
1694 2570 1716 2610 ὁ
1730 2568 1849 2608 Partu
1862 2569 2040 2624 Virginis
2059 2582 2179 2623 ¹540·
2189 2574 2315 2615 Sacro

1342 2634 1586 2667 recurrente
1598 2625 1653 2666 Fe
1660 2623 1718 2666 no
1731 2624 1983 2670 Pentecostes
1996 2653 2010 2677 ‚
2033 2637 2151 2671 natus
2168 2628 2223 2672 est
2236 2629 2313 2673 Dei

1339 2686 1486 2727 Servus
1507 2683 1547 2725 in
1561 2680 1724 2740 Oppido
1744 2685 1881 2728 Turris
1895 2686 2103 2746 Formosie,
2114 2686 2313 2732 Dioecelis

1339 2743 1567 2799 Seguntiae
1582 2741 1621 2784 in
1640 2743 1784 2798 Regno
1798 2745 2010 2800 Aragonioe
2023 2774 2038 2798 ,
2056 2758 2105 2787 cx
2123 2745 2311 2792 Catholi-

1336 2802 1395 2844 cis
1409 2829 1424 2852 ‚
1447 2798 1509 2843 sed
1524 2800 1766 2856 pauperibus
1781 2803 2017 2848 Parentibus
2029 2828 2045 2854 2
2068 2802 2307 2862 ablutusque

1334 2857 1410 2902 fuit
1424 2873 1526 2916 aqua
1541 2856 1787 2914 Baptismatis
1802 2889 1817 2914 ,
1831 2862 1868 2904 δι
1884 2863 2134 2920 procedente
2149 2872 2306 2922 tempo-

1333 2933 1379 2962 re
1390 2922 1513 2963 Sacro
1527 2918 1760 2963 Chrismate
1773 2948 1786 2960 .

1392 2978 1432 3027 §-
1448 2993 1487 3035 3.
1550 2980 1586 3019 A
1601 2979 1750 3022 teneris
1763 2980 1873 3023 annis
1887 2981 2035 3038 insigne
2050 2981 2191 3027 futura:
2203 2983 2303 3026 San-

1332 3037 1478 3080 etitatis
1505 3034 1704 3089 specimen
1730 3038 1847 3082 dedit
1862 3065 1876 3088 2
1913 3042 2009 3086 dum
2039 3042 2171 3085 adhuc
2198 3056 2299 3100 puer

1331 3092 1600 3154 quascumque
1622 3096 1765 3139 mundi
1787 3096 2023 3153 illecebras,
2052 3103 2092 3145 8ι
2114 3099 2301 3146 innoxios

1331 3156 1453 3198 etiam
1470 3154 1548 3211 ejus
1562 3156 1689 3199 :etatis
1702 3182 1715 3205 ‚
1742 3157 1782 3200 δι
1808 3158 2054 3207 conditionis
2079 3159 2199 3204 ludos
2211 3187 2228 3213 ,
2257 3159 2299 3202 δι

1330 3214 1643 3259 exercitationes
1671 3212 1958 3272 aspernabatur
1983 3247 1995 3260 .
2028 3218 2175 3261 Abiens
2210 3218 2297 3274 post

1328 3272 1487 3329 telligit
1505 3286 1669 3330 gregum
1683 3302 1699 3327 ‚
1726 3290 1901 3332 quorum
1925 3275 2109 3319 custodie
2129 3287 2293 3332 paterna

1325 3332 1439 3375 illum
1453 3332 1591 3389 inopia
1607 3332 1870 3379 destinaverat
1883 3359 1897 3384 ‚
1914 3333 2052 3379 sedulo
2064 3334 2294 3391 satagebat,

1327 3406 1374 3434 ne
1389 3390 1465 3435 illie
1480 3390 1619 3434 alicnis
1633 3393 1738 3449 agris
1752 3421 1768 3444 ,
1800 3393 1862 3437 vel
1889 3391 2041 3449 pascuis
2064 3393 2290 3440 damnum..

1326 3450 1490 3507 aliquod
1508 3447 1702 3495 inferrent
1716 3480 1727 3494 .
1746 3451 1956 3495 Virtutum
1974 3451 2111 3495 cultor
2125 3453 2290 3496 eximius

1325 3508 1533 3562 omioni,
1545 3509 1810 3561 abstinentie,
1826 3509 2051 3567 pudicitie,
2081 3513 2118 3552 &
2133 3512 2292 3556 [ilentio

1327 3568 1487 3613 deditus
1503 3594 1517 3617 ,
1543 3566 1812 3625 tljursmentis
1829 3596 1843 3619 ‚
1875 3568 2092 3612 mendaciis
2106 3598 2120 3622 ‚
2149 3572 2290 3615 detra.

1325 3626 1523 3670 (tionibus
1537 3652 1550 3674 ,
1564 3639 1610 3670 ac
1625 3626 1737 3671 vanis
1750 3652 1764 3675 ‚
1794 3628 1831 3669 8(
1846 3626 1981 3671 otiosis
1993 3629 2121 3672 verbis
2134 3632 2290 3685 penitus

1324 3686 1540 3729 abstinebat
1551 3710 1565 3733 ‚
1580 3698 1626 3729 ac
1639 3683 1766 3727 socios
1780 3684 1829 3727 nd
1843 3685 1984 3729 odium
1999 3691 2172 3741 pcccati,
2190 3689 2289 3732 Dei·

1321 3759 1399 3800 «μισ
1418 3742 1702 3798 Religionem,
1723 3744 1758 3784 δι’
1774 3758 1949 3788 amorem
1964 3772 1979 3795 ,
2004 3760 2048 3788 nc
2077 3749 2115 3789 in
2140 3748 2210 3790 Dei
2242 3763 2286 3791 a-

1323 3817 1406 3847 ram
1419 3804 1624 3859 pictatem,
1637 3803 1716 3860 qus
1734 3802 1854 3847 verbo
1867 3832 1881 3855 ‚
1896 3807 1973 3862 qui
1993 3805 2180 3862 exemplo
2224 3821 2288 3850 ua·

2127 3875 2230 3909 viter
