2444 4192
922 182 1478 304 Appendix.

212 348 277 404 gia
290 371 304 395 2
324 343 628 388 &dissensiones
642 371 654 384 .
686 345 907 395 Propterea
928 340 1069 382 volens
1094 340 1170 380 hu-

213 404 383 463 jusmodi
395 404 587 446 scandalis
600 416 652 443 ex
665 400 806 442 debito
820 397 876 440 sui
887 401 1060 439 muneris
1073 409 1171 450 pro-

215 463 354 507 videre
365 490 378 511 ³
392 462 576 505 decrevit
589 486 604 509 ,
616 462 656 501 δι
668 455 856 513 praecepit
870 482 885 506 ,
907 469 950 496 ac
974 453 1171 510 praesentis

212 523 368 565 decreti
391 521 544 564 virtute
558 517 745 565 mandat,
772 514 813 554 δι
838 514 1015 568 praecipit
1038 510 1170 552 omni-

211 581 285 623 bus
296 582 358 630 ,δι
375 579 532 635 lingulis
548 573 718 632 cujusvis
736 570 899 613 Ordinis
911 597 925 620 ‚
937 572 978 610 δι
992 566 1169 610 Instituti

211 632 506 695 Regularibus,
531 638 569 678 &
594 633 683 676 aliis
695 628 994 687 quibuscunque
1010 655 1023 676 ‚
1048 636 1170 667 tam-2

216 696 504 741 Ecclefiassicis
525 724 539 748 ,
567 694 685 750 quam
713 686 973 732 Saecularibus
992 683 1171 727 Petronis

216 755 383 812 cujusvis
397 752 641 798 conditionis
659 777 674 800 ,
701 743 818 790 statiis
831 774 846 798 ,
859 742 1003 801 gradus
1017 770 1032 793 ‚
1054 740 1171 783 ordi·

212 815 274 857 nis
293 843 307 866 ‚
323 824 389 856 aut
405 810 630 870 dignitatis,
646 818 727 851 tam
747 803 1036 852 Ecclefifflicoe,
1049 800 1172 856 quim

213 872 418 916 Saecularis
429 899 444 924 ,
459 870 606 913 eliamfi
622 864 799 922 specialis
815 892 828 914 ‚
840 860 1021 918 specifica
1035 887 1051 911 ,
1062 860 1101 901 δι
1115 859 1172 900 in·

213 931 378 973 dividua
390 943 526 972 earum
550 924 643 969 esset
676 919 890 967 necessarii)
924 921 1081 962 mentio
1114 914 1174 957 fa-

217 990 363 1034 cienda
378 1012 391 1035 ,
415 998 459 1032 ut
472 986 709 1043 inposterum
723 1011 737 1034 ,
753 982 884 1023 donee
897 976 1082 1021 articulus
1098 977 1175 1018 hu-

215 1047 389 1104 jusmodi
402 1048 426 1092 a
445 1048 584 1090 Sancta
600 1043 704 1086 Sede
717 1041 949 1096 Apostolica
966 1031 1177 1079 fueritdif-

212 1106 353 1151 finitus
365 1132 380 1156 ‚
415 1105 482 1148 vel
502 1119 578 1160 per
592 1102 849 1145 sanctitatem
864 1103 983 1143 Suam
998 1125 1014 1147 ,
1041 1098 1078 1137 δι
1107 1095 1179 1136 Se-

214 1166 308 1209 dcm
333 1162 602 1219 Apostolicam
625 1159 741 1201 fuerit
768 1158 888 1201 aliter
914 1156 1148 1198 ordinatum
1162 1177 1178 1202 ‚

216 1237 295 1266 non
311 1222 483 1266 audeant
496 1221 538 1262 in
553 1218 722 1275 publicis
737 1216 998 1260 concionibus
1013 1242 1027 1266 ,
1039 1211 1179 1255 1οᾶἰο-

210 1280 326 1323 nibus
339 1307 354 1329 ‚
367 1277 688 1321 conclusionibus
702 1303 718 1324 ,
748 1276 788 1315 &
813 1275 899 1317 aliis
923 1273 1177 1328 quibuscum·

211 1351 288 1394 que
302 1335 451 1379 actibus
465 1332 637 1390 publicis
647 1329 813 1373 asserere
826 1359 843 1380 ,
862 1330 973 1386 quod
996 1328 1179 1371 eadem.»

215 1392 436 1440 Beatissima
449 1393 576 1448 Virgo
588 1388 708 1432 fuerit
722 1398 917 1444 concepta
929 1400 1022 1430 cum
1036 1398 1177 1443 pecca-

215 1466 262 1499 to
275 1451 492 1508 originali3
520 1443 865 1493 contrafacientes
890 1455 1023 1488 autem
1036 1446 1178 1485 eadem

219 1514 415 1559 sanctitas
429 1515 509 1555 Sua
525 1506 677 1555 voluit,
687 1506 728 1547 δι
740 1504 963 1548 declaravit
977 1502 1179 1559 subjacere

220 1573 370 1617 debere
381 1596 396 1619 2
422 1570 461 1612 8:
475 1566 639 1625 subjecit
654 1563 827 1608 censuris
842 1592 856 1616 ‚
880 1566 919 1607 &
944 1564 1074 1620 poenis
1089 1574 1183 1604 con·

220 1632 345 1676 tentis
367 1628 405 1671 in
433 1625 664 1682 supradietis
684 1622 1052 1667 Constitutionibus
1091 1618 1183 1662 suo-

219 1704 309 1735 rum
327 1683 656 1732 Praedecess'orum
673 1711 688 1734 ,
708 1685 749 1725 δι
763 1682 828 1726 sua
844 1709 860 1733 ,
883 1681 964 1739 ipso
991 1681 1093 1723 facio
1120 1693 1184 1721 in-

217 1746 439 1793 currendis:
453 1746 528 1788 Per
540 1741 763 1799 hujusmodi
773 1751 906 1784 tamen
920 1739 1184 1797 provifionem

218 1805 415 1853 Sannitas
433 1807 511 1848 Sua
537 1816 617 1845 non
647 1801 822 1846 intendit
841 1801 1059 1858 reprobare
1080 1797 1184 1865 alte-

222 1876 579 1973 zfflffiaffiffl’
590 1859 1186 1975 2:32²:33L‘21225201‘3555l‘2

223 1985 328 2028 flatu
341 1983 404 2035 ,δι
420 1980 604 2024 terminis
616 2007 631 2031 ‚
651 1979 689 2022 in
704 1978 847 2035 quibus
860 1977 913 2021 de
929 1976 1104 2034 praesenti
1124 1990 1188 2018 re-

222 2044 382 2101 peritur
398 2067 412 2089 a
426 2050 692 2097 praeterquam
705 2036 839 2096 quoad
856 2036 968 2093 supra
983 2035 1187 2092 dispofita.

220 2099 409 2150 nitentis
420 2100 488 2143 sub
502 2097 652 2142 eisdem
666 2097 861 2149 censuris,
873 2098 910 2139 &
932 2098 1062 2151 poenis
1076 2108 1188 2136 man-

223 2161 324 2205 dans
335 2187 350 2209 2
381 2158 492 2215 quod
517 2156 740 2213 negativam
762 2156 991 2212 opinionem
1004 2180 1019 2203 ‚
1044 2152 1188 2195 videli-

223 2231 292 2264 cet
306 2247 320 2272 ‚
344 2220 453 2275 quod
478 2231 557 2260 non
570 2214 692 2259 fuerit
706 2225 904 2271 concepta
920 2227 1007 2257 cum
1023 2220 1191 2270 peccato

223 2278 440 2335 originali,
471 2277 510 2319 in
538 2274 732 2332 praedietis
748 2274 918 2332 publicis
933 2272 1084 2315 astibus
1095 2269 1191 2314 affe-

225 2347 361 2383 rentes
376 2366 391 2388 ,
416 2335 537 2379 aliam
562 2334 793 2391 opinionem
817 2348 896 2378 non
924 2332 1162 2389 impugnent
1175 2355 1190 2378 ‚

226 2411 302 2442 nec
316 2396 367 2439 de
379 2410 427 2439 ea
447 2394 585 2450 aliquo
599 2394 721 2437 modo
730 2402 850 2450 agant
866 2421 881 2445 ‚
905 2390 970 2435 seu
986 2395 1163 2434 tractent
1178 2417 1191 2430 .

225 2455 392 2511 Insuper
409 2453 536 2498 voluit
550 2481 564 2504 ‚
577 2453 806 2508 &expresse
820 2451 1025 2494 mandavit
1040 2478 1055 2500 ‚
1070 2461 1112 2492 ut
1129 2461 1195 2491 ex·

226 2524 291 2558 tra
310 2517 382 2556 hos
395 2511 505 2556 casus
530 2511 726 2566 expressos
757 2510 1011 2567 publicorum
1035 2511 1196 2552 actuum

226 2574 270 2616 in
286 2572 450 2627 reliquis
473 2571 660 2610 omnibus
678 2569 906 2624 supradicta:
927 2568 1194 2612 Constitutio-

228 2644 302 2677 nes
329 2628 450 2672 firmat
466 2655 481 2678 ,
503 2627 545 2668 δι
567 2626 690 2669 illaesae
713 2635 980 2675 remaneant,
1007 2623 1197 2669 &exacte

232 2686 499 2733 observentur
511 2684 677 2740 perinde
691 2698 739 2728 ae
753 2686 782 2726 fi
795 2683 959 2739 presens
986 2685 1196 2728 decretum

232 2759 314 2790 non
327 2738 564 2788 emansn'et.
595 2744 649 2785 Et
660 2742 913 2784 itadecrevit
927 2766 943 2789 s
971 2743 1011 2784 δι
1033 2741 1196 2783 manda-

232 2805 294 2848 vit
309 2804 457 2859 ubique
471 2798 764 2844 inviolabiliter
776 2799 1006 2849 observari,
1029 2813 1108 2841 non
1121 2799 1197 2840 ob·

229 2863 426 2907 stantibus
440 2861 480 2907 in
506 2859 579 2902 hac
594 2868 708 2916 parte
726 2856 957 2914 supradietis
988 2856 1201 2900 Constitu·

233 2920 410 2965 tionibus
425 2948 442 2973 ,
453 2919 494 2961 &
509 2918 598 2962 aliis
614 2918 801 2968 omnibus
815 2917 857 2959 in
873 2916 1128 2960 contrarium
1141 2911 1200 2955 fa-

234 2980 434 3026 cientibus
449 2979 532 3020 διε.

292 3038 332 3089 ᾗ.
350 3051 388 3081 2.
448 3037 540 3080 Hoc
564 3030 636 3078 suo
656 3032 836 3093 prasenti
860 3035 1034 3080 decreto
1057 3047 1105 3078 ex
1130 3029 1205 3076 eis-

241 3097 336 3141 dem
353 3093 478 3139 caulis
502 3094 552 3137 ad
568 3093 757 3139 evitanda
772 3095 955 3138 scandala
971 3124 985 3146 ‚
1008 3090 1207 3135 diffenfio·

242 3170 316 3201 nes
327 3180 343 3201 ι
362 3163 483 3212 atque
497 3151 717 3197 discordias
732 3156 772 3198 in
790 3154 943 3210 populo
954 3151 1179 3197 Christiano
1189 3175 1204 3199 ‚

238 3229 326 3272 quae
336 3214 422 3269 pari
436 3212 595 3256 ratione
605 3212 703 3256 oriri
717 3209 891 3270 potsunt,
904 3214 960 3264 δι,
973 3219 1020 3253 ut
1033 3209 1206 3266 accepit,

241 3275 283 3318 in
307 3273 506 3329 aliquibus
539 3271 795 3328 Regionibus
821 3271 898 3328 jam
921 3279 1021 3314 ortae
1047 3267 1136 3313 sunt
1156 3281 1207 3310 ex

242 3331 496 3376 sermonibus
522 3331 691 3387 privatis
708 3360 723 3384 ,
746 3329 956 3376 occasione
989 3325 1207 3370 affertionis

244 3389 489 3433 affirmativae
499 3418 514 3441 ‚
541 3389 756 3442 extendit,
780 3392 820 3433 δε
832 3387 1040 3446 ampliavit
1053 3387 1208 3431 etiam..

244 3447 298 3493 ad
312 3449 467 3503 privata
480 3449 684 3505 colloquia
695 3478 710 3500 ,
735 3451 773 3492 &
786 3448 933 3504 scripta
949 3475 964 3496 ,
986 3446 1179 3488 mandans
1193 3475 1209 3499 ,

247 3508 288 3550 δι
309 3507 535 3563 praecipiens
548 3511 738 3551 omnibus
753 3533 767 3558 2
790 3511 830 3551 &
857 3508 1017 3565 lingulis
1033 3503 1210 3560 supradi-

246 3564 320 3607 ἂῑδ
331 3591 347 3614 2
359 3578 410 3607 ne
422 3566 474 3607 de
483 3575 646 3618 cetero,
660 3568 790 3612 donec
805 3566 995 3610 articulus
1011 3562 1210 3620 hujusmo-

243 3624 325 3668 dia
345 3621 449 3666 Sede
459 3626 691 3678 Apostolica
707 3625 902 3669 diffinitus
914 3655 928 3677 ‚
945 3622 1010 3667 vel
1025 3635 1098 3678 per
1112 3625 1210 3666 San.

244 3683 425 3724 &itatem
437 3685 576 3734 suam,
589 3686 626 3727 δι
641 3686 788 3730 Sedem
801 3684 1073 3742 Apostolicam
1090 3679 1210 3725 fuerit

243 3740 365 3783 aliter
379 3739 611 3783 ordinatum
625 3771 639 3794 ‚
667 3759 794 3801 neque
808 3746 929 3788 etiam
959 3744 998 3787 in
1012 3742 1210 3785 sermoni-

244 3800 320 3843 bus
336 3827 350 3852 2
365 3799 600 3903 ssnscrliptis
626 3803 793 3857 privatis
820 3804 994 3848 audeant
1015 3799 1209 3855 afferere,

397 3872 415 3900 O
458 3883 470 3898 ⁸
538 3888 550 3901 ο

1975 221 2148 304 335-

1229 341 1337 395 quod
1349 340 1489 382 eadem
1506 336 1725 380 Beatiffima
1738 338 1869 392 Virgo
1895 341 2017 384 fuerit
2042 358 2194 386 conce.

1228 408 1298 452 pta
1311 411 1400 438 cum
1416 405 1590 449 peccato
1607 394 1824 449 originali,
1853 409 1928 438 nec
1953 399 2003 439 de
2019 402 2091 442 hac
2102 403 2194 454 opi·

1230 455 1351 498 nione
1370 453 1605 495 affirmativa
1631 452 1766 508 aliquo
1791 454 1918 495 modo
1946 468 2064 509 agere
2086 487 2102 507 ,
2128 457 2197 500 seu

1229 515 1404 555 tractare
1420 538 1434 562 ,
1460 509 1639 565 exceptis
1653 518 1802 560 tamen,
1816 512 1959 567 quibus
1985 513 2009 555 ὲ
2037 515 2077 553 S.
2091 514 2195 556 Sede

1227 570 1456 626 Apostolica
1472 568 1594 610 fuerit
1610 567 1726 622 super
1741 570 1815 611 hoc
1829 569 2050 625 specialiter
2063 570 2196 611 indul-

1228 638 1338 671 tum.
1374 631 1455 670 Per
1476 629 1555 669 hoc
1569 634 1700 668 tamen
1714 630 1909 670 Sanetitas
1923 631 2000 671 Sua
2026 641 2109 668 non
2132 628 2194 670 in-

1229 685 1360 730 tendit
1373 687 1592 740 reprobare
1606 685 1705 727 hanc
1717 687 1944 741 opinionem
1958 713 1973 735 ,
1989 699 2062 729 nec
2076 686 2111 728 ei
2128 685 2194 727 ul-

1230 746 1314 788 lum
1328 743 1488 798 prorsus
1504 742 1777 800 prejudicium
1789 743 1939 787 inferre
1951 758 2063 793 ‚eam
2078 744 2200 786 relin-

1230 816 1353 860 quens
1377 804 1416 844 in
1430 800 1579 845 eisdem
1594 802 1698 845 flatu
1711 831 1725 854 ,
1739 804 1779 845 8ι
1793 804 1988 854 terminis,
2000 803 2042 844 in
2057 804 2199 858 quibus

1233 862 1466 963 2355‘22255
1492 862 2201 963 ‘2‘5551‘3023222252222‘22213'5²1⁰

1294 948 1305 960 ⁸
1469 947 1481 961 o
1672 949 1685 963 0
1701 947 1716 970 3
2184 940 2202 953 ο

1237 981 1263 1023 s
1255 977 1379 1034 polita
1396 1008 1409 1020 .

1294 1038 1333 1088 §-
1350 1051 1390 1093 3.
1450 1035 1683 1094 Eademque
1696 1038 1893 1081 Sanctitas
1908 1041 1986 1081 Sua
2000 1037 2203 1085 volum&

1238 1095 1422 1151 expresse
1436 1096 1643 1139 mandavit
1657 1123 1672 1146 ,
1696 1107 1739 1138 ut
1757 1099 1798 1140 in
1812 1097 1979 1153 reliquis
1993 1097 2178 1138 omnibus
2189 1124 2205 1147 ,

1238 1156 1304 1200 ubi
1339 1154 1565 1211 hujusmodi
1603 1155 1776 1199 decretis
1818 1170 1897 1199 non
1937 1153 2202 1198 adversantur

1238 1213 1561 1258 constitutiones
1576 1214 1675 1258 Sixti
1690 1217 1763 1258 lV.
1776 1243 1791 1265 ,
1807 1214 2028 1258 Alexandri
2046 1216 2120 1257 VI.
2135 1242 2148 1265 ,
2165 1214 2207 1255 &

1239 1275 1299 1316 Pii
1315 1276 1365 1315 V.
1384 1288 1456 1325 ,ac
1473 1274 1587 1317 Pauli
1600 1275 1650 1315 V.
1683 1273 1766 1328 ejus
1792 1272 2128 1317 Praedecefforum
2143 1271 2208 1314 su-

1239 1346 1312 1386 per
1323 1333 1605 1387 Conceptione
1620 1334 1847 1376 Beatiffimae
1866 1333 2048 1388 Virginis
2059 1329 2203 1380 firmae,

1237 1392 1275 1433 &
1290 1389 1454 1432 illibate
1471 1401 1701 1432 remaneant
1715 1418 1729 1439 ‚
1759 1407 1804 1433 ac
1822 1393 1959 1433 exae'te
1984 1388 2206 1431 observen-

1240 1457 1308 1491 tur
1323 1475 1337 1498 ,
1362 1448 1527 1499 perinde
1541 1461 1588 1491 ac
1616 1446 1643 1491 fi
1657 1448 1883 1505 hujusmodi
1896 1449 2103 1492 decretum
2124 1461 2207 1491 non

1240 1504 1449 1550 emaniffet
1464 1535 1477 1548 .

1298 1566 1338 1617 ξ.
1354 1579 1395 1618 4.
1459 1566 1510 1608 Et
1532 1565 1689 1622 insuper
1712 1564 1854 1608 eadem
1870 1565 2067 1610 Sanctitas
2100 1568 2211 1617 Sua,

1242 1639 1334 1668 cum
1349 1627 1492 1669 saneta
1502 1623 1683 1667 Romana
1697 1626 1876 1670 Ecclefia
1907 1625 1959 1668 de
1980 1623 2212 1667 Beatiffimae

1246 1686 1428 1741 Virginis
1445 1684 1728 1741 Conceptione
1744 1686 1901 1729 Festum
1915 1683 2215 1732 solemniter‚&

1244 1744 1421 1787 officium
1436 1745 1613 1788 celebret
1630 1774 1646 1795 ,
1658 1746 1844 1788 omnibus
1859 1772 1873 1793 ,
1888 1746 1929 1787 &
1944 1744 2106 1800 singulis
2123 1756 2217 1798 per·

1246 1806 1348 1847 sonis
1367 1804 1649 1847 Ecclefiasticis
1674 1813 1758 1845 tam
1773 1804 2036 1847 Saecularibus
2051 1831 2065 1852 ‚
2093 1802 2212 1857 quim

1244 1862 1416 1918 cujusvis
1444 1863 1613 1904 Ordinis
1640 1889 1655 1911 ‚
1679 1863 1719 1904 δι
1741 1863 1918 1906 Instituti
1942 1860 2217 1916 Regularibus

1246 1922 1407 1965 mandat
1422 1948 1436 1970 ‚
1452 1936 1496 1964 ac
1513 1922 1694 1978 praecipit
1707 1950 1723 1972 ,
1736 1929 1783 1963 ut
1798 1923 1837 1964 in
1852 1921 2114 1964 sacrosancto
2127 1918 2217 1960 Mis-

1249 1980 1293 2024 sae
1310 1980 1517 2024 sacrificio
1528 2010 1544 2032 ,
1560 1994 1606 2022 ac
1622 1980 1775 2022 Divino
1788 1979 1939 2022 officio
1956 1977 2210 2022 celebrandis

1248 2048 1332 2082 tam
1359 2037 1522 2094 publice
1538 2068 1553 2092 ,
1577 2040 1696 2097 qu‘am
1728 2040 1923 2094 privatim
1951 2066 1966 2090 ,
1994 2050 2074 2080 non
2099 2035 2181 2077 alio
2195 2062 2210 2084 ,

1248 2100 1367 2156 quim
1396 2099 1684 2155 Conceptionis
1723 2098 1884 2140 nominc
1926 2096 1985 2140 uti
2017 2094 2189 2139 debeant
2204 2122 2218 2135 .

1253 2164 1411 2203 Contra
1419 2157 1627 2201 venientes
1641 2204 1649 2212 ‚
1666 2166 1798 2200 sutem
1825 2159 2016 2200 Sanctitas
2042 2157 2121 2198 Sua
2146 2165 2216 2195 vo-

1254 2220 1331 2262 luit
1346 2245 1360 2269 ,
1373 2219 1413 2259 &
1427 2216 1652 2259 declaravit
1667 2214 1872 2269 subjacere
1885 2216 2031 2259 debere
2043 2242 2060 2267 ,
2074 2214 2111 2255 &
2129 2213 2219 2254 sub-

1252 2276 1347 2334 jecit
1360 2274 1562 2325 censuris,
1594 2276 1633 2317 ἃ
1658 2276 1791 2331 poenis
1808 2275 2011 2318 contentis
2027 2275 2067 2315 in
2082 2271 2218 2327 supra·

1250 2335 1367 2380 dietis
1380 2335 1746 2379 Constitutionibus
1763 2363 1778 2386 ,
1808 2348 1854 2377 ac
1870 2332 2037 2387 praefato
2049 2330 2219 2373 decreto

1254 2398 1419 2440 suorum
1435 2390 1769 2438 Praedecefforum
1783 2391 1870 2449 ipso
1890 2391 1996 2435 facto
2010 2392 2220 2433 incurren-

1255 2455 1317 2497 dis
1332 2483 1344 2494 .
1377 2454 1426 2496 Et
1455 2454 1510 2496 ita
1533 2452 1742 2502 decrevit,
1770 2454 1811 2494 δι
1838 2449 2040 2494 mandavit
2070 2449 2218 2505 ubique

1257 2513 1552 2557 inviolabiliter
1564 2511 1796 2557 observari.

1314 2572 1352 2622 ξ».
1371 2585 1411 2623 5.
1477 2576 1572 2616 Non
1586 2571 1832 2614 obstantibus
1844 2571 1884 2613 in
1896 2571 1970 2613 hac
1987 2575 2098 2624 parte
2111 2567 2226 2607 Con-

1258 2632 1531 2674 stitutionibus
1550 2629 1825 2686 suprascriptis
1838 2659 1852 2682 ‚
1867 2629 2045 2672 decreto
2060 2624 2225 2682 praefato

1258 2690 1448 2737 Pauliv„
1461 2690 1819 2731 consuetudinibus
1833 2690 1958 2731 etiam
1972 2688 2229 2728 immemora-

1257 2747 1408 2791 bilibus
1420 2773 1435 2795 ‚
1449 2760 1607 2790 necnon
1620 2745 1808 2789 omnibus
1825 2775 1839 2797 ‚
1868 2747 1908 2788 δι
1926 2743 2086 2802 [iugulis
2100 2772 2115 2795 ,
2139 2753 2226 2798 quae

1257 2803 1566 2847 Praedeceffores
1575 2804 1749 2856 predicti
1765 2806 1982 2846 voluerunt
1996 2816 2081 2844 nou
2093 2801 2227 2843 obsta-

1260 2876 1307 2905 re
1320 2876 1390 2912 ,ac
1405 2860 1495 2903 aliis
1510 2859 1821 2917 quibuscumque
1846 2860 1886 2902 in
1901 2861 2154 2902 contrarium
2168 2856 2229 2911 fae

1262 2922 1460 2965 cientibus
1471 2948 1482 2960 .

1324 2980 1363 3030 ἐ.
1377 2979 1420 3022 6.
1481 2978 1637 3022 Volens
1651 3008 1666 3031 ,
1686 2979 1727 3021 δι
1752 2978 1975 3023 decernens
1992 2991 2066 3035 pro
2087 2977 2229 3019 obser-

1264 3039 1429 3082 vatione
1443 3064 1458 3086 ,
1470 3039 1511 3080 8ι
1525 3039 1770 3081 executione
1783 3038 1980 3095 praesentis
1993 3036 2146 3081 decreti
2162 3063 2176 3086 ,
2187 3037 2228 3079 δε

1264 3096 1446 3140 omnium
1475 3099 1512 3140 in
1540 3113 1590 3141 eo
1610 3107 1923 3148 contentorum,
1947 3096 2055 3151 quod
2082 3103 2227 3136 contra

1265 3154 1492 3212 hujusmodi
1517 3152 1821 3212 transgreffores
1846 3186 1864 3208 ‚
1897 3157 2021 3198 etiam
2046 3153 2228 3208 Regula-

1265 3228 1329 3258 res
1345 3244 1360 3266 ,
1372 3213 1543 3271 cujusvis
1556 3217 1726 3259 Ordinis
1741 3243 1755 3266 ‚
1778 3218 1820 3258 δι
1834 3215 2009 3258 Instituti
2026 3243 2040 3265 ,
2067 3213 2229 3255 etiam,

1265 3274 1575 3332 quomodolibet
1588 3284 1796 3330 exemptos
1807 3302 1824 3327 ,
1852 3288 1898 3315 ac
1913 3274 2008 3318 alins
2022 3270 2229 3328 quascum-

1268 3344 1347 3390 que
1361 3332 1671 3385 Ecclefiasticas,
1682 3335 1723 3375 δι
1736 3332 1950 3377 Saeculares
1964 3330 2150 3390 personas
2161 3342 2232 3372 cu·

1267 3391 1503 3449 juscumque
1520 3391 1640 3436 status
1650 3421 1664 3444 ,
1682 3391 1930 3435 conditionis
1943 3419 1958 3443 ,
1977 3388 2122 3447 gradus
2132 3415 2148 3438 ,
2159 3403 2229 3431 or-

1266 3450 1391 3501 dinis,
1404 3461 1474 3494 aut
1487 3451 1694 3508 dignitatis
1706 3460 1787 3494 tam
1806 3451 2103 3501 Eoelefflnsticae,
2113 3449 2229 3504 quim

1267 3508 1491 3558 Saecularis,
1502 3519 1585 3554 tam
1601 3509 1806 3566 Episcopi,
1818 3511 1857 3552 δι
1872 3509 2029 3554 Praelati
2043 3505 2229 3563 Superio-

1268 3583 1331 3612 res
1347 3596 1361 3620 ‚
1387 3568 1534 3625 aliique
1547 3569 1755 3612 Ordinarii
1777 3569 1960 3612 locorum
1974 3595 1989 3619 ‚
2020 3567 2139 3626 quam
2152 3564 2227 3625 δεῖ

1269 3626 1403 3670 reticae
1426 3628 1638 3683 pravitatis
1663 3627 1810 3684 ubique
1835 3627 2020 3671 locorum
2045 3625 2227 3683 deputa}¹

1271 3685 1534 3740 Inquifitores
1546 3684 1784 3743 procedant,
1797 3687 1888 3729 &in
1903 3702 1974 3730 eos
1991 3681 2124 3726 severe
2141 3689 2228 3742 ani-

1269 3744 1529 3788 madvertant
1542 3774 1557 3796 ,
1584 3745 1764 3789 tribuens
1784 3746 1840 3788 eis
1854 3776 1869 3798 ‚
1896 3749 1936 3788 &
1959 3751 2098 3785 eorum
2115 3732 2230 3778 cuili-

1268 3803 1339 3848 bet
1363 3803 1532 3849 liberam
1559 3803 1796 3848 facultatem
1809 3831 1823 3854 ,
1852 3806 1893 3845 &
1915 3797 2229 3845 auctoritatem„

1650 3866 1684 3908 A
1699 3878 1722 3905 a
1735 3878 1757 3905 a
1772 3877 1794 3905 a
1819 3875 1842 3903 2
2071 3865 2171 3894 (ΟΩ-
