2444 4192
378 192 553 274 400

308 338 466 381 cunque
491 338 562 380 per
580 326 632 367 Su
641 333 762 362 nimos
779 315 996 360 Pontifices
1012 316 1277 360 Praedeceffo—

305 396 368 425 res
384 382 551 426 Nostros
569 410 582 432 ,
595 396 639 424 ac
658 392 731 434 per
743 379 829 418 Nos
845 377 943 418 vivae
958 376 1068 419 vocis
1076 377 1248 418 oraculo
1261 404 1275 428 ,

307 441 350 482 &
374 446 416 486 S·
433 443 486 483 R.
502 444 550 483 Ε.
569 438 758 495 ρητάίέίπ
773 434 1057 477 cardinalium
1078 449 1274 492 quorum-

305 514 468 556 cunque
489 513 602 541 manu
618 494 774 536 firmata
787 523 804 545 ,
819 493 1121 550 quibuscunque
1136 498 1273 538 Gene-

306 559 457 601 talibus
474 587 488 610 ,
518 553 842 600 Provincialibus
855 581 873 604 ,
902 554 1133 610 caeterisque
1147 558 1276 610 Supe-

305 618 480 660 rioribus
496 643 511 665 ,
526 617 566 656 &
582 614 758 669 personis
771 609 937 668 cujusvis
949 612 1116 655 Ordinis
1127 642 1144 664 ,
1165 616 1276 655 Con-

305 675 547 733 gregationis
562 703 578 724 ‚
595 670 770 714 Instituti
783 700 802 721 ,
828 671 1098 714 &societatis
1113 698 1128 720 s
1158 670 1278 715 live-2

302 733 565 783 saeeularibus,
581 733 660 773 five
672 729 957 786 Regularibus,
971 731 1036 774 vel
1051 732 1172 773 etiam
1188 728 1274 784 ipsis

303 792 527 834 Ordinibus
540 819 555 840 ‚
587 789 991 846 congregationibus
1005 818 1021 842 ,
1046 789 1240 831 Institutis
1257 814 1271 837 ,

303 847 631 891 &Societatibus
646 876 661 900 ,
691 849 815 891 etiam
828 848 1021 894 Societati
1044 848 1135 904 Jesu
1160 878 1176 899 ,
1202 854 1271 888 aut

300 906 380 959 eius
395 907 569 950 Clericis
583 935 599 957 ,
613 905 682 950 seu
696 908 954 962 Presbyteris
968 933 985 957 ‚
997 906 1166 964 aliisque
1182 917 1272 960 per-

299 965 407 1007 sonis
422 964 622 1021 praedietis
637 980 875 1023 quacunque
903 966 958 1010 de
973 965 1088 1009 causa
1103 996 1119 1018 ,
1149 965 1270 1008 etiam

297 1024 351 1067 de
367 1022 600 1066 neceffitate
613 1025 876 1082 exprimenda
890 1051 906 1074 ,
917 1024 1127 1068 oceafione
1139 1052 1154 1075 ,
1174 1035 1270 1078 prae·

301 1091 418 1126 textu
431 1109 446 1132 ‚
476 1082 540 1140 vel
555 1082 696 1134 colore
707 1113 723 1137 ,
747 1084 870 1126 etiam
887 1083 1034 1126 intuitu
1048 1112 1063 1135 ,
1089 1092 1269 1125 contem,

300 1142 484 1198 piatione
497 1171 513 1193 ,
544 1141 610 1183 seu
641 1143 691 1189 ad
718 1142 939 1185 instantiam
967 1139 1227 1198 Imperatoris
1255 1164 1272 1187 s

303 1202 466 1256 Regum
481 1230 495 1253 ,
509 1201 549 1242 δι
563 1200 796 1257 Principum
810 1214 1147 1259 quorumcunque
1159 1225 1175 1248 ‚
1201 1206 1273 1241 aut

298 1258 396 1301 alias
410 1258 720 1316 quomodolibet
734 1258 914 1304 conceffa
925 1289 940 1312 ,
974 1260 1140 1303 illorum
1156 1267 1276 1301 teno-

298 1331 367 1360 res
388 1317 643 1374 praesentibus
669 1331 747 1375 pro
760 1317 951 1376 expreffis
962 1319 1155 1361 habentes
1169 1341 1185 1366 ‚
1214 1326 1274 1356 tc-

299 1389 404 1419 nore
416 1377 666 1431 presentium
683 1390 941 1425 revocamus,
953 1376 1145 1419 caffamus
1154 1404 1171 1428 ,
1188 1373 1273 1416 tol-

300 1434 421 1478 limus
439 1463 454 1486 ,
465 1434 704 1489 abrogamus
716 1463 732 1486 ,
744 1437 786 1477 δι
798 1433 1052 1479 annullamus
1064 1461 1079 1484 ‚
1105 1448 1151 1477 ac
1178 1432 1272 1477 dea

301 1502 453 1535 cetero
468 1504 657 1536 revocata
670 1521 683 1544 ,
699 1491 800 1535 eaffa
811 1520 826 1542 ,
837 1492 992 1536 sublata
1003 1521 1020 1543 ,
1045 1494 1239 1545 abrogata
1252 1519 1270 1541 ,

297 1551 581 1598 &annum-na,
614 1551 867 1604 viribusque,
890 1551 931 1590 δι
954 1549 1094 1590 effectu
1109 1559 1270 1589 vacua„

296 1607 373 1650 effe
389 1637 404 1660 ,
418 1610 459 1651 δι
473 1606 563 1647 fore
575 1632 590 1654 ‚
616 1606 799 1661 nullique
811 1604 974 1659 prorsus
987 1605 1177 1660 deinceps
1191 1602 1270 1646 sus-

297 1664 441 1725 sragari
455 1663 563 1720 poffe
574 1691 589 1714 ,
601 1676 673 1705 nec
689 1662 837 1706 debere
849 1662 1101 1708 declaramus
1114 1691 1129 1705 .
1160 1663 1267 1705 Prae-

297 1734 409 1767 terea
423 1750 439 1775 ,
470 1731 516 1763 ut
541 1718 750 1778 presentes
778 1721 902 1765 literae
915 1722 1102 1766 omnibus
1125 1722 1166 1764 δι
1191 1720 1267 1764 fin-

294 1782 399 1838 gulis
413 1810 428 1833 ,
442 1780 493 1822 ad
507 1793 607 1837 quos
622 1779 770 1837 spectat
793 1808 807 1830 ,
830 1782 871 1823 δι
883 1794 961 1836 pro
974 1790 1162 1838 tempore
1184 1778 1268 1837 spe·

294 1840 420 1883 Stabit
446 1866 462 1890 ,
492 1840 642 1895 quanto
668 1839 788 1882 citius
817 1838 1075 1884 innotescant
1099 1869 1114 1892 ,
1138 1839 1265 1882 omni.

295 1901 372 1942 bns
389 1927 405 1951 ,
426 1899 467 1940 δι
483 1898 642 1953 fingulis
661 1898 956 1948 Generalibus‚
982 1899 1024 1941 δι
1043 1898 1135 1943 aliis
1160 1911 1265 1955 quo·

296 1970 453 2013 cunque
494 1956 661 1999 nomine
703 1957 942 2012 nuncupatis
985 1957 1266 2012 Superioribus

295 2027 629 2071 quorumcunque
639 2014 861 2065 Ordinum,
869 2015 1265 2070 congregationum,

299 2074 550 2117 societatum
563 2097 579 2122 ,
593 2071 718 2112 etiam
732 2071 1039 2128 societatisJesu
1051 2100 1067 2125 ,
1096 2073 1137 2115 δι
1150 2072 1262 2115 Insti-

295 2141 482 2175 tutorum
494 2156 510 2179 ‚
520 2128 590 2172 sub
602 2130 1024 2175 excommunicationis
1036 2157 1051 2180 ,
1065 2145 1113 2175 ac
1125 2129 1263 2190 priva-

296 2190 419 2233 tionis
433 2188 662 2232 officiorum
674 2217 689 2242 ,
714 2191 756 2232 δι
768 2189 1012 2246 dignitatum
1023 2219 1042 2243 ,
1070 2203 1264 2236 necnon.»

298 2250 414 2294 vocis
439 2248 573 2290 aetivae
598 2248 640 2289 &
665 2247 817 2305 paffivae
841 2250 972 2305 poenis
991 2247 1073 2305 ipso
1091 2248 1198 2291 facto
1210 2249 1263 2293 in.

296 2306 509 2352 currendis
522 2306 772 2364 precipimus
784 2334 800 2358 ‚
821 2309 860 2351 δι
875 2308 1108 2352 mandamus
1118 2337 1133 2361 ,
1146 2317 1192 2350 ut
1206 2309 1266 2350 in·

292 2364 363 2410 fra
379 2376 460 2411 tres
473 2362 624 2408 menses
639 2368 845 2422 proximos
857 2368 882 2412 a
895 2366 964 2410 die
977 2367 1264 2425 publicationis

328 2425 549 2471 terentium
564 2425 857 2482 computandos
872 2453 888 2478 ‚
912 2440 1054 2470 omnes
1080 2429 1122 2470 δι
1133 2425 1265 2483 lingu-

317 2498 363 2527 os
393 2482 667 2528 Provinciales
696 2484 919 2528 eorundem
950 2484 1109 2529 suorum
1138 2486 1265 2530 Ordi-

297 2556 395 2586 num
409 2570 424 2593 ,
436 2542 812 2599 congregationum
826 2571 842 2597 ,
854 2544 1104 2589 Societatum
1117 2545 1265 2598 ,etiam

298 2599 515 2645 societatis
531 2598 618 2655 Jcsu
635 2630 650 2654 ,
675 2602 716 2644 ἁ
729 2602 1012 2647 Institutorum
1023 2632 1040 2655 ,
1055 2602 1110 2648 de
1121 2601 1265 2648 eisdem

299 2654 554 2716 presentibus
569 2657 697 2703 literis
711 2660 908 2704 certiores
921 2658 1069 2705 saciant
1078 2691 1095 2714 ,
1118 2675 1267 2706 earun-

301 2717 475 2772 demque
501 2717 745 2771 proesentium
769 2718 1013 2775 exemplaria
1033 2719 1116 2763 illis
1141 2720 1267 2764 transt

301 2778 483 2818 mittant:
496 2773 563 2832 qui
576 2773 741 2833 quidem
753 2775 1022 2821 Provinciales
1034 2773 1103 2821 sub
1115 2779 1265 2823 eisdem

302 2835 436 2890 poenis
452 2842 666 2877 tencantur
686 2833 845 2890 singulis
859 2836 1143 2892 Superioribus
1169 2841 1265 2882 Mo-

299 2890 558 2935 nssscriorum
573 2919 589 2944 ,
599 2894 882 2935 Conventuum
901 2923 917 2946 ,
949 2892 1234 2953 Collegiorum
1246 2926 1263 2950 ,

302 2953 557 2998 Domorum,
586 2949 628 2991 δι
642 2949 825 2994 locorum
841 2953 1106 3010 Regularinm
1123 2955 1265 3012 preci·

300 3021 422 3064 pere,
451 3015 498 3051 ut
509 3004 666 3051 easdem
682 3009 895 3065 presentes
906 3010 1075 3057 lubditis
1091 3010 1194 3065 suis,
1217 3025 1263 3059 ut

298 3068 421 3110 moris
434 3066 506 3118 est,
518 3066 723 3123 publicent
739 3095 750 3108 .
762 3067 1034 3115 Deccrncntcs
1049 3071 1261 3131 presentes

299 3126 439 3169 literas
454 3125 572 3169 ctiam
583 3139 631 3169 cx
649 3139 699 3170 co
711 3153 727 3176 ‚
741 3127 849 3185 quod
865 3130 1092 3189 quicunque
1106 3133 1144 3178 in
1161 3146 1262 3190 prae.

302 3184 417 3228 miffis
439 3181 626 3228 interesse
642 3184 834 3229 habentes
847 3213 862 3237 ‚
894 3188 957 3233 vel
988 3191 1138 3237 babere
1163 3205 1261 3250 prc-

302 3243 510 3287 tendcntes
524 3243 573 3287 ad
589 3244 666 3288 boc
680 3248 815 3289 vocati
830 3274 845 3299 ‚
868 3246 910 3289 Bt
934 3248 1064 3297 auditi
1078 3264 1158 3293 non
1173 3249 1261 3295 sue-

304 3304 381 3346 rint
393 3301 468 3354 ,de
482 3302 747 3360 subreptionis
761 3329 776 3354 ‚
790 3305 852 3349 vel
869 3305 1123 3365 obreptionis
1137 3311 1233 3354 vitio
1245 3339 1262 3364 ‚

302 3372 367 3404 aut
382 3361 612 3406 intentionis
626 3361 776 3407 Nostroe
792 3388 808 3412 s
820 3363 883 3407 scu
898 3363 979 3408 alio
1018 3369 1178 3424 uopiam
1190 3368 1264 3413 de*

304 3420 404 3487 fectu
425 3422 553 3489 notari
566 3447 582 3471 ,
595 3422 817 3479 impugnari
831 3449 846 3473 ‚
861 3382 1070 3470 inundari
1081 3455 1097 3480 ,
1123 3426 1263 3471 redar-

304 3492 371 3535 gu·
388 3504 402 3525 ‚
418 3480 453 3520 in
470 3493 526 3531 ,us
541 3509 555 3532 ,
582 3480 647 3524 vel
670 3481 986 3527 controversiam
1003 3486 1132 3529 vocari
1151 3514 1166 3538 ,
1191 3493 1262 3529 aut

306 3534 357 3580 ad
374 3537 475 3602 visen
490 3567 504 3587 ,
531 3540 571 3581 δι
595 3538 788 3584 terminos
805 3539 903 3598 juris
919 3543 1075 3597 reduci,
1101 3543 1179 3589 five
1189 3544 1261 3590 ad-

306 3593 439 3663 versu·
454 3595 536 3637 illas
548 3599 815 3658 quodcunque
839 3600 937 3659 iuris
949 3631 964 3654 ‚
994 3602 1133 3660 gratia
1145 3630 1160 3653 ,
1193 3603 1259 3649 vel

307 3651 397 3698 sani
412 3653 633 3697 remedium
648 3657 852 3714 impetrari
880 3661 1110 3707 nullatcnus
1123 3661 1230 3717 polle
1248 3690 1263 3716 ‚

307 3711 476 3758 sedilias
491 3710 570 3754 scm
626 3726 644 3755 r
659 3715 808 3758 validas
821 3748 834 3771 ,
847 3717 979 3765 firmas
994 3750 1008 3774 ‚
1036 3719 1261 3767 &efficaces

307 3771 501 3823 “meles
514 3771 554 3814 ἅ
628 3785 650 3813 ῑ·
664 3799 679 3824 s
705 3772 863 3832 suosque
876 3779 1079 3835 plenarios
1095 3808 1110 3834 ‚
1134 3781 1175 3823 dt
1198 3782 1262 3825 in·-

848 148 850 150 ’
907 161 1065 248 Sub
1126 146 1441 246 ‘Urbaiw
1510 159 1779 249 VIII.

1337 325 1472 372 tegi-os
1487 316 1648 362 effectus
1662 319 1794 363 sortiri
1811 347 1825 369 ‚
1850 319 1891 359 δι
1915 318 2102 362 obtinere
2120 330 2137 370 3
2164 314 2297 371 ficque

1333 388 1408 430 per
1422 377 1680 436 quoscunque
1690 379 1847 436 Judices
1858 375 2078 421 ordinarios
2095 406 2109 428 ‚
2129 378 2169 418 δι
2182 374 2302 415 dele·

1335 443 1451 488 gatos
1472 465 1487 487 ,
1527 438 1648 480 etiam
1671 432 1879 479 causarum
1906 434 2051 478 Palatii
2076 431 2300 489 Apostolici

1334 492 1729 546 Auditores,sublata
1744 496 1818 546 eis,
1827 495 1866 534 δι
1878 505 2020 535 eorum
2030 493 2198 536 cuilibet
2211 504 2301 547 qua-

1337 551 1397 594 vis
1414 551 1536 596 aliter
1553 553 1760 611 judicandi
1776 583 1791 604 ,
1815 553 1853 593 &
1869 550 2159 606 interpretandi
2172 548 2316 592 facul-A

1338 619 1422 653 tate
1435 641 1452 663 ,
1465 613 1505 654 δι
1518 613 1757 655 auctoritate
1769 609 1940 667 judicari
1956 635 1971 659 ,
1998 610 2037 650 δι
2061 606 2214 650 definiri
2224 606 2303 650 de-

1337 669 1433 712 bere
1445 699 1459 722 ,
1475 684 1521 712 ac
1531 671 1708 723 irritum,
1721 672 1898 720 &inane3
1913 666 1937 709 fi
1950 666 2046 722 quid
2062 667 2167 709 secus
2181 664 2299 722 super

1336 728 1398 769 his
1423 730 1448 771 ὲ
1463 742 1661 785 quoquam
1674 729 1813 786 quavis
1836 725 2075 768 auctoritate
2101 723 2269 778 scienter
2283 751 2303 776 ,

1335 786 1404 830 vel
1418 786 1651 842 ignoranter
1675 785 1891 842 contigerit
1920 783 2110 826 attentari
2125 811 2136 824 .
2169 784 2300 826 Non-³

1334 844 1584 891 obstantibus
1598 846 1829 902 praeinsertis
1843 844 1969 886 literis
1984 839 2237 896 hujusmodi,
2249 854 2296 882 ac

1332 903 1703 959 Constitutionibus
1715 931 1730 954 ,
1761 906 1799 948 &
1822 900 2159 945 Ordinationibus
2186 902 2302 955 Apo-

1332 962 1480 1005 stolicis
1492 990 1507 1014 ,
1522 964 1578 1014 &,
1591 974 1787 1018 quatenus
1799 975 1899 1016 opus
1914 960 1988 1012 fit,
2003 960 2121 1003 etiam
2136 956 2298 1023 Regula

1333 1021 1479 1064 Nostra
1493 1020 1546 1062 de
1561 1034 1640 1063 non
1658 1020 1842 1064 tollendo
1852 1019 1943 1075 jure
1959 1017 2121 1076 quaefito
2133 1044 2148 1068 ,
2173 1014 2299 1071 privi-

1333 1080 1449 1135 legiis
1466 1093 1629 1136 quoque
1641 1079 1807 1122 indultis
1821 1077 2021 1130 ,ecliteris
2038 1072 2296 1134 Apostolicis2

1331 1138 1480 1183 eisdem
1494 1138 1780 1182 Cardinalibus
1792 1167 1807 1191 ‚
1838 1151 1885 1180 ac
1899 1136 2124 1181 Ordinibus
2136 1163 2152 1188 ,
2179 1134 2297 1177 Con-

1336 1196 1638 1254 gregationibus
1651 1225 1665 1249 ,
1693 1197 1908 1247 Institutis,
1937 1199 1976 1240 δι
1989 1191 2265 1239 societatibus
2280 1200 2301 1244 ,'

1333 1270 1554 1312 eorumque
1567 1257 1849 1313 Superioribus
1862 1284 1877 1307 ,
1896 1267 2151 1313 quocumque
2167 1250 2299 1292 nomi-

1332 1330 1382 1358 ne
1394 1317 1633 1372 nuncupatis
1646 1341 1661 1365 ,
1675 1314 1743 1358 sub
1757 1313 2060 1371 quibuscunque
2082 1310 2298 1357 verborum

1333 1372 1536 1424 formis‚&
1549 1374 1758 1419 tenoribus
1768 1389 1831 1423 ,ac
1846 1387 1938 1416 cum
1953 1371 2158 1430 quibusvis
2172 1367 2297 1411 etiam

1330 1432 1682 1488 derogatoriarum
1703 1432 1977 1488 derogatoriis
1987 1459 2004 1480 ,
2029 1430 2198 1484 aliisque
2208 1425 2298 1468 effi-

1330 1490 1564 1531 cacioribus
1577 1516 1593 1539 ,
1610 1491 1652 1530 δι
1665 1490 1831 1531 insolitis
1842 1487 2028 1531 clausulis
2041 1516 2058 1538 ,
2074 1501 2119 1529 ae
2129 1484 2299 1527 irritati-¹

1331 1546 1438 1588 tibus
1455 1572 1470 1595 ,
1485 1548 1524 1587 &
1538 1547 1624 1589 aliis
1637 1546 1814 1589 decretis
1827 1546 1866 1588 in
1883 1544 2057 1602 genere,
2082 1543 2147 1587 vel
2162 1544 2200 1585 in
2218 1541 2301 1598 spe-

1328 1603 1392 1645 cie
1427 1631 1443 1655 ,
1470 1617 1517 1647 ac
1535 1604 1630 1647 aliis
1652 1605 1690 1648 in
1712 1604 1961 1648 contrarium
1986 1602 2300 1660 praemissorum..-

1326 1659 1638 1719 quomodolibet
1650 1662 1844 1707 concessis
1858 1691 1872 1715 ,
1884 1661 2131 1706 confirmatis
2146 1686 2160 1710 ,
2189 1660 2227 1701 &
2239 1661 2300 1701 in·

1324 1721 1483 1766 novatis
1498 1753 1508 1764 .
1529 1722 1684 1784 Qibus
1695 1722 1899 1773 omnibus,
1914 1723 1953 1764 &
1970 1720 2128 1777 (iugulis
2139 1718 2296 1762 etiamsi

1327 1795 1403 1838 pro
1418 1779 1588 1824 illorum
1605 1779 1814 1824 sufficienti
1840 1780 2101 1835 derogatione
2119 1778 2171 1821 de
2184 1775 2266 1825 illis
2281 1803 2297 1827 ,

1325 1853 1548 1896 eorumque
1558 1841 1656 1883 totis
1672 1839 1879 1884 tenoribus
1894 1867 1908 1891 ,
1921 1837 2099 1895 specialis
2112 1863 2127 1884 a
2141 1832 2299 1892 specifi-

1326 1913 1374 1942 ca
1386 1925 1400 1948 ,
1413 1900 1453 1940 ἀ
1466 1898 1641 1955 expressa
1651 1926 1666 1950 ,
1679 1913 1725 1941 ae
1737 1898 1789 1940 de
1805 1898 1934 1940 verbo
1947 1897 1997 1939 ad
2015 1896 2199 1944 verbum,
2212 1904 2296 1936 nou

1326 1967 1459 1999 autem
1473 1970 1547 2013 per
1561 1955 1755 2000 clausulas
1781 1954 1991 2012 generales
2017 1955 2124 1996 idem
2143 1953 2297 2008 impor—

1326 2024 1458 2057 tantes
1473 2016 1627 2058 mentio
1638 2043 1652 2068 ,
1683 2015 1749 2058 seu
1764 2017 1910 2071 quaevis
1925 2014 2004 2058 alia
2019 2010 2213 2070 expreffio
2224 2011 2298 2054 ha·-¹

1329 2073 1457 2116 benda
1466 2104 1483 2127 ,
1497 2083 1565 2116 aut
1577 2074 1710 2131 aliqua
1722 2073 1797 2116 alia
1810 2073 2000 2131 exquifita
2012 2071 2145 2116 forma
2159 2069 2292 2113 adhoc

1322 2131 1517 2177 servanda
1540 2132 1646 2177 foret
1669 2160 1685 2182 a
1728 2132 1897 2177 illorum
1921 2132 2104 2176 omnium
2133 2140 2296 2173 tenores

1327 2192 1581 2248 presentibus
1609 2205 1684 2248 pro
1707 2191 1828 2248 plene
1854 2220 1869 2244 ,
1892 2192 1935 2232 δι
1958 2189 2204 2234 sufficienter
2225 2199 2297 2231 ex-

1326 2249 1461 2307 preffis
1473 2251 1671 2294 habentes
1683 2277 1699 2301 ,
1714 2249 1958 2306 specialiter,
1969 2250 2010 2291 δι
2023 2246 2210 2305 expresse
2221 2244 2300 2287 de-⁴

1326 2322 1537 2366 rogamus,
1560 2306 1795 2367 caterisque
1809 2309 2027 2352 contrariis
2049 2306 2293 2364 quibuscun-

1324 2381 1424 2424 que.
1456 2366 1656 2412 Volumus
1682 2378 1815 2412 autem
1828 2395 1844 2420 ,
1868 2367 1975 2424 quod
2000 2366 2291 2424 presentium-a

1324 2426 1600 2484 transumptis,
1613 2426 1737 2471 etiam
1751 2425 1940 2484 impressis
1957 2453 1972 2476 ,
1986 2439 2103 2469 manu
2125 2421 2293 2479 alicujus

1324 2486 1487 2530 Notarii
1503 2486 1654 2543 publici
1669 2485 1925 2542 subscriptis,
1945 2485 1983 2527 δι
2012 2483 2142 2540 sigillo
2158 2481 2293 2539 perso·

1325 2557 1384 2588 ne
1403 2544 1444 2587 in
1457 2544 1656 2600 dignitate
1671 2542 1947 2589 Ecclefiafflca
1964 2543 2185 2586 constitute
2199 2553 2292 2583 mu-

1326 2602 1419 2647 nitis
1432 2602 1574 2646 eadem
1587 2601 1747 2658 prorsus
1759 2601 1907 2658 ubique
1918 2599 2018 2645 fides
2031 2601 2292 2652 adhibeatur,

1325 2675 1412 2719 quae
1424 2658 1675 2717 presentibus
1689 2660 1775 2718 ipfis
1799 2659 2087 2712 adhiberetur,
2103 2658 2128 2703 fi
2152 2657 2291 2701 forent

1325 2719 1512 2764 exhibite
1524 2746 1539 2771 ‚
1555 2719 1619 2764 vel
1632 2719 1789 2764 oflensa:
1800 2731 1812 2758 =
1825 2718 2015 2776 quodque
2028 2717 2175 2762 eedem
2188 2729 2288 2772 prae-

1326 2782 1455 2823 sentes
1470 2777 1596 2822 literae
1608 2805 1623 2828 2
1653 2777 1730 2822 five
1757 2777 1917 2821 illarum
1934 2775 2118 2834 exempla
2133 2775 2184 2818 ad
2202 2774 2290 2819 val-

1324 2851 1396 2888 vas
1419 2837 1673 2881 Basilicarum
1689 2835 1965 2893 pra-dictarum
1985 2863 1998 2887 ,
2020 2837 2058 2878 δι
2088 2834 2127 2878 in
2155 2832 2286 2880 acie„

1324 2894 1470 2951 Campi
1494 2896 1624 2940 Flore
1654 2893 1867 2953 hujusmod
1874 2894 1884 2936 i
1920 2893 2098 2937 {imiliter
2129 2889 2245 2935 affixa
2269 2919 2286 2946 ,

1323 2967 1461 2999 ornnes
1476 2981 1492 3003 ‚
1503 2968 1604 3012 quos
1617 2962 1897 3003 concernunt,
1928 2953 2092 3010 perinde
2105 2952 2256 2995 areicnt
2270 2975 2285 3001 ,

1322 3014 1362 3056 ἃ
1377 3010 1552 3058 afficiant
1567 3043 1582 3066 ,
1614 3028 1660 3057 ac
1677 3011 1702 3056 fi
1718 3012 1930 3071 unicuique
1943 3010 2211 3070 personaliter
2223 3008 2287 3053 in·

1322 3073 1461 3117 timata
1476 3069 1635 3118 fuissent
1649 3102 1662 3114 .

1441 3134 1594 3177 Datum
1624 3134 1764 3175 Roma:
1787 3130 1891 3189 apud
1919 3130 2103 3174 Sanfiium
2118 3129 2282 3172 Petrum

1321 3189 1390 3234 sub
1415 3191 1585 3236 Annulo
1610 3189 1823 3234 piscatoris
1854 3190 1921 3234 dic
1953 3201 2017 3231 xx.
2043 3184 2281 3232 Decembris

1325 3262 1541 3295 Mncxxxt.
1556 3246 1821 3296 Pontificum·
1851 3244 1987 3294 Nostri
1999 3245 2115 3289 Anno
2127 3247 2253 3289 Nono
2266 3272 2279 3286 .

1378 3369 1556 3426 Exempl.
1570 3369 1700 3413 Rome
1724 3365 1882 3422 impr-ql:
1905 3365 1949 3408 ln
1958 3361 2082 3410 Areb-
2098 3362 2279 3420 generali

1444 3424 1870 3485 ortamno-affo-

2106 3834 2232 3891 Sapo,
