2444 4192
383 228 421 308 3
438 225 484 279 2
496 200 551 281 6

318 355 1278 474 &233532233553fissmaffssimffisssss'zzfz‘:

782 445 795 467 ²
972 444 986 466 2

317 477 557 519 mandatum
586 476 761 518 nostrum
777 500 791 522 2
811 472 878 514 vel
899 474 1018 519 Sedis
1037 474 1280 535 Apostolicae

318 535 498 579 Romam
511 534 726 579 transmitti
740 531 852 589 poffit
865 560 878 573 .

318 652 329 660 ς
382 607 447 647 ¹4·
476 652 487 663 ἱ
506 597 552 636 ln
577 605 825 659 unoquoque
847 593 1068 656 conventu
1096 595 1282 636 Fratrum

313 649 1282 764 302‘3232351231’3532‘33‘3222afflat:

313 771 387 814 bus
397 769 509 812 illius
526 767 702 824 propriis
714 795 729 818 ,
744 766 807 809 vel
822 782 870 809 ex
882 767 1162 811 communibus
1177 782 1278 811 con-

312 830 434 872 suetis
446 857 463 879 ,
493 828 559 869 vel
585 826 708 868 etiam
721 823 970 882 finguiorum
985 827 1278 883 eleemosynis,

312 885 450 930 aliisve
462 886 763 940 quibuscunque
773 884 1092 931 obventionibus
1109 886 1149 928 in
1163 900 1277 929 com-

308 959 429 988 mune
445 946 463 999 (
482 953 526 985 ut
541 943 757 998 pre-'fertur
767 943 790 1002 )
802 938 1076 996 conferendis,
1092 958 1280 988 eommo-

311 1005 365 1047 ἀὲ
378 1001 493 1059 poffit
509 1001 716 1047 sustentari
727 1017 743 1046 ε
756 1001 941 1046 redditus
954 1005 1073 1056 verb,
1086 1005 1128 1046 δι
1138 1001 1279 1061 supra-

307 1064 413 1106 dieta
428 1062 563 1104 omnia
577 1063 618 1104 in
632 1062 835 1107 communi
846 1061 942 1106 loco
954 1090 971 1114 2
1001 1077 1049 1106 ac
1074 1072 1170 1106 tuto
1181 1063 1279 1107 dili-

306 1132 452 1180 genter
474 1117 728 1166 afferventur
742 1150 756 1164 .

374 1193 440 1230 15.
501 1181 792 1237 Superioribus
815 1190 953 1224 autem
973 1207 989 1230 ‚
1019 1195 1074 1224 ne
1096 1178 1278 1223 Concilii

309 1238 569 1290 Tridentini,
608 1246 678 1284 aut
706 1241 788 1283 baec
803 1239 936 1283 nostra
952 1241 1126 1284 Decreta
1138 1237 1279 1281 decla·

304 1312 419 1348 rare,
445 1297 738 1354 interpretari,
759 1309 826 1341 aut
839 1298 1019 1342 relaxare
1043 1297 1133 1341 ullo
1155 1295 1278 1339 modo

307 1355 452 1414 poffint
467 1384 483 1407 ‚
494 1361 666 1402 omnino
682 1357 966 1401 interdicimus
980 1385 996 1406 ,
1022 1358 1063 1399 δι
1085 1356 1277 1413 prohibe-

306 1429 398 1459 mus
410 1413 705 1463 ‚decernentes
718 1418 876 1460 irritum
885 1417 963 1458 &c-
980 1414 1022 1460 si
1035 1414 1125 1472 quis
1140 1424 1275 1459 autem

307 1484 455 1517 contra
471 1472 758 1532 presumpserit
786 1484 992 1518 attentare
1012 1502 1027 1525 ‚
1055 1477 1087 1517 is
1114 1488 1165 1517 eo
1192 1470 1275 1528 ipso

307 1532 420 1574 omni
432 1534 562 1584 gradu
578 1563 594 1586 ,
617 1533 835 1591 officioque
850 1533 1028 1590 privatus
1042 1562 1059 1585 ‚
1084 1534 1126 1574 δι
1150 1530 1202 1573 ad
1226 1543 1275 1572 ea

308 1590 511 1647 perpetub
523 1591 709 1634 inhabilis
723 1592 886 1632 existat.

374 1646 440 1690 16.
502 1646 651 1689 Nullus
663 1672 679 1696 ,
692 1647 761 1688 nifi
776 1649 864 1687 astu
877 1646 990 1700 legat
1008 1674 1024 1697 ‚
1055 1645 1120 1688 vel
1137 1644 1281 1700 praedi-

314 1714 385 1748 cet
396 1731 411 1753 ‚
426 1702 565 1759 aliquo
578 1701 636 1746 sui
648 1703 800 1761 gradus
817 1703 1032 1759 privilegio
1048 1703 1224 1759 gaudeat
1237 1732 1251 1745 .

326 1811 339 1825 ι
375 1778 391 1806 ι
400 1775 442 1813 7.
502 1762 544 1805 Si
555 1762 678 1805 alicui
693 1776 743 1806 ex
756 1759 969 1806 necessaria
982 1762 1099 1806 causa
1110 1791 1125 1815 ,
1136 1765 1279 1807 Gene-

308 1822 409 1866 ralis
420 1819 578 1878 judicio
590 1821 817 1878 probanda,
832 1819 959 1864 socius
973 1836 1023 1865 ex
1037 1821 1186 1865 eodem
1198 1822 1278 1864 Or·

309 1882 408 1924 dine
420 1908 436 1931 ‚
451 1880 523 1936 qui
538 1879 602 1922 illi
617 1880 815 1922 ministret
827 1907 843 1930 ,
866 1880 1153 1924 concedendus
1165 1881 1247 1924 erit
1259 1907 1275 1931 ,

303 1942 343 1984 is
369 1939 436 1982 nifi
468 1938 881 1994 vigefimumquintum
907 1949 1000 1993 agat
1026 1952 1174 1983 aunum
1189 1966 1204 1990 ‚
1234 1939 1275 1980 δι

306 1998 377 2057 qui
387 1997 591 2040 communi
617 1996 785 2040 servitio
817 1995 862 2036 fit
884 1995 1128 2051 deputatus,
1158 2011 1272 2040 non...

306 2055 558 2100 concedatur
571 2083 587 2104 ,
613 2056 653 2095 δι
672 2053 698 2095 fi
712 2052 927 2095 commode
942 2052 1027 2095 fieri
1042 2054 1172 2109 potest
1187 2082 1205 2106 ,
1227 2055 1273 2094 fit

310 2115 439 2157 laicus
456 2109 672 2154 conversus
688 2140 701 2152 .

371 2173 437 2214 18.
499 2171 558 2214 Ut
579 2166 711 2213 omnis
730 2169 1083 2219 scandalorum&
1096 2172 1278 2227 vagatio·

304 2233 367 2276 nis
381 2227 539 2274 oceafio
553 2228 754 2281 tollatur,
789 2229 1030 2275 Conventus
1060 2229 1277 2276 clausura..-

307 2290 508 2350 perpetuo
529 2303 574 2332 ac
586 2287 808 2345 diligenter
823 2290 1007 2333 servetur
1020 2317 1036 2340 ‚
1050 2303 1096 2331 ac
1107 2301 1275 2347 propte·

303 2365 372 2395 rea
386 2352 407 2390 a
423 2347 646 2404 superiore
656 2348 810 2404 janitor
822 2348 1115 2400 constituatur,
1128 2349 1196 2405 qui
1209 2348 1273 2391 di-

303 2407 475 2465 ligentia
496 2433 512 2456 ‚
556 2420 604 2449 ac
633 2420 792 2450 morum
825 2408 1067 2464 integritate
1098 2407 1272 2452 maxime

304 2465 617 2511 commendetur
634 2478 650 2510 t
677 2466 712 2509 is
738 2465 864 2523 januae
880 2465 1149 2511 custodienda
1174 2465 1273 2511 sem-

306 2540 381 2584 per
404 2523 543 2567 affillat
558 2552 574 2576 ‚
596 2537 765 2581 eamque
792 2526 943 2568 nemini
961 2526 1144 2569 fratrum
1174 2540 1275 2582 ape-

305 2588 387 2629 riat
399 2583 493 2650 ,nist
506 2581 659 2626 socium
672 2609 688 2634 ‚
702 2584 745 2626 Gt
756 2584 928 2628 exeundi
938 2583 1147 2629 licentiam
1163 2585 1274 2629 obti-

307 2650 451 2688 nuent
461 2670 476 2683 .

311 2714 387 2806 „ssi
397 2713 453 2802 {3-
467 2698 926 2813 2¹2s2¹¹,“a⁸‘¹cf·3¹}3{3'‚'
939 2702 1277 2819 §emim

313 2818 419 2876 gulis
433 2815 587 2860 vicibus
603 2817 843 2874 impetrata,
857 2833 904 2862 ae
922 2820 1199 2865 benedictione
1213 2834 1277 2864 ac·

314 2886 437 2979 {mat
454 2874 713 2977 izngti'qf
723 2901 772 2976 :o
783 2877 839 2977 ui¹
850 2891 931 2979 ποίῃ
945 2878 1067 2947 aliter
1078 2893 1165 2922 eam
1179 2893 1279 2948 eon·

317 3008 370 3061 to
382 2961 574 3061 adilingat
588 3020 604 3044 ,
633 2947 724 3034 nori,
732 2950 906 3048 petersti’a
913 2947 1279 3052 pgisffiq'ucstefg:

320 3054 446 3096 buno
473 3050 546 3095 suo
557 3076 573 3099 2
606 3064 734 3106 neque
744 3052 919 3097 eundem
943 3055 1100 3113 sepius.
1134 3057 1279 3101 Licen-

319 3112 383 3155 tia:
401 3113 499 3211 τεὲὸ
526 3110 731 3167 generales
753 3114 926 3158 exeundi
941 3143 958 3167 ,
989 3116 1091 3160 nulli
1111 3116 1279 3160 omninb

318 3184 448 3272 cozbe-
478 3180 880 3275 aggitavenieme·
899 3241 1175 3291 antenupoena
1187 3247 1280 3292 gra-

320 3291 359 3333 vi
373 3320 386 3340 ,
414 3288 537 3331 etiam
563 3289 734 3332 carceris
761 3291 810 3334 ad
825 3293 1053 3348 Superioris
1068 3293 1279 3338 arbitrium

320 3349 575 3404 pic-{tantun
602 3347 774 3394 eandem
793 3352 916 3395 etiam
936 3352 1098 3408 janitor
1111 3352 1276 3408 subeat,

321 3405 348 3448 si
362 3406 484 3450 sciens
498 3405 672 3450 exeundi
685 3404 920 3454 facultatem
933 3409 1076 3456 fecerit
1088 3442 1101 3455 .

381 3480 402 3509 a
415 3478 446 3531 t.
507 3469 616 3511 Cum
626 3476 759 3537 autem
771 3470 860 3527 quis
886 3470 927 3513 in
938 3471 1200 3517 Contentum
1215 3485 1275 3515 re-

318 3528 962 3648 33:232322’322'32‘‚'‘;2·3'3
975 3530 1101 3635 ’ξ’ἳέξ
1113 3532 1277 3634 ’simii

314 3643 546 3760 aeqmum‘»
569 3644 610 3687 Gt
632 3647 730 3702 quid
746 3648 803 3692 rei
816 3653 946 3695 aetum
960 3651 1007 3695 lit
1019 3675 1037 3702 2
1057 3649 1276 3707 diligenter

370 3774 442 3806 aa·
503 3758 652 3804 Nullo·
668 3762 826 3808 fratres
839 3766 1006 3814 Romam
1030 3768 1169 3813 venire
1197 3770 1272 3814 Su.

843 193 1006 281 Sub
1067 187 1451 283 Clemente
1517 198 1617 287 V
1619 197 1662 283 I
1673 197 1719 285 I
1730 197 1787 283 I.

1339 357 1404 400 vei
1420 359 1652 402 Protectore
1665 356 1877 402 dumtaxat
1896 350 2104 397 licentiam
2121 349 2161 394 iu
2175 348 2302 407 scrip?
2364 389 2366 391 ,

1338 420 1392 459 tis
1407 418 1709 474 impetraverint
1722 445 1734 457 .

1403 489 1469 534 23·
1528 478 1571 520 Si
1585 477 1673 535 quis
1685 484 1820 517 autem
1837 472 1915 512 fine
1937 469 2160 525 hujusmodi
2177 467 2304 512 facul·-

1344 544 1431 579 tate
1444 535 1613 581 Romam
1640 534 1775 577 venire
1801 526 2113 586 praesumpserit,
2147 540 2305 572 vocss,

1342 595 1470 637 affiva
1495 596 1536 637 ἃ.
1575 592 1719 650 paffiva
1754 587 1917 632 biennio
1931 586 2263 641 privatusexistat
2277 594 2295 636 ,’

1340 650 1539 697 subiturus
1563 653 1685 694 etiam
1713 649 1810 691 alias
1828 646 2023 688 arbitratu
2037 646 2300 700 superiorum

1839 719 1895 746 uae
1905 703 1998 745 item
2011 703 2146 744 omnia
2158 703 2301 745 adver-

1338 711 1575 772 infligendas
1594 723 1734 767 poenas
1748 738 1759 750 .
1791 709 1861 768 Q

1338 770 1402 814 sus
1415 786 1483 815 eos
1495 801 1510 824 ‚
1524 770 1591 828 qui
1605 767 1849 823 supradifios
1859 758 2093 804 admiserint
2106 786 2121 810 2
2135 762 2173 802 &
2188 773 2303 802 rece—

1341 832 1475 889 perint
1486 858 1501 883 2
1515 830 1593 871 fine
1608 828 1691 870 ulla
1705 823 1948 879 exceptione
1961 820 2097 863 locum
2108 818 2304 887 babeant.

1337 903 1499 998 feifa,
1510 887 1689 997 υῗῗὲξιῗξ
1699 875 2305 988 331051331315321223122253533

1340 1008 1521 1048 reserare
1537 1002 1650 1058 poffit
1665 1031 1679 1053 ‚
1693 1005 1731 1046 &
1747 1008 1960 1059 propterea
1973 997 2111 1040 nullus
2125 995 2273 1040 cellam
2289 1023 2304 1058 ²

1337 1065 1463 1106 etiam
1482 1065 1601 1105 noctu
1617 1062 1670 1105 ita
1685 1060 1849 1104 claudat
1863 1075 1881 1110 ,·
1891 1056 1987 1113 quin
2003 1054 2158 1112 semper
2186 1055 2212 1099 ὲ
2228 1056 2306 1096 Su-

1339 1124 1504 1180 periore
1519 1119 1636 1176 potiit
1654 1119 1797 1176 aperiri
1814 1146 1827 1160 .

1397 1192 1466 1231 25.
1527 1182 1574 1222 Iu
1590 1178 1727 1222 medio
1745 1172 1988 1220 Dormitorii
2001 1186 2074 1231 per
2089 1180 2217 1221 totam
2226 1186 2305 1215 no-

1338 1242 1442 1284 &em
1457 1240 1611 1292 lampas
1625 1238 1853 1282 colluceat.
1926 1251 1936 1256 ν

1397 1299 1465 1343 26.
1527 1297 1677 1341 Nullus
1709 1295 1832 1340 etiam
1848 1290 2042 1351 Superior
2065 1290 2190 1335 cellas
2221 1289 2305 1334 five

1338 1360 1377 1401 in
1394 1357 1565 1400 claustro
1578 1385 1593 1408 ,
1612 1355 1693 1398 five
1710 1354 1806 1397 alibi
1823 1352 2019 1411 separatas
2049 1352 2073 1395 a
2098 1349 2306 1392 communi

1334 1416 1583 1460 dormitorio
1598 1415 1761 1464 habeat,
1779 1412 1846 1454 sed
1861 1410 2034 1468 quilibet
2050 1409 2169 1452 unica
2181 1407 2302 1458 cella,

1335 1475 1474 1519 eadem
1487 1488 1578 1516 cum
1591 1474 1746 1516 caeteris
1758 1470 1928 1512 aliorum
1941 1472 2127 1512 Fratrum
2139 1465 2308 1522 conjun-

1336 1537 1419 1580 aa,
1438 1532 1554 1573 nudis
1568 1530 1735 1571 omnino
1747 1527 1963 1581 parietibus
1977 1551 1992 1574 ‚
2020 1538 2067 1566 ac
2094 1524 2201 1566 lecto
2215 1551 2230 1575 ‚
2259 1526 2303 1566 &

1342 1587 1472 1631 mensa
1486 1586 1702 1630 humilibus
1717 1612 1731 1637 ,
1759 1583 2026 1641 uniformique
2039 1581 2306 1638 suppelleffili

1341 1647 1361 1706 (
1377 1656 1421 1688 ut
1444 1643 1691 1704 praefertur)
1710 1643 2049 1700 quemadmodum
2077 1639 2308 1696 Religiosos

1339 1708 1463 1750 decet
1475 1735 1493 1757 ‚
1517 1713 1734 1747 contentus
1753 1702 1794 1745 fit
1809 1731 1823 1754 ,
1839 1701 1957 1759 ponit
1972 1711 2104 1744 tamen
2117 1702 2308 1746 Genera-

1341 1766 1391 1809 lis
1415 1764 1535 1807 alicui
1560 1776 1610 1806 ex
1631 1761 1908 1819 Superioribus
1923 1763 2246 1809 conventuum,
2277 1758 2308 1802 fi

1338 1837 1483 1879 eorum
1513 1822 1687 1866 muneris
1700 1850 1716 1873 ‚
1746 1822 1788 1863 δι
1813 1817 1940 1863 officii
1958 1815 2232 1862 neceffitatem
2259 1817 2303 1860 id

1337 1883 1503 1941 exigere
1518 1881 1758 1939 cognoverit
1775 1908 1788 1933 ,
1817 1878 1988 1922 alteram
2018 1876 2142 1919 etiam
2158 1875 2307 1919 cellam

1338 1941 1593 1986 concedere.

1393 2015 1464 2051 27.
1526 2000 1653 2042 Cellae
1667 1998 1747 2042 five
1761 1995 1955 2048 aediculae,
1969 2008 2056 2052 quae
2069 1999 2184 2036 extra
2206 1991 2309 2036 dor·

1340 2059 1548 2101 mitorium
1564 2057 1773 2114 separatim
1791 2056 1878 2098 sunt
1893 2081 1909 2106 ‚
1928 2053 1979 2097 ad
1993 2052 2177 2096 officinas
2192 2079 2207 2104 ,
2236 2058 2309 2095 aut

1338 2117 1437 2160 alias
1461 2115 1511 2159 ad
1537 2130 1790 2160 communem
1805 2111 1942 2167 usum,
1968 2113 2011 2156 δι
2034 2109 2302 2155 commodita-

1338 2187 1422 2220 tem
1435 2174 1675 2219 Conventus
1687 2174 1920 2230 redigantur
1936 2201 1950 2215 .

1396 2235 1468 2276 28.
1530 2233 1749 2289 sigillatim
1765 2231 1834 2273 suo
1848 2227 2015 2287 quisque
2030 2231 2137 2274 leno
2147 2229 2300 2280 cubet,

1333 2291 1699 2408 33⁰3?ssssssss
1721 2285 2309 2393 {Ytifssifffgffiss‘rssssst

1420 2378 1436 2402 2

1334 2410 1456 2470 gendi
1468 2419 1585 2453 erunt
1596 2438 1609 2451 .
2296 2425 2297 2428 =

1393 2484 1465 2528 29.
1526 2472 1572 2513 ln
1589 2467 1758 2524 privatis
1785 2467 1903 2512 cellis
1924 2466 2027 2511 nulli
2044 2465 2194 2510 camini
2209 2471 2304 2523 peri

1334 2530 1582 2574 mittantur:
1612 2526 1678 2571 sed
1713 2541 1855 2571 omnes
1871 2526 2128 2570 obstruantur
2145 2523 2303 2575 statim,

1335 2587 1568 2632 cardinibus
1583 2586 1702 2628 etiam
1719 2584 1743 2627 ὲ
1763 2587 1984 2642 parietibus
1998 2582 2203 2628 contullit
2217 2612 2235 2636 ,
2260 2591 2306 2627 ut

1335 2661 1400 2691 res
1425 2644 1495 2688 illa
1507 2658 1588 2689 non
1604 2644 1654 2686 ad
1675 2652 1836 2701 tempus
1853 2643 1955 2686 faeta
1967 2672 1983 2695 ,
2016 2642 2081 2686 sed
2104 2641 2307 2698 perpetuo

1335 2707 1529 2751 duratura
1548 2702 1735 2748 videatur
1750 2731 1763 2755 ,
1775 2702 1893 2747 cellis
1906 2712 2039 2746 tamen
2053 2699 2297 2753 Generalis,

1339 2773 1407 2808 aut
1421 2763 1589 2807 alterius
1605 2762 1830 2822 Superioris
1843 2790 1858 2816 ,
1870 2775 1914 2804 ae
1931 2758 2214 2804 Praedicatoris
2228 2770 2301 2810 εκ,

1338 2837 1388 2867 ee
1419 2823 1470 2865 tis
1481 2852 1493 2863 .

1391 2836 1468 2938 ΞΟ.
1531 2878 1774 2924 Conventus
1787 2879 1963 2924 fenestre
1973 2890 2141 2925 omnes,
2164 2873 2301 2933 quein

1339 2942 1423 2985 vias
1438 2940 1618 2997 publicas
1633 2968 1649 2994 ,
1672 2949 1740 2983 aut
1765 2938 1804 2982 in
1824 2939 1973 2983 vicinas
1985 2937 2180 2980 laicorum
2198 2933 2305 2979 oedes

1341 3000 1593 3058 prospiciunt
1608 3028 1623 3053 ‚
1651 3013 1767 3043 muro
1779 2998 1836 3042 ita
1848 2997 2104 3043 obstruantur
2114 3023 2132 3047 ‚
2154 3002 2203 3039 ut
2216 3005 2305 3039 om·

1341 3061 1440 3104 nino
1459 3061 1488 3103 is
1506 3058 1735 3117 prospeetus
1754 3057 1995 3116 impediatur
2010 3085 2022 3099 .

1404 3134 1421 3175 3
1436 3133 1468 3163 t.
1532 3117 1886 3163 valetudinarium
1900 3116 1940 3160 in
1951 3113 2109 3174 lingulis
2119 3117 2305 3159 Conven-

1340 3178 1447 3223 tibus
1464 3177 1503 3222 in
1515 3186 1693 3229 certo‚ac
1711 3176 1918 3221 salubriori
1935 3174 2029 3219 loeo
2042 3172 2302 3224 cSiiituatur,

1339 3236 1447 3296 quod
1474 3250 1548 3292 pro
1575 3236 1658 3281 loci
1686 3235 1780 3291 litu,
1817 3249 1863 3279 ac
1881 3237 2071 3279 Fratrum
2098 3242 2267 3275 numero
2280 3259 2296 3282 ‚

1339 3296 1472 3356 quoad
1489 3294 1575 3340 tieri
1593 3296 1769 3355 poterit,
1788 3290 2151 3341 eommodiflimum
2163 3286 2298 3335 effu

1339 3354 1454 3415 potiit
1469 3382 1485 3407 ‚
1495 3356 1535 3400 in
1549 3370 1634 3413 quo
1652 3357 1810 3399 Fratres
1821 3364 1960 3398 omnes
1970 3364 2001 3403 ‚'
2018 3361 2109 3394 cum
2122 3356 2298 3405 egrota-

1339 3418 1464 3466 bunt,
1493 3424 1714 3468 curentur,
1744 3427 1818 3459 nec
1832 3411 1955 3461 inde.
1977 3406 2046 3451 nm
2063 3413 2299 3463 recuperata

1339 3475 1511 3519 sanitate
1521 3503 1535 3529 ,
1548 3476 1660 3519 abire
1677 3471 1966 3533 permittantur
1980 3493 1993 3509 .
2024 3467 2109 3528 Qi
2123 3466 2222 3508 vero
2237 3465 2298 3509 in·

1338 3532 1550 3579 firmorum
1563 3546 1667 3579 eurae
1681 3528 1878 3592 prepositi
1893 3527 1981 3572 sunt
1993 3555 2008 3579 ‚
2031 3525 2140 3569 omni
2155 3522 2299 3569 seduli·

1336 3602 1427 3639 tate
1439 3619 1454 3645 2
1465 3607 1514 3639 ac
1525 3593 1727 3638 charitate
1737 3600 1902 3647 operam
1919 3585 2023 3630 suam
2039 3583 2297 3640 proestabunt,

1335 3667 1380 3697 ac
1396 3653 1602 3698 curabunt
1612 3677 1629 3703 2
1640 3647 1796 3706 nequid
1808 3647 1966 3704 egrotis
1979 3645 2147 3689 omnino
2159 3639 2263 3687 desit
2275 3669 2294 3694 ,

1333 3711 1446 3771 quod
1457 3711 1509 3756 ad
1522 3709 1728 3755 sanitatem
1743 3705 2061 3763 recuperandam
2076 3703 2293 3761 pertineat.

1392 3782 1462 3829 3⁸·
1519 3770 1685 3813 lneatur
1699 3767 1807 3810 ratio
1819 3795 1834 3819 ‚
1860 3779 1934 3823 qua
1948 3793 1964 3818 ,
1987 3762 2153 3808 sublatis
2169 3761 2294 3805 licen-

307 3818 494 3877 l’ss'bm
504 3818 738 3877 “mmm’‘
755 3846 771 3872 2
794 3825 860 3868 nifi
875 3829 987 3883 priuis
998 3829 1024 3875 a
1041 3828 1239 3874 Generali
1253 3857 1270 3883 ,
1330 3828 1399 3873 tiit
1417 3856 1432 3882 ‚
1445 3840 1491 3870 ac
1505 3823 1766 3872 facultatibus
1782 3826 1972 3871 haetenus
1985 3820 2289 3881 quibuscunque

2137 3892 2237 3935 c0n2
