2444 4192
336 164 449 249 86

275 322 384 368 libus
398 324 653 380 induantur,
679 328 846 386 Nosque
873 326 1059 385 praedie'ta
1082 325 1240 369 verba..

276 383 624 431 declaraverimus
638 388 902 444 aquipollere
919 389 1130 442 praeceptis
1140 398 1156 429 3
1170 398 1239 428 vo·

277 444 413 490 lentes
442 447 526 489 haec
548 446 814 490 determinari
827 446 1013 504 pleniu53
1039 444 1240 495 dicimus,

279 506 479 561 quantum
506 505 559 548 ad
584 520 800 550 numerum
828 506 1058 549 tunicarum
1085 530 1102 554 ,
1125 502 1239 560 quod

277 564 466 622 pluribus
480 566 540 610 uti
551 579 633 608 non
646 565 748 609 licet
766 565 856 618 ,nifi
873 565 911 607 in
922 560 1239 613 neeeffitatibus,

277 637 366 681 qut
389 625 531 668 haberi
555 622 718 679 possunt
745 638 797 667 ex
810 624 996 680 Regula,
1017 621 1239 665 secundum

276 682 392 743 quod
409 686 516 727 hunc
531 679 683 736 paffum
709 694 959 726 memoratus
975 678 1240 738 praedeceffor

274 741 413 786 noster
439 740 598 798 plenius
626 741 858 787 declaravit
880 770 894 783 .
926 740 1142 784 vilitatem
1166 753 1239 781 au·

275 812 362 845 tem
391 801 563 843 vestium
583 809 668 845 tam
686 801 863 844 Habitus
877 829 893 853 ,
921 799 1042 857 quim
1065 798 1238 841 interio-

272 874 364 904 rum
377 860 613 901 tunicarum
625 887 643 911 ‚
662 860 778 902 illam
793 857 977 914 intelligi
1000 859 1151 900 debere
1174 855 1238 895 di·

271 920 434 968 cimus,
462 930 548 972 quae
563 917 788 962 iecundtim
808 916 1147 960 consuetudinem
1170 910 1235 952 vel

272 975 552 1019 conditionem
574 978 748 1031 patrie,
781 975 933 1017 debeat
962 973 1160 1031 quantum
1181 968 1235 1011 td

270 1034 456 1076 colorem
480 1035 605 1088 panni
631 1033 674 1073 δι
704 1033 887 1086 pretium
920 1033 1059 1077 vilitas
1085 1028 1237 1072 merito

268 1091 480 1150 reputari:
505 1103 590 1131 non
613 1089 724 1132 enim
735 1090 869 1146 quoad
885 1091 1081 1146 regiones
1093 1099 1236 1135 omnes

268 1152 402 1208 potest
422 1148 719 1193 determinatus
743 1162 847 1191 unus
864 1148 1011 1191 modus
1024 1148 1068 1189 in
1082 1144 1236 1189 talibus

268 1209 479 1268 affiguari.
513 1205 756 1265 Huiusmodi
785 1207 910 1250 etiam
940 1207 1111 1251 vilitatis
1128 1202 1237 1256 iudi-

267 1271 376 1314 cium
390 1266 585 1311 Miniflris
599 1297 616 1319 ,
637 1266 678 1308 ἃ.
690 1265 941 1311 Custodibus
956 1295 971 1318 ,
1000 1266 1069 1309 seu
1095 1265 1237 1307 Guar-

266 1328 400 1373 dianis
423 1325 617 1371 duximus
631 1325 974 1375 committendum
987 1352 1002 1376 ,
1015 1336 1160 1369 eorum
1172 1320 1237 1368 su-

269 1400 345 1447 per
362 1388 440 1430 hoc
454 1384 724 1429 conscientias
737 1394 963 1430 onerantes
978 1413 995 1438 ,
1020 1386 1079 1428 ita
1097 1393 1235 1428 tamen

268 1444 384 1505 quod
408 1443 572 1489 servent
600 1445 641 1488 in
658 1443 840 1487 vestibus
858 1443 1088 1487 vilitatem.
1120 1445 1238 1496 Quo-

270 1519 364 1550 rum
374 1504 499 1548 etiam
513 1502 1042 1556 Ministrorum,Custodum
1056 1503 1098 1544 δι
1110 1503 1240 1544 Guar-

267 1565 482 1609 diauotum
490 1562 652 1620 Judicio
660 1561 807 1606 eodem
822 1561 946 1604 modo
957 1560 1236 1617 relinquimus,

272 1637 354 1681 pro
366 1636 446 1680 qua
459 1619 692 1665 necestitate
709 1620 855 1678 poffint
880 1621 952 1678 ipfi
969 1622 1137 1666 Fratres
1151 1618 1238 1663 cal-

272 1690 482 1727 ceamenta
496 1690 664 1737 portare
675 1710 689 1723 .

332 1739 607 1789 Deinde,cum
618 1739 779 1784 duobus
793 1740 1050 1798 temporibus
1064 1746 1240 1784 annota-

268 1799 323 1843 tis
336 1799 376 1842 in
394 1798 586 1857 Regula,
601 1798 756 1843 scilicet
767 1827 785 1851 ,
808 1801 831 1842 i
845 1797 946 1845 festo
969 1803 1240 1845 Sandtorunn.

269 1857 498 1907 Omnium,
523 1858 652 1913 usqne
673 1856 727 1900 ad
755 1858 1028 1902 Nativitatem
1045 1856 1243 1908 Domini,

268 1914 876 2018 &maximoeQadryefimae,
905 1917 945 1960 in
960 1916 1108 1974 quibus
1138 1913 1244 1975 jeju-

268 1989 369 2020 nare
381 1983 580 2019 tenentur
594 2002 611 2027 ,
624 1975 665 2018 in
686 1985 823 2018 eratur
839 1975 879 2019 in
908 1978 1053 2019 eadem
1064 1975 1241 2030 Regula:

270 2034 363 2077 aliis
375 2043 513 2075 autem
536 2034 790 2087 temporibus
802 2046 883 2074 non
897 2040 1119 2073 teneantur
1130 2056 1147 2080 ,
1170 2028 1242 2070 niii

265 2090 380 2135 (ατί
407 2086 512 2131 feris
535 2086 745 2144 jejunare:
770 2089 812 2130 dt
834 2100 885 2131 ex
911 2089 991 2131 hoc
1018 2086 1242 2131 voluerunt

267 2146 395 2206 aliqui
422 2147 591 2196 dicere,
616 2146 729 2204 quod
751 2146 849 2191 dieti
876 2145 1043 2189 Ordinis
1077 2147 1243 2201 Fratres

265 2222 351 2254 non
364 2215 575 2252 tenentur,
585 2204 661 2269 niti
673 2216 728 2245 ex
738 2201 1011 2245 condecentia
1025 2200 1077 2243 ad
1090 2199 1170 2242 alia
1182 2196 1246 2265 je·

263 2257 1241 2378 2:¹2¹:thssssae:2:251522322'122552’23223:

267 2370 1240 2492 {giiii}ffissiqssi’ssii’dijffoii’ssif‘ssfii

514 2466 528 2479 ·
1081 2465 1100 2489 a

270 2499 341 2547 vel
367 2496 581 2541 institutor
610 2494 808 2551 Regula,
835 2494 902 2540 rel
934 2494 1057 2539 etiam
1071 2490 1239 2539 Confir-

270 2567 406 2604 mator
418 2550 631 2598 absolvere
643 2552 746 2613 ipsos
760 2553 982 2600 intenderit
997 2554 1020 2598 s
1032 2550 1239 2597 servandis

271 2617 358 2663 iilis
375 2611 560 2663 ἐἰποῦς’
585 2611 638 2656 ad
668 2627 754 2671 quoe
782 2611 837 2657 de
867 2613 1078 2659 communi
1093 2611 1242 2657 statuto

272 2677 363 2724 Bet:
381 2670 465 2718 efiae
476 2670 713 2728 obligantur
725 2671 861 2717 coeteri
874 2671 1092 2719 Christiani
1106 2701 1120 2716 .

397 2732 533 2777 Porro
561 2759 579 2784 ,
609 2743 710 2774 cum
740 2731 872 2776 dietus
901 2734 1072 2778 Sanetus
1104 2731 1247 2777 volens

277 2796 450 2841 Fratres
471 2788 561 2833 suos
593 2786 712 2848 super
732 2790 868 2835 omnia
894 2792 917 2836 s
943 2791 1147 2841 denariis,
1182 2789 1248 2835 scu

282 2853 454 2913 pecunia
478 2846 556 2893 etse
569 2849 763 2896 totaliter
774 2849 930 2895 alienos
942 2879 959 2906 ,
972 2851 1161 2910 praecepit
1178 2848 1249 2894 fir-

279 2911 407 2958 miter
435 2907 643 2953 Fratribus
662 2909 884 2959 universss,
914 2919 961 2955 ut
988 2909 1110 2957 nullo
1122 2909 1249 2954 modo

281 2970 501 3022 denarios,
532 2966 598 3012 vel
625 2969 839 3028 pecuniam
860 2969 943 3015 reci
974 2969 985 2980 ‘
1014 2978 1174 3030 nt,per
1186 2968 1248 3020 sc,

282 3026 644 3083 velinterpoiitam
658 3028 925 3087 personanti
1030 3043 1109 3089 que
1131 3029 1251 3074 Arti-

281 3088 424 3136 culum
435 3087 647 3133 declarans
670 3088 779 3134 idern
791 3086 1056 3148 prodeceffor
1082 3091 1218 3134 noster
1232 3116 1249 3141 ,

282 3146 423 3203 casus,
444 3149 486 3192 dt
511 3147 657 3193 modos
680 3148 883 3205 posuerit,
908 3149 1056 3208 quibus
1080 3146 1248 3193 servatis

284 3211 309 3255 s
335 3209 545 3253 Fratribus
572 3220 652 3252 non
675 3206 817 3264 poffint
843 3207 954 3263 dici,
981 3223 1060 3256 nec
1093 3207 1247 3254 debent

285 3281 355 3324 per
380 3263 444 3317 se,
472 3266 534 3312 vel
615 3279 636 3310 r
665 3266 789 3311 alium
817 3267 996 3324 pecunia
1012 3278 1250 3327 receptores

284 3336 427 3369 contra
446 3327 509 3371 Re
582 3338 666 3381 am,
680 3325 745 3370 vel
762 3325 815 3369 sui
830 3326 999 3372 Ordinis
1013 3327 1251 3387 puritatem:

287 3384 482 3435 dicimus,
532 3395 664 3431 ratres
690 3385 826 3430 teneri
851 3399 1003 3431 carere
1017 3385 1176 3432 summo
1205 3400 1250 3431 e·

287 3455 356 3490 tc,
375 3444 484 3497 quod
500 3458 578 3500 pro
588 3444 679 3489 aliis
692 3444 820 3488 caulis
833 3471 847 3495 ,
864 3446 902 3488 δι
918 3444 988 3490 sub
1008 3445 1140 3490 modis
1156 3460 1177 3490 a
1200 3445 1249 3489 iis

285 3500 408 3557 quim
434 3514 552 3555 ponat
578 3503 675 3548 dieti
700 3502 993 3561 pradeceisoris
1019 3504 1143 3549 nostri
1173 3503 1251 3547 de.

284 3558 547 3623 clantio,ad
562 3561 708 3607 dantes
722 3564 913 3621 pecunias
930 3591 947 3618 ,
977 3563 1060 3609 (ive
1072 3563 1251 3621 deputa·

284 3628 350 3662 tos
367 3629 534 3659 nuncios
550 3632 628 3662 non
658 3633 897 3675 recurrant,
918 3636 970 3669 ne
982 3621 1004 3680 (
1018 3621 1045 3668 fi
1061 3621 1172 3667 sccus
1195 3624 1246 3666 ab

282 3676 644 3744 ipfisnattcntatum
660 3676 782 3723 suerit
802 3678 1134 3738 )transssreffotcs
1150 3695 1248 3739 pra·

279 3745 389 3796 cepti
405 3736 472 3787 ‚dt
491 3735 659 3791 Regula
681 3742 827 3781 merite
841 3739 982 3795 possint
998 3741 1079 3785 dici
1096 3770 1110 3784 .
1125 3744 1251 3796 Nam,

278 3793 517 3856 nbialiquid
545 3794 668 3841 alicui
694 3797 947 3854 generaliter
971 3801 1246 3863 prohibetur,

892 162 1051 255 Sub
1112 156 1495 254 Clemente
1582 164 1685 255 V.

1299 327 1411 385 quod
1425 325 1611 384 expresse
1627 338 1707 368 uon
1724 319 1967 366 conceditur
1984 348 1998 372 ‚
2015 315 2262 373 intelligitur

1297 389 1544 442 denegatum
1561 414 1574 427 .
1588 384 1798 440 Quocirca
1812 377 1977 435 quaestus
1991 380 2121 420 omnis
2137 389 2263 433 pecu·

1300 447 1372 488 niae
1385 475 1402 498 ,
1414 461 1461 488 ac
1477 445 1730 489 oblationum
1745 471 1760 492 ,
1789 439 2048 495 pecuniarum
2078 434 2263 490 receptio

1300 506 1342 547 in
1369 505 1543 549 Ecclefia
1555 531 1571 555 ‚
1588 502 1651 545 vel
1667 501 1763 543 alibi
1778 529 1791 551 ,
1805 496 1945 551 cippi,
1961 496 2023 538 vel
2045 495 2181 538 trunci
2195 507 2264 535 or-

1299 565 1429 608 dinati
1451 564 1501 607 ad
1515 559 1776 606 offerentium
1791 588 1807 608 ,
1831 557 1894 597 seu
1919 555 2159 596 donantium
2195 566 2267 606 pe-

1298 625 1435 667 cunias
1459 620 1713 680 reponendas
1728 646 1742 668 ‚
1760 631 1832 659 nec
1850 627 1928 655 non
1952 615 1992 654 &
2020 614 2264 668 quicumque

1298 684 1488 726 recursus
1500 681 1607 723 alius
1633 679 1683 720 ad
1716 674 1902 732 pecunias
1921 700 1935 722 ,
1966 671 2031 714 scu
2065 672 2261 713 habentes

1300 736 1399 794 ipsas
1427 769 1444 791 ,
1465 741 1537 795 qui
1558 752 1627 794 per
1652 734 1973 779 declarationem
2002 730 2280 794 praedictam-2,

1299 811 1379 840 non
1394 798 1662 842 conceditur:
1696 797 1777 837 haec
1790 822 1804 844 ,
1820 793 1982 847 inquam
1998 816 2014 839 ,
2026 801 2163 830 omnia
2190 784 2265 827 fint

1299 857 1359 898 eis
1374 856 1611 911 simpliciter
1626 854 1855 896 interdieia.
1872 852 1979 892 Cum
1993 849 2113 890 etiam
2129 857 2270 909 recur-

1296 913 1360 957 sus
1387 914 1438 957 ad
1468 914 1619 957 amicos
1642 913 1830 965 speciales
1846 907 2028 963 expresse
2043 904 2200 949 tantum
2224 914 2266 944 in

1296 971 1457 1014 duobus
1478 971 1629 1014 cafibus
1643 968 1862 1012 secundum
1892 966 2093 1019 Regulam
2121 976 2270 1005 conce-

1296 1030 1442 1071 datur:
1467 1028 1663 1070 videlicet
1677 1055 1694 1076 ,
1723 1040 1798 1080 pro
1827 1021 2130 1066 neceffitatibus
2155 1019 2270 1061 infir·

1299 1100 1491 1138 morum,
1518 1083 1782 1126 &Fratribus
1809 1079 2055 1124 induendis:
2090 1078 2270 1133 idque-2

1301 1148 1367 1205 pie
1381 1172 1397 1196 ,
1410 1146 1448 1187 &
1463 1141 1764 1188 rationabiliter
1779 1137 2038 1184 confiderata
2065 1135 2273 1180 necessita-

1296 1219 1336 1251 te
1367 1205 1462 1248 vitae
1476 1233 1490 1256 ,
1507 1202 1558 1247 ad
1573 1203 1672 1246 alias
1687 1201 1943 1245 neceffitates
1974 1201 2164 1242 Fratrum
2192 1207 2269 1250 pro

1297 1278 1487 1321 tempore
1498 1259 2023 1307 occurrentesceffantibus
2040 1253 2227 1300 eleemos
2222 1267 2271 1309 y-

1298 1326 1381 1374 nis,
1395 1325 1458 1368 seu
1475 1322 1601 1368 etiam
1620 1323 1857 1379 ingruentes
1876 1350 1894 1372 ,
1919 1317 2150 1376 saepedietus
2166 1317 2273 1358 Prae-

1298 1382 1483 1430 decessor
1497 1382 1634 1426 noster
1645 1381 1815 1426 duxerit
1839 1378 2177 1425 extendendum:
2209 1383 2271 1414 at-

1301 1441 1472 1488 tendant
1499 1445 1668 1486 Fratres
1695 1439 1877 1498 praefitti,
1903 1438 2012 1495 quod
2049 1451 2123 1493 pro
2150 1431 2272 1476 nullis

1301 1501 1423 1548 caufis
1452 1500 1542 1544 aliis
1570 1502 1692 1558 quam
1715 1499 1914 1558 praedifitis
1941 1526 1957 1549 ,
1985 1496 2051 1540 vel
2081 1493 2273 1557 similibus

1299 1565 1340 1607 in
1355 1562 1421 1604 via
1436 1589 1452 1613 ,
1467 1561 1532 1604 vel
1546 1560 1645 1604 alibi
1661 1572 1884 1603 recurrere
1899 1557 1995 1601 licet
2009 1557 2066 1599 eis
2093 1553 2143 1596 ad
2170 1563 2274 1593 amt-

1299 1635 1370 1668 cos
1398 1617 1631 1675 hujusmodi
1646 1647 1661 1671 ,
1692 1619 1770 1662 five
1785 1618 1861 1662 iiut
1881 1616 2027 1660 dantes
2053 1610 2240 1669 pecunias
2257 1634 2272 1658 2

1297 1680 1364 1726 seu
1379 1678 1564 1734 deputati
1579 1692 1652 1735 per
1669 1676 1774 1735 ipsos
1788 1704 1803 1729 ,
1818 1675 1897 1719 five
1923 1672 2090 1722 nuncii,
2107 1669 2175 1713 vel
2196 1668 2274 1710 de-

1299 1736 1502 1800 potitarii,
1520 1736 1585 1780 seu
1600 1737 1683 1793 alio
1698 1735 1842 1793 quovis
1868 1734 2037 1778 nomine
2060 1728 2270 1787 appellen.

1302 1811 1397 1844 tur:
1416 1796 1571 1840 etiamn
1590 1794 1765 1840 concessi
1788 1809 1864 1852 per
1889 1792 2062 1838 eandem
2089 1788 2274 1833 declara.

1302 1858 1458 1903 tionem
1471 1855 1585 1900 modi
1599 1856 1708 1900 circa
1718 1854 1937 1913 pecuniam
1962 1850 2122 1907 integre
2139 1850 2275 1890 serva·

1305 1926 1445 1962 rentur
1458 1946 1470 1958 .
1489 1916 1690 1972 Denique,
1704 1929 1798 1959 cum
1813 1913 1922 1956 idem
1936 1906 2154 1955 confessor
2170 1905 2275 1948 sum-

1305 1977 1370 2017 me
1383 1973 1627 2015 affeaaverit
1640 1999 1655 2022 ,
1669 1970 1744 2014 suoe
1773 1969 1942 2024 Regula:
1955 1962 2191 2023 profeffores
2207 1973 2276 2006 to-

1304 2030 1447 2072 taliter
1467 2025 1544 2072 effe
1555 2027 1771 2072 abstractos
1787 2028 1837 2071 ab
1852 2026 1998 2073 affectu
2010 2054 2026 2081 ,
2053 2026 2092 2069 &
2117 2022 2276 2069 defide-

1302 2088 1365 2133 rio
1377 2095 1634 2133 terrenorum
1645 2116 1664 2139 ‚
1680 2089 1722 2131 δι
1737 2085 1969 2145 specialiter
1981 2089 2002 2133 i
2012 2083 2189 2143 *pecunia
2204 2110 2219 2134 ,
2233 2083 2275 2133 δι

1301 2146 1390 2200 ejus
1404 2143 1475 2187 usu
1485 2145 1671 2187 totaliter
1693 2146 1937 2198 inexpertos
1955 2169 1972 2193 ,
2001 2144 2275 2199 ficut.pr0ba.t

1302 2199 1526 2255 prohibitio
1537 2198 1590 2243 de
1606 2199 1838 2258 recipienda
1854 2197 2028 2258 pecunia
2053 2200 2093 2244 in
2115 2201 2273 2256 Regula

1300 2257 1437 2318 saepius
1453 2259 1630 2315 repetita
1642 2288 1659 2311 ,
1682 2273 1831 2305 curare
1860 2261 2028 2304 Fratres
2043 2257 2270 2316 vigilanter

1302 2315 1455 2363 neceffe
1476 2318 1557 2370 est,
1577 2318 1709 2377 quod,
1722 2333 1816 2365 cum
1831 2332 1881 2363 ex
1904 2318 2032 2363 causis
2054 2320 2271 2376 praedie'tis,

1301 2379 1343 2421 δι
1367 2376 1498 2422 modis
1524 2377 1576 2422 ad
1603 2378 1803 2424 habentes
1830 2381 2028 2436 pecunias
2050 2378 2271 2435 deputatas

1301 2449 1380 2496 pro
1393 2434 1574 2496 ipsorum
1598 2438 1898 2483 neceffitatibus
1925 2451 2133 2483 recurrere
2146 2452 2274 2494 opor-

1305 2495 1432 2550 tebit,
1453 2494 1502 2540 ad
1517 2506 1702 2543 tenentes
1718 2495 1846 2555 ipsas,
1861 2499 2094 2556 quicunque
2116 2498 2156 2539 hi
2183 2496 2271 2540 fue-

1305 2557 1413 2608 rint,
1447 2555 1726 2614 Principales,
1759 2557 1823 2601 vel
1841 2558 2007 2608 Nuntii,
2027 2559 2066 2601 in
2081 2556 2271 2600 omnibus

1306 2617 1360 2660 tie
1374 2614 1414 2659 se
1425 2626 1597 2672 gerant,
1614 2616 1724 2674 quod
1743 2615 1781 2660 se
1792 2616 1943 2661 cunetis
1959 2614 2167 2659 ostendant
2183 2644 2198 2667 ,
2229 2615 2269 2657 in

1306 2674 1428 2720 diais
1442 2676 1623 2731 pecuniis
1648 2675 1669 2732 (
1685 2674 1784 2720 ficut
1810 2690 1886 2720 nec
1904 2674 2055 2719 habent
2070 2674 2092 2732 )
2106 2674 2271 2730 penitus

1308 2733 1369 2779 nil
1393 2734 1545 2779 habere
1560 2764 1572 2778 .
1588 2735 1854 2791 Quapropter
1869 2733 2082 2792 pra-cipere
2098 2758 2113 2783 ,
2127 2733 2237 2787 quod
2256 2760 2270 2784 ‚

1308 2796 1351 2839 dt
1381 2793 1559 2852 qualiter
1590 2794 1761 2852 pecunia
1791 2795 2075 2853 expendatur,
2099 2806 2271 2850 compu-

1310 2864 1480 2912 tumque
1493 2855 1659 2910 exigere
1680 2851 1732 2898 de
1759 2852 1932 2912 expensa
1945 2878 1961 2903 ,
1990 2866 2079 2898 eam
2095 2865 2269 2909 quomo-

1308 2914 1545 2969 documque
1570 2923 1754 2972 repetere
1776 2941 1792 2967 ,
1824 2913 1904 2959 five
1934 2910 2142 2972 deponere
2157 2940 2171 2962 ,
2202 2920 2273 2953 aut

1309 2974 1459 3032 deponi
1477 2969 1612 3018 facere
1626 2971 1852 3029 ,capsulam
1870 2972 2072 3031 pecunia,
2099 2969 2166 3014 vel
2183 2968 2270 3028 ejus

1308 3032 1468 3079 clarem
1482 3031 1647 3078 deferre
1657 3058 1672 3083 ,
1689 3031 1762 3075 lios
1774 3033 1949 3087 aelusf&
1962 3027 2185 3077 contimiles
2203 3029 2270 3072 sibi

1310 3093 1470 3139 Fratres
1483 3092 1656 3138 illicitos
1668 3088 1746 3136 effe
1773 3092 1927 3137 iciant:
1954 3089 2144 3161 proedidia
2161 3090 2269 3133 enim

1309 3149 1443 3199 faeere
1458 3151 1508 3197 ad
1526 3152 1633 3198 solos
1647 3149 1834 3196 dominos
1862 3159 2065 3208 pertinet,
2095 3147 2165 3207 qui
2197 3148 2270 3191 dc-

1310 3211 1464 3257 derunt
1480 3240 1494 3266 ,
1507 3213 1547 3256 8ι
1559 3223 1629 3258 eos
1641 3236 1656 3264 ,
1670 3221 1774 3269 quos
1791 3209 1871 3269 ipsi
1888 3208 2189 3268 deputaverunt
2218 3208 2267 3251 ad

1311 3272 1533 3329 hocipsum
1548 3301 1562 3317 .

1427 3329 1621 3382 Proinde,
1634 3343 1727 3376 cum
1742 3328 1820 3375 Vir
1849 3328 2001 3375 finctus
2025 3330 2268 3386 paupertatis

1313 3387 1511 3449 premisse
1536 3389 1577 3435 lu
1594 3386 1755 3447 Regula
1770 3389 1939 3435 modum
1963 3389 2192 3445 exprimens
2211 3389 2271 3431 di-

1312 3449 1421 3495 xerit
1434 3450 1473 3495 in
1487 3447 1656 3496 eadem:
1689 3450 1853 3494 Fratres
1885 3448 1983 3492 nihil
2018 3448 2085 3491 tibi
2117 3462 2270 3507 appro-

1311 3508 1446 3568 prient
1459 3536 1476 3563 ‚
1503 3521 1579 3553 nec
1593 3504 1786 3559 domum,
1815 3522 1887 3552 nec
1904 3507 2041 3553 locum
2061 3537 2075 3562 ,
2106 3523 2179 3552 nec
2196 3507 2271 3551 ali-

1311 3580 1431 3627 quam
1445 3578 1560 3612 retn:
1573 3566 1637 3611 sed
1654 3576 1862 3624 tamquam
1880 3569 2083 3625 peregrini
2100 3597 2114 3621 ,
2141 3572 2179 3611 dt
2195 3566 2269 3611 ad·

1311 3625 1569 3672 venoeinlioc
1594 3622 1739 3670 secuto
1754 3654 1768 3679 ,
1793 3627 1831 3670 in
1847 3638 2083 3685 paupertate
2097 3656 2111 3680 ,
2138 3631 2176 3672 dt
2193 3628 2266 3671 hu·

1307 3683 1483 3729 militate
1512 3682 1691 3728 Domino
1718 3682 1984 3738 famulantes,
2011 3688 2160 3732 vadant
2190 3698 2265 3744 pro

1307 3741 1563 3811 cleemocytu
1594 3741 1850 3790 confidenter
1868 3760 1884 3800 ς
1916 3749 2045 3804 sicque
2078 3747 2265 3792 declara-

1306 3812 1397 3849 tum
1425 3803 1564 3856 extitit
1594 3817 1666 3864 per
1698 3805 1919 3854 nonnullos
1956 3804 2264 3867 praedecess‘ores

2137 3880 2213 3910 no-
