2444 4192
756 189 918 276 Sub
980 180 1373 277 BenediHo
1435 189 1525 274 X
1535 186 1579 270 I
1595 186 1633 271 I
1649 184 1703 270 I.

1972 194 2142 307 485

250 339 398 386 maras
418 337 579 380 litteras
616 334 667 379 ad
697 333 846 391 lingula
877 335 969 379 loca
987 367 1003 388 ‚
1034 341 1084 381 ad
1113 354 1200 395 qun
1258 342 1463 391 ravimus,
1490 342 1623 383 ficum
1638 335 1802 382 solemni
1818 340 1858 380 S.
1874 339 1926 380 R.
1942 343 1991 384 Ε.
2021 359 2226 389 coeremo-

247 411 351 454 opus
373 394 494 444 effer,
518 392 698 446 adferri,
726 392 910 436 volumus
923 421 938 444 ,
950 406 996 437 ut
1022 410 1199 441 earum-2
1257 399 1322 440 nia
1341 399 1414 439 hac
1430 399 1498 438 die
1513 422 1529 446 ,
1545 400 1585 438 in
1604 401 1798 437 honorem
1811 397 1922 436 Beati
1938 400 2096 451 loannis
2111 410 2224 458 Apo.

245 455 438 510 exemplis
460 482 475 505 ,
500 453 624 497 etiam
648 450 838 507 impressis
863 476 882 499 2
905 465 1023 494 manu
1054 454 1205 509 publici

243 513 408 559 Notarii
425 511 647 569 subscriptis
658 538 674 563 ,
684 512 726 554 δι
738 509 868 564 figillo
884 509 1049 560 alicuius
1067 510 1204 567 perso·

245 586 303 616 ne
318 574 358 615 in
370 571 568 627 dignitate
594 567 867 615 Ecclefiastica
879 567 1104 610 constitute
1118 582 1202 609 mu.

247 631 342 674 nitis
355 659 368 682 ,
384 630 526 673 eadem
538 629 686 685 ubique
698 625 797 671 fides
809 625 1019 672 habeatur,
1033 639 1118 680 quae
1137 627 1200 679 ip-

245 689 292 732 fis
305 688 563 745 praesentibus
586 687 870 733 adhiberetur,
894 681 921 725 fi
937 681 1061 725 effent
1088 683 1204 725 exhi-

245 748 338 792 bitoe
355 777 369 800 ,
384 747 447 790 vel
462 745 622 791 ostensae
634 773 647 786 .

362 805 477 848 Nulli
513 818 616 860 ergo
644 802 810 846 omnino
839 799 1043 844 hominum
1074 798 1200 841 liccat

245 867 348 908 hanc
364 864 550 918 paginam
561 863 700 907 nostre
720 858 990 908 definitionis,
1013 858 1199 906 decreti,

243 922 551 976 adffiriptionis,
567 920 775 964 relationis
789 946 804 970 ,
816 918 995 960 mandati
1010 945 1025 969 ,
1048 917 1203 966 statuti,

245 981 506 1024 relaxationis
522 1008 536 1032 ,
547 983 587 1024 8:
603 977 821 1022 voluntatis
850 974 1073 1033 infringere
1090 1004 1105 1026 ,
1137 975 1201 1018 vel

245 1040 284 1083 ei
308 1038 403 1083 ausu
421 1041 635 1082 temerario
655 1037 856 1080 contraire
869 1063 880 1076 .
903 1036 943 1079 Si
967 1036 1051 1092 quis
1068 1043 1202 1076 autem

244 1099 326 1142 hoc
355 1106 560 1141 attentare
591 1093 875 1153 presumpserit
906 1122 921 1145 ,
962 1093 1205 1148 indignatio-

243 1170 339 1198 nem
360 1156 664 1211 Omnipotentis
685 1154 785 1205 Dei,
811 1169 860 1198 ae
887 1154 1099 1196 Beatorum
1130 1153 1204 1194 Pe-

245 1214 329 1263 tri,
354 1215 394 1255 &
426 1213 541 1258 Pauli
561 1212 850 1269 Apostolorum
879 1211 962 1268 ejus
981 1212 1017 1254 se
1040 1211 1205 1253 noverit

241 1271 516 1312 incursurum.

361 1330 513 1370 Datum
536 1328 676 1369 Romae
704 1325 811 1378 apud
825 1327 1014 1368 Sanctum
1033 1328 1203 1367 Petrum

244 1390 367 1431 Anno
398 1384 690 1429 lucarnationis
716 1384 962 1432 Dominicae‚
992 1382 1207 1425 millesimo

244 1440 592 1499 septingentefimo
605 1444 794 1499 vigesimo
810 1441 937 1493 sexto,
947 1452 1096 1497 quarto
1109 1442 1206 1484 ldus

249 1503 497 1546 Decembres
538 1526 555 1551 ‚
597 1498 862 1544 Pontificattis
909 1498 1048 1544 Nostri
1088 1503 1209 1543 Anno

247 1560 394 1605 Tertio
409 1588 423 1602 .

247 1692 326 1772 ᾖ(
373 1691 511 1778 Ego
533 1689 895 1757 Benediftus
930 1687 1211 1754 Catholi-

340 1804 425 1847 cae
447 1781 726 1848 Ecclefiae
743 1781 1086 1883 Episcopus
1102 1825 1118 1843 .

321 1948 447 1997 Cum
476 1943 721 2009 subjunftis
738 1942 1086 2002 cardinalium,
1122 1943 1201 2011 qui

391 2013 746 2084 subscripserunt
760 2048 777 2072 ,
794 2013 1071 2064 nominibus.
1144 2093 1146 2095 ‚

309 2145 422 2188 Ball.
437 2147 672 2188 Rom.tom.t
685 2141 812 2200 asel.
832 2152 926 2191 ¹57·

254 2380 386 2434 Sicut
401 2368 593 2432 &illam
611 2384 664 2430 B.
682 2376 907 2431 Francisci
926 2342 1214 2441 Solani,ejul2

323 2450 446 2534 dem·
466 2450 657 2527 Ordinis
691 2452 933 2501 Minorum
960 2447 1017 2499 de
1049 2447 1220 2535 Obser-

323 2535 498 2572 vantra.

324 2649 760 2705 BENEDICTUS
795 2649 1165 2706 EPISCOPUS

441 2778 615 2821 Sar-vus
645 2778 899 2821 Ssnvontm
934 2779 1015 2822 Dat
1029 2807 1044 2821 .

424 2890 723 2948 Alpes-petuam
734 2894 794 2935 m·
818 2896 1041 2936 memoriam
1053 2919 1066 2932 .

404 3017 637 3064 Dfidelium
651 3018 732 3062 Dei
755 3019 965 3064 servorum
985 3018 1155 3075 gloriam
1181 3021 1223 3063 in

263 3025 381 3137 A
415 3080 535 3123 terris
549 3075 889 3128 manifestandam,
900 3079 1007 3122 unde
1014 3081 1148 3123 cultus
1159 3079 1224 3122 di·

266 3140 383 3182 vinus
397 3137 571 3183 maxime
584 3138 752 3193 augeri,
776 3138 815 3180 δι
830 3135 1085 3193 frigescentia
1097 3138 1224 3181 corda

1263 455 1354 496 stoli
1370 455 1436 503 ,δι
1451 453 1712 506 Evangelistae
1732 456 1818 494 Deo
1833 452 1942 494 sacra
1953 482 1970 504 ,
1987 458 2223 500 Sanctorum

1263 509 1546 553 Confefforum
1577 523 1658 552 non
1690 507 1931 552 Pontificum
1962 514 2119 555 Canoni
2151 516 2226 556 ad-

1261 568 1530 611 scriberemus
1542 595 1554 607 .

1376 625 1574 667 Montiliae
1587 653 1603 676 ,
1630 624 1669 667 in
1685 625 1881 681 Hispaniae
1897 626 2049 668 ssaetieae
2062 626 2226 681 Oppido

1263 681 1333 724 sub
1348 683 1527 725 Ecclefia
1541 683 1792 727 Cordubensi
1806 714 1822 737 ,
1851 699 1971 740 quam
2000 684 2228 740 complures

1263 742 1415 782 Christi
1445 744 1648 796 Martyres
1672 742 1936 786 nobilitarunt
1956 769 1972 792 ,
1998 743 2229 785 Franciscus

1265 798 1442 843 Solanus
1455 824 1470 847 ,
1487 799 1699 843 voluntate
1713 813 1869 857 martyr
1883 800 2067 853 futuruS,
2099 803 2231 843 lucem

1262 858 1430 900 vitalem
1450 856 1692 914 adspexit-6.
1708 860 1801 902 ldus
1816 860 1983 903 Martias
1994 874 2097 903 anno
2115 873 2232 916 repa-

1263 927 1358 959 ratae
1374 914 1513 957 salutis
1532 918 1780 961 MDXLlX.
1803 918 1982 973 ingenuis
1997 944 2011 967 ‚
2037 917 2228 975 piisque)

1260 973 1491 1033 parentibus
1505 985 1618 1017 ortus
1632 1003 1647 1026 ,
1677 978 1745 1030 qui
1773 975 1898 1018 filium
1916 978 2104 1020 timorem
2124 979 2229 1029 Dei,

1262 1032 1512 1088 virtutesque
1527 1033 1760 1076 Christiano
1777 1035 1940 1078 homine
1957 1035 2098 1091 dignas
2113 1062 2129 1086 ,
2150 1034 2230 1078 sol-

1265 1092 1380 1137 licite
1394 1091 1627 1135 docendum
1642 1092 1859 1144 curarunt,
1884 1095 2030 1149 quibus
2059 1092 2140 1151 ipse
2152 1094 2235 1135 ani·

1266 1166 1333 1195 mo
1358 1150 1544 1193 accensus
1574 1151 1612 1192 in
1640 1152 1831 1195 Fratrum
1855 1156 2061 1197 Minorum
2073 1179 2089 1202 a
2112 1151 2182 1208 qui
2208 1153 2234 1195 a

1267 1209 1459 1265 Regulari
1474 1208 1740 1253 Observantia
1753 1220 2062 1268 nuncupantur,
2077 1209 2229 1254 sacram

1266 1266 1458 1310 familiam
1481 1268 1716 1311 adolescens
1742 1279 1953 1327 cooptatus
1967 1271 2023 1313 est
2035 1299 2046 1312 .
2079 1272 2126 1313 ln
2154 1281 2234 1312 esa

1268 1327 1381 1369 miris
1395 1354 1409 1376 ,
1423 1328 1460 1367 δι
1476 1327 1612 1370 multis
1622 1326 1839 1371 severioris
1853 1329 2067 1385 disciplinae
2080 1356 2095 1380 ,
2109 1326 2235 1369 Chri-

1267 1384 1473 1436 stianaeque
1490 1384 1728 1427 humilitatis
1742 1389 1990 1441 argumentis
2005 1385 2151 1432 eluxit,
2163 1382 2236 1427 diu

1267 1442 1470 1496 noctuque
1489 1440 1634 1484 divinae
1649 1443 1810 1498 pietatis
1826 1472 1840 1495 ,
1854 1443 2085 1499 affiduaeque
2103 1442 2237 1498 poeni-

1268 1501 1403 1543 tentia
1425 1502 1633 1544 exercitiis
1647 1502 1826 1544 intentus
1841 1530 1855 1552 ,
1881 1506 2022 1545 beatos
2048 1501 2172 1544 etiam
2185 1500 2236 1549 i1·,

1270 1557 1331 1601 los
1341 1558 1480 1601 Patres
1492 1584 1506 1606 ‚
1521 1558 1782 1602 Benedioum
1796 1589 1811 1612 ,
1823 1561 1864 1602 δι
1883 1557 2135 1603 franciscum
2149 1559 2240 1601 imi·

1269 1626 1377 1658 tatus
1392 1642 1407 1665 ,
1420 1617 1487 1671 qui
1505 1615 1543 1658 se
1558 1617 1689 1661 nudos
1704 1620 1809 1661 inter
1821 1618 2143 1674 pungentissimas
2157 1616 2237 1674 spi·

1269 1689 1337 1718 nas
1351 1675 1636 1732 projecerunt,
1657 1686 1702 1719 ut
1727 1690 1887 1720 omnem
1919 1678 1999 1720 vim
2033 1675 2238 1719 sensuuum

1267 1734 1501 1778 domarent.
1535 1735 1632 1783 His,
1646 1734 1812 1791 aliisque
1827 1734 2238 1790 praeclarisanimitlo·
2323 1756 2326 1759 ·

1269 1793 1374 1836 tibus
1388 1808 1437 1837 ex
1451 1792 1537 1848 ejus
1550 1793 1789 1836 admirando
1816 1804 1958 1838 tenore
1981 1796 2069 1838 vitae
2088 1793 2240 1836 identi-

1266 1852 1360 1895 dem
1374 1851 1665 1908 prodeuntibus
1677 1879 1692 1902 ,
1706 1851 1823 1895 sacris
1842 1855 1922 1909 ipse
1939 1853 2205 1896 concionibus
2219 1878 2237 1903 ,

1268 1924 1366 1968 quas
1379 1910 1645 1954 ardentissima
1660 1911 1836 1953 charitas
1850 1939 1865 1963 ,
1892 1921 2138 1967 coetereque
2153 1909 2239 1952 exi-

1271 1970 1354 2014 mi:
1372 1971 1543 2012 virtutes
1556 1968 1594 2011 in
1609 1982 1660 2011 eo
1673 1967 1871 2023 fulgentes
1886 1972 2087 2012 ornabant
2102 1994 2117 2017 ‚
2150 1966 2240 2009 ani·-

1275 2042 1358 2071 mas
1374 2025 1641 2076 lucrifaciens,
1655 2026 1790 2070 sunm
1802 2029 1980 2082 elogium
1996 2028 2130 2085 pamm
2142 2039 2239 2070 con.

1275 2087 1432 2129 secutus
1447 2087 1519 2139 est,
1533 2086 1838 2141 praesertinuubi
1849 2087 1943 2143 :gri
1956 2087 2071 2142 pueri
2088 2097 2239 2140 corpu·

1276 2144 1427 2188 sculum
1440 2174 1455 2197 ,
1486 2155 1616 2187 totum
1637 2144 1842 2189 *ulceribus
1866 2145 2014 2188 tectum
2047 2172 2062 2198 ,
2093 2144 2236 2187 amotis

1274 2205 1408 2248 linteis
1422 2232 1435 2254 ,
1450 2203 1627 2246 lambens
1640 2231 1655 2254 ,
1665 2204 1820 2246 sanitati
1837 2203 2010 2247 restituit
2023 2235 2034 2245 .

1389 2264 1467 2307 Sed
1497 2263 1563 2305 lue
1591 2262 1752 2306 crudeli
1779 2261 1971 2318 grassante
1998 2264 2036 2306 in
2050 2261 2237 2317 Hispania

1272 2322 1414 2366 Baetica
1429 2350 1446 2375 ,
1471 2321 1683 2364 maximam
1699 2320 1803 2363 suam
1818 2323 2061 2365 charitatem
2079 2322 2154 2362 Dei
2180 2318 2241 2359 fa-

1283 2382 1412 2424 mulus
1429 2382 1575 2424 morbo
1592 2380 1779 2436 pestifero
1803 2379 2100 2423 tabescentibus
2125 2388 2241 2435 pate-

1284 2438 1411 2489 fecit,
1426 2441 1492 2482 ubi
1507 2441 1709 2490 humano,
1739 2441 1780 2480 ἀ
1801 2440 1992 2496 spirituali
2010 2438 2153 2482 solatio
2164 2436 2241 2479 de-

1286 2499 1429 2542 llitutis
1454 2500 1492 2542 in
1517 2508 1628 2541 tanta
1652 2498 1882 2541 calamitate
1911 2512 2028 2554 opem
2056 2498 2239 2547 laturus,

1279 2558 1536 2614 pereuntium
1549 2559 1754 2600 animabus
1767 2556 2085 2614 corporibusque
2095 2569 2242 2598 curan·

1279 2617 1341 2658 dis
1354 2645 1369 2668 ,
1393 2616 1505 2660 nulla
1526 2618 1668 2659 mortis
1682 2613 1897 2658 formidine
1913 2618 2074 2660 territus
2089 2647 2102 2668 ,
2134 2615 2241 2658 sum-

1276 2688 1383 2716 mam
1412 2688 1578 2730 operam
1606 2674 1717 2717 dedit
1749 2687 1766 2727 ;
1797 2676 1880 2718 imo
1908 2677 1946 2716 δι
1973 2673 2053 2730 ipse
2080 2671 2245 2715 mortali

1275 2734 1520 2789 contagione
1533 2734 1570 2774 in
1577 2730 1715 2781 scetus,
1725 2734 1767 2773 δι
1778 2745 1900 2774 manu
1914 2734 1989 2775 Dei
2009 2732 2137 2789 sospes
2151 2731 2247 2774 red-

1277 2792 1385 2834 ditus
1398 2818 1412 2840 ,
1432 2793 1470 2833 in
1486 2791 1650 2848 pristino
1665 2791 1889 2834 ministerio
1901 2792 2019 2846 usque
2047 2791 2097 2834 ad
2115 2791 2248 2834 letha·

1280 2850 1330 2892 lis
1356 2850 1487 2892 morbi
1515 2848 1635 2892 finem
1667 2848 1706 2892 se
1730 2849 1903 2893 alacrius
1937 2864 2131 2894 exercere
2155 2863 2247 2905 per·⁴

1281 2918 1416 2950 rexit.

1397 2966 1475 3008 Per
1487 2978 1560 3008 ora
1570 2962 1749 3006 omnium
1763 2962 1902 3007 solani
1915 2961 2130 3008 sanctitatis
2141 2960 2244 3007 fama

1287 3021 1635 3080 percrebrescente
1655 3047 1671 3071 ,
1705 3022 1766 3064 vir
1791 3021 2087 3064 modestilfimus
2119 3049 2134 3072 ,
2174 3024 2245 3078 qui

1288 3084 1364 3125 Dei
1383 3109 1399 3133 ,
1429 3096 1508 3124 non
1523 3083 1627 3122 suam
1642 3107 1658 3132 ,
1689 3078 1861 3135 gloriam
1891 3083 2090 3136 quaetebat
2103 3107 2117 3130 ‚
2148 3081 2186 3124 se
2210 3082 2250 3124 ei

1285 3141 1393 3184 clam
1409 3138 1631 3183 subduccre
1643 3139 1867 3195 cogitavit.
1897 3143 2038 3198 Quare
2062 3140 2249 3195 martyrii

263 3198 477 3243 hominum
488 3195 540 3240 ad
555 3209 663 3240 vere
675 3196 836 3253 pietatis
849 3211 973 3252 opera
987 3222 1001 3245 ,
1027 3196 1230 3251 preclaris
1286 3213 1361 3256 pro
1375 3198 1537 3242 Christo
1552 3196 1744 3242 subeundi
1761 3200 2001 3254 percupidus
2014 3226 2030 3248 ,
2061 3201 2162 3242 hauc
2180 3197 2250 3242 fibi

265 3271 412 3302 eorum
437 3254 632 3311 exemplis
657 3255 893 3298 inflammari
918 3284 933 3307 ,
972 3266 1095 3312 atque
1124 3257 1226 3312 erigi

268 3315 412 3374 poflint
421 3344 436 3368 ,
450 3315 591 3360 libenti
605 3343 622 3368 ,
644 3314 687 3356 δε
698 3314 883 3370 pervigili
895 3313 1031 3357 animo
1051 3315 1229 3359 intendi-

270 3385 386 3429 mus3
410 3375 596 3431 quoniam
607 3373 808 3418 christum
827 3372 1048 3416 Dominum
1075 3373 1114 3415 in
1141 3374 1229 3416 san·

1286 3259 1459 3313 gratiam
1478 3258 1502 3301 ὲ
1518 3257 1739 3313 majoribus
1752 3257 1840 3299 dari
1854 3257 2076 3300 humillime
2092 3258 2250 3313 flagita-

1291 3316 1349 3359 vit
1363 3346 1378 3370 ,
1390 3327 1433 3358 ut
1450 3317 1489 3384 iti
1505 3314 1686 3359 Africam
1701 3344 1715 3367 ,
1744 3317 1906 3358 verbum
1923 3316 2000 3358 Dei
2013 3317 2250 3384 praedicatu·

1288 3389 1355 3418 rus
1370 3404 1384 3428 ,
1399 3384 1604 3429 trajiceret
1617 3403 1630 3415 .
1661 3380 1844 3430 Compos
1857 3383 1991 3417 tamen
2010 3383 2095 3417 voti
2107 3388 2251 3432 nequa·

272 3433 345 3489 etis
368 3432 453 3488 eius
473 3432 643 3476 laudare
671 3431 859 3489 jubemur
881 3461 894 3474 .
925 3432 1033 3474 Hinc
1061 3435 1228 3476 Beatum
1287 3448 1408 3491 quam
1424 3429 1573 3483 faetus,
1603 3434 1684 3475 hoc
1710 3433 1877 3475 tandem
1899 3433 2104 3482 obtinuit,
2129 3443 2175 3476 ut
2198 3433 2250 3476 ad

274 3488 354 3534 nei
367 3491 806 3544 Servum,1=ranciscum
818 3491 1029 3542 Solarium,
1041 3504 1089 3535 ex
1103 3492 1229 3535 Ordi.

273 3550 331 3592 ne*
339 3550 522 3592 Fratrum
535 3551 742 3594 Minorum
755 3577 770 3600 ,
781 3551 849 3606 qui
863 3549 884 3591 ἑ
900 3549 1072 3605 regulari
1086 3549 1230 3594 Obser-

275 3606 418 3651 vantia
432 3619 708 3663 nuncupantur
722 3639 737 3661 ,
757 3609 1075 3653 Christianarum
1105 3610 1232 3652 virtu·

272 3674 362 3708 tum
374 3664 589 3720 prestantia
598 3691 615 3715 2
639 3669 680 3710 Gt
689 3668 978 3712 miraculorum
1001 3681 1175 3710 numero
1186 3669 1232 3711 il-

271 3723 435 3766 lustrem
450 3723 577 3774 nacti,
592 3737 778 3781 magnum
791 3727 949 3783 populis
965 3726 1101 3769 nosttae
1117 3726 1227 3769 solli-

269 3781 439 3826 citudini
448 3781 615 3826 creditis
628 3784 847 3840 praefidium
862 3800 934 3829 nos
947 3784 1139 3831 allaturos
1153 3800 1226 3844 pu-

1287 3492 1565 3537 remotiffimos
1579 3491 1704 3534 Indos
1734 3490 1968 3546 evangelica
1981 3491 2162 3536 (1οᾶτίοέ
2175 3492 2252 3534 im—

1289 3551 1471 3594 buendos
1484 3566 1578 3594 cum
1586 3550 1674 3594 aliis
1686 3550 1797 3594 verbi
1814 3551 1892 3593 Dei
1907 3552 2155 3607 preconibus
2182 3566 2249 3592 na·

1290 3610 1446 3665 rigaret
1458 3637 1470 3651 .
1503 3612 1742 3652 Animarum
1753 3608 1917 3652 salutem
1933 3611 2067 3654 multis
2081 3640 2097 3665 ,
2127 3609 2250 3665 iisque

1290 3667 1523 3725 graviffimis
1540 3665 1662 3710 maris
1675 3677 1872 3723 terraeque
1886 3669 2158 3724 periculisVir
2174 3666 2251 3709 Dei

1287 3725 1500 3782 praeferens
1515 3755 1531 3778 ,
1544 3740 1625 3768 non
1641 3725 1720 3768 fine
1731 3726 1924 3782 prodigio
1949 3727 1999 3769 ad
2015 3728 2167 3770 vineam
2182 3722 2249 3762 fibi

1286 3786 1309 3828 ἰ
1328 3785 1508 3830 Domino
1523 3794 1705 3844 paratam
1727 3783 1925 3829 laboriose
1948 3781 2250 3830 excolendam..-

2105 3852 2194 3883 cum
