2444 4192
786 181 950 267 Sub
1009 181 1348 266 Nicolaa
1403 177 1451 260 I
1467 177 1511 260 I
1525 175 1589 261 Ι.

310 350 350 381 m
373 331 593 379 nonnullos
614 328 852 373 Sanctorum
865 330 1056 383 catalogo
1079 331 1156 370 Se-

185 403 255 445 des
266 394 408 441 eadem
421 406 470 435 cx
486 404 628 434 eorum
649 389 730 430 vita
744 413 762 439 ,
773 387 811 428 &
833 386 1040 430 miraculis
1054 384 1154 428 fecit

185 452 354 503 adscribi
370 465 381 494 :
396 466 443 494 ac
465 447 678 514 noviffime·
694 443 796 502 quali
820 442 964 486 diebus
988 445 1068 487 istis
1085 457 1158 500 per

179 505 926 621 fflffiffiffossffifflsffiffifss
942 506 1159 612 ἒιῗὲῗῗὶ

177 630 360 677 evidenti
375 629 554 672 utilitate
564 652 579 676 ,
597 637 715 682 quam
728 620 782 665 de
795 617 1153 687 ipsa-consequitur

175 686 414 735 universalis
440 683 636 736 Ecclesia,
650 683 688 725 in
703 679 885 736 generali
900 676 1155 745 Lugdunenli

177 747 372 795 Concilio
385 747 522 790 extitit
537 743 810 788 declaratum.
844 740 934 782 Nec
962 739 1048 780 Nos
1079 751 1154 778 mi·

176 822 251 852 nus
273 806 538 857 attendimus,
553 803 635 846 imo
649 796 895 865 profundius
910 795 1157 864 cogitamus,

177 868 280 912 ficut
309 864 475 923 pensare
514 861 668 905 debent
694 858 879 903 subtilitis
909 866 1046 899 caeteri
1077 858 1158 899 Ca-

175 925 342 970 tholicae
365 922 480 967 Fidei
510 916 776 977 profess‘ores,
801 916 914 974 quod
936 914 1018 971 ipse
1045 918 1155 959 Deus

175 984 378 1028 Ordinem
394 980 628 1039 pradictum
642 1009 659 1032 ,
686 979 729 1020 δι
754 976 839 1035 ejus
856 974 1154 1020 Observatores

177 1042 421 1100 inspiciens,
442 1042 494 1084 sic
507 1052 580 1084 eos
593 1036 959 1094 abinsurgentibus
988 1035 1028 1078 in
1050 1034 1153 1093 ipsos

177 1102 417 1147 rancoribus
450 1099 612 1145 salutari
644 1098 826 1155 presidio
869 1094 1155 1153 preservavit,

179 1160 291 1220 quod
306 1174 383 1204 nec
396 1158 500 1216 ipsos
515 1159 658 1202 fluetus
681 1154 973 1214 tempestuosus
999 1154 1120 1199 allisit
1136 1184 1152 1207 ‚

181 1234 259 1264 nec
273 1220 429 1263 animos
455 1218 494 1260 in
517 1215 675 1259 Ordine
697 1214 783 1270 ipso
799 1215 1038 1271 degentium
1051 1228 1154 1257 con-

2029 212 2133 294 57

1215 330 1444 374 edidimus,
1460 329 1503 369 ἃ
1516 328 1784 370 conceffimus
1796 356 1812 380 ,
1842 333 1962 387 plura
1990 340 2112 381 etiam
2134 328 2216 384 oi·-v

1215 384 1400 428 dinando
1412 383 1594 427 serioiiiis
1606 413 1622 435 ,
1634 387 1674 427 δι
1687 387 1838 429 clarius
1853 420 1868 440 ‚
1882 405 1965 446 quae
1980 393 2084 436 infra
2100 398 2197 441 scri.

1218 443 1299 501 ptis
1311 443 1497 486 articulis
1519 443 1679 499 plenius
1692 447 1979 500 exprimuntur·
1991 478 2007 492 .

1367 561 1944 608 ARTICULUS
2009 569 2043 608 1.

1309 682 1376 723 De
1404 679 1668 738 Obstrvantia
1697 680 1924 736 Evangelict‘
1938 682 2100 739 Consilii
2111 710 2127 734 ‚

1573 741 1627 792 ὠ·
1642 740 1831 796 praecepti
1843 767 1857 781 .

1287 860 1329 902 Ν
1343 857 1484 914 primis
1499 886 1514 911 ,
1528 859 1624 916 quia
1638 857 1659 916 (
1674 860 1775 902 ficut
1803 859 2076 903 intelleximus
2097 860 2118 917 )
2150 858 2200 900 ab

1306 918 1512 975 aliquibus
1530 918 1730 963 haefitatur
1746 949 1760 972 ,
1777 931 1826 961 an
1843 922 2005 964 Fratres
2020 918 2203 977 ejusdem

1213 976 1386 1021 Ordinis
1399 987 1482 1021 tam
1496 977 1548 1022 ad
1565 978 1734 1022 confilia
1747 1008 1759 1031 ,
1772 979 1892 1034 quim
1905 981 1953 1022 ad
1970 988 2202 1036 praecepta„

1216 1034 1431 1094 Evangelii
1459 1048 1679 1082 teneantur
1692 1052 1706 1081 ε
1731 1048 1818 1081 tum
1845 1041 1939 1095 quia
1966 1042 2007 1082 in
2035 1036 2204 1094 Regulae

1215 1096 1411 1154 predicte
1425 1097 1633 1154 principio
1651 1098 1853 1142 habetur:
1872 1101 2023 1154 Regulo
2040 1099 2093 1149 ά·
2119 1096 2210 1140 Vita

1214 1159 1417 1199 Minoi-nm
1436 1158 1633 1200 Fratrum
1645 1157 1725 1199 hcc
1749 1159 1828 1216 est,
1842 1158 2005 1216 scilicet
2043 1155 2208 1200 Domini

1215 1215 1339 1271 nostri
1351 1216 1454 1273 ‘Jefit
1471 1216 1619 1262 Cho-me·
1633 1218 1824 1261 Sannum
1851 1218 2109 1276 Evangelium
2138 1213 2207 1256 ob.

178 1279 318 1324 stravit
331 1290 347 1332 3
361 1276 456 1334 quin
473 1275 609 1334 potius
625 1274 664 1316 in
682 1275 823 1331 vigore
848 1273 1026 1330 regulari
1053 1287 1155 1316 con·
1200 1273 1373 1333 strvare
1385 1304 1399 1326 ,
1413 1275 1576 1319 vivendo
1588 1279 1631 1318 in
1642 1277 1864 1321 obedientia
1880 1307 1894 1331 ‚
1917 1278 1998 1324 k'ne
2007 1277 2176 1333 proprio
2191 1301 2206 1326 ,

178 1338 394 1388 crescant,
423 1336 464 1378 δι
487 1334 734 1391 amplientur
765 1334 805 1378 in
829 1332 992 1377 suorum
1016 1332 1156 1377 obser·
1217 1333 1324 1384 &in
1337 1335 1549 1392 castitate.
1567 1337 1671 1379 Tum
1694 1350 1743 1380 ex
1759 1353 1834 1388 eo,
1864 1336 1975 1394 quod
2008 1338 2048 1378 in
2066 1332 2209 1378 eadem

177 1396 314 1442 vantia
332 1395 615 1439 mandatorum
628 1422 641 1436 .

298 1456 606 1507 Verumtamen,
623 1463 668 1497 ut
683 1453 802 1497 Ordo
813 1452 1024 1510 pradictus
1039 1483 1054 1506 ,
1070 1452 1158 1510 qui-

179 1515 356 1563 buslibet
389 1515 559 1570 praeeisis
583 1512 830 1556 anfractibus
858 1512 1045 1558 distineri
1068 1541 1083 1564 ‚
1115 1513 1154 1554 &

177 1573 280 1634 puri
301 1575 434 1631 vigeat
446 1574 635 1620 claritate
651 1587 663 1616 ε
678 1574 781 1617 licut
798 1575 964 1617 Fratres
975 1571 1154 1628 ejusdem

179 1634 524 1690 Ordinis,nuper
550 1635 590 1678 in
616 1633 813 1679 Gener-ali
833 1632 1037 1687 Capitulo
1052 1645 1157 1674 con—

209 1693 339 1750 regati
350 1692 618 1750 providerant
631 1721 646 1746 ‚
661 1692 820 1736 dilectis
846 1692 956 1735 Filiis
970 1694 1155 1736 Genera·

201 1753 242 1806 i,
269 1752 312 1796 dt
332 1750 544 1796 nonnullis
569 1751 662 1796 aliis
696 1750 1026 1797 Provincialibus
1047 1748 1145 1807 ejus
1144 1776 1158 1786 -

177 1810 274 1858 dem
288 1810 455 1855 Ordinis
469 1811 659 1856 Ministris
671 1841 684 1864 ,
701 1812 770 1870 qui
797 1810 837 1854 in
852 1810 1053 1867 Capitulo
1068 1811 1157 1867 ipso

176 1880 482 1926 convenerant,
503 1871 544 1917 in
569 1872 704 1917 nostra
728 1870 934 1928 presentia
958 1869 1157 1915 constitu·

183 1929 236 1974 tis
248 1958 267 1981 ,
283 1943 377 1973 cum
389 1932 440 1977 ad
455 1931 616 1988 plenam
628 1930 958 1975 observationem
987 1929 1155 1987 Regula

181 1985 361 2045 ejusdem
385 1990 424 2055 in
450 1989 592 2055 vigore
605 1989 765 2055 spiritus
791 2004 936 2055 eorum
960 1989 1162 2035 fervere)

186 2044 382 2091 noscatur
401 2054 572 2089 intentio
584 2073 600 2099 ‚
616 2045 740 2089 visum
754 2046 811 2090 est
829 2046 977 2091 Nobis,
995 2046 1163 2088 morda.

182 2106 297 2150 cibus
313 2103 538 2162 hujusmodi
551 2104 768 2148 mordendi
794 2104 881 2148 vias
898 2101 1165 2158 praecludere,

187 2163 326 2219 aliqua
349 2189 365 2212 ,
398 2175 485 2216 quae
511 2163 552 2201 in
576 2161 657 2212 ipsa
687 2162 849 2211 Regula
881 2160 1013 2199 videri
1043 2168 1164 2210 pote·

181 2229 277 2265 sant
295 2217 418 2261 dubia
432 2242 448 2267 ,
470 2214 711 2267 declarare3
739 2212 935 2256 nonnulla
962 2225 1033 2268 per
1058 2213 1167 2254 Pr:-

180 2272 400 2325 deoefforer
408 2273 569 2319 nostros
583 2273 816 2321 declarata,
846 2271 1022 2327 pleniori
1042 2270 1166 2314 clari-

181 2344 270 2384 tste
282 2332 504 2390 differere3
527 2332 783 2392 inaliquibus
806 2332 932 2375 etiam
958 2329 1168 2386 Regulam

179 2393 303 2455 ipiim
314 2393 678 2454 contingentibus,
700 2392 869 2451 puritati
895 2389 1162 2435 eorundem„

185 2455 392 2502 conicient
398 2455 442 2499 in
456 2452 675 2512 providere
687 2482 701 2496 .

303 2517 390 2560 Nos
404 2524 544 2558 autem
559 2514 652 2572 ,qui
667 2514 689 2556 i
705 2512 853 2557 teneris
883 2510 999 2555 annis
1020 2510 1071 2554 ad
1086 2512 1168 2553 Or·

182 2571 321 2618 dinem
335 2573 463 2632 ipsum
483 2571 643 2618 affectus
659 2571 815 2616 nostros
841 2573 1046 2616 ereximus
1064 2601 1079 2622 ,
1093 2571 1168 2614 in..-

184 2631 269 2678 illis
294 2632 574 2686 succedendo,
597 2646 692 2677 cum
715 2631 921 2689 aliquibus
946 2630 1171 2688 ejusdem-2

184 2689 438 2738 Conseffinis
452 2691 572 2738 sociis
586 2721 603 2747 ,
614 2692 764 2751 quibus
777 2690 864 2749 ejus
881 2693 963 2736 vita
978 2721 994 2746 ‚
1020 2692 1062 2734 er
1074 2704 1170 2733 con-

185 2749 361 2799 versario
376 2765 474 2798 nora
498 2761 614 2807 erat,
638 2752 757 2810 super
788 2752 875 2808 ipsi
905 2750 1099 2809 Reguli,
1130 2750 1172 2792 δι

181 2807 318 2857 sana!
331 2812 451 2871 ipiius
464 2813 581 2858 Beati
595 2808 797 2857 Francisci
813 2812 1041 2857 intentione
1053 2840 1069 2863 ,
1083 2808 1171 2853 sre-

184 2872 328 2931 quenti
340 2870 568 2917 collatione
580 2870 842 2916 tractavimus
857 2900 874 2924 ,
898 2873 942 2915 &
968 2871 1173 2915 tandem.»

186 2931 423 2977 Cardinalis
437 2958 453 2982 ,
464 2945 509 2975 ac
520 2930 783 2989 postmodum
803 2931 987 2989 ejusdem
1000 2930 1171 2975 Ordinis

192 2997 194 2999 ’
242 2990 505 3049 rpraedictam
519 2989 667 3036 sedem
695 2990 989 3041 Gubernator,
1019 2993 1171 3036 Prote-

255 3064 277 3096 τ
289 3076 305 3101 ,
319 3052 362 3095 δι
372 3052 599 3095 Coi-rector
613 3049 742 3095 effecti
758 3078 774 3102 ,
798 3050 1056 3096 conditiones
1080 3065 1170 3108 prae.

189 3110 287 3156 dieii
299 3109 471 3154 Ordinis
484 3125 533 3154 ex
547 3109 776 3154 imminenti
804 3111 938 3155 Nobis
965 3124 1062 3154 cura
1079 3110 1171 3168 pal-

245 3170 377 3214 vimus
388 3169 429 3214 in
445 3167 702 3227 Apostolatiis
716 3168 880 3221 officio,
895 3178 979 3215 tam
1004 3171 1044 3214 in
1074 3171 1172 3227 pia-2

193 3231 422 3275 autentione
445 3226 699 3275 eonfeffori's
728 3229 908 3286 praedicii
937 3258 952 3282 ,
977 3229 1098 3287 'quim
1133 3230 1174 3272 in

193 3290 257 3335 nir
266 3316 283 3341 ,
294 3304 383 3348 quae
404 3287 611 3346 Regulam
627 3288 754 3346 ipsam
767 3315 783 3339 ,
805 3290 846 3332 δι
859 3289 946 3346 ejus
958 3290 1177 3333 observan-

197 3348 293 3393 tiam
319 3350 568 3405 contingunt
582 3363 661 3402 ,ex
673 3348 871 3407 predictis
898 3347 1023 3404 longi
1048 3349 1174 3392 etiam

198 3405 446 3466 “pruentia
458 3405 696 3468 informati,
729 3407 885 3453 nostros
897 3408 948 3452 ad
973 3409 1175 3452 Ordinem

201 3467 406 3522 ‘insutum
428 3469 711 3512 convertimus
728 3467 961 3524 cogitatus:
987 3469 1028 3511 &
1053 3478 1177 3511 tarsu

202 3537 280 3585 et,
294 3539 384 3585 qun
409 3541 481 3585 per
509 3526 812 3586 predeceffores
834 3527 1000 3573 eosdem
1024 3540 1177 3584 appro-

205 3584 325 3639 bata,
351 3588 390 3631 ἃ
411 3586 620 3632 declarata
646 3585 964 3634 effenoscuntur
980 3617 995 3640 ‚
1021 3588 1175 3645 quim..

201 3643 562 3710 etiffmlegulam,
589 3649 731 3692 &eam
756 3648 1039 3705 contingentia
1053 3676 1068 3699 ‚
1090 3659 1175 3688 ma·

203 3705 508 3769 turlsssstplenl
519 3706 768 3752 discuffimus
780 3722 794 3751 ε
811 3706 1006 3752 nonnulla
1025 3708 1064 3748 in
1079 3719 1174 3761 prae-

198 3761 301 3806 sent!
314 3758 418 3804 sctit
435 3763 638 3812 flaminius
649 3768 998 3820 ,declaravimus,
1013 3765 1167 3809 certius

191 3821 534 3927 ²PP¹¹0322¹3¹32
557 3830 781 3887 approbata
807 3825 1134 3872 confirmavimus
1155 3855 1172 3881 ,

1219 1395 1382 1451 Regula
1398 1396 1639 1438 continetur
1654 1394 1704 1436 fic
1718 1410 1732 1439 ε
1747 1399 1871 1455 finito
1889 1396 1981 1438 vero
1996 1407 2097 1436 anno
2109 1400 2211 1446 pro·

1215 1454 1390 1497 battonis
1405 1482 1421 1506 ,
1446 1457 1702 1509 recipiantur
1730 1458 1785 1498 od
1802 1454 2063 1496 obedientiam
2079 1480 2094 1503 ,
2118 1459 2216 1506 pro·

1216 1518 1418 1558 mittentes
1437 1519 1564 1556 vtum
1582 1512 1861 1572 {staufen-per
1876 1542 1891 1566 ,
1907 1513 1956 1562 ὅ
1981 1513 2217 1569 Regulam

1216 1573 1446 1632 obstruere.
1474 1575 1582 1617 Tum
1602 1572 1729 1615 etiam
1743 1604 1759 1627 ,
1787 1574 1882 1632 quia
1916 1574 1959 1615 in
1991 1570 2072 1614 fine
2098 1569 2215 1624 ipsius

1219 1632 1390 1690 Regula:
1405 1634 1675 1676 continentur
1700 1633 1781 1677 haee
1800 1633 1924 1677 verba
1942 1645 1956 1676 ε
1990 1633 2213 1685 Pauperta-

1216 1705 1325 1745 ten,
1351 1694 1406 1742 ῥ·
1432 1692 1700 1735 bumilitatem
1714 1724 1729 1745 ,
1754 1706 1800 1735 at
1829 1691 2017 1735 sanetum
2034 1691 2211 1744 Evange-

1216 1755 1318 1799 Iinin
1339 1754 1502 1795 Domini
1516 1752 1654 1810 Nostri
1667 1754 1769 1811 qesta
1784 1749 2059 1809 Christi,quod
2069 1748 2218 1810 firmi-

1217 1825 1282 1858 ter
1292 1811 1572 1869 promisimus,
1589 1812 1860 1871 obstruemus:
1890 1810 2006 1856 Licet
2035 1808 2106 1853 fel.
2127 1817 2213 1849 rec·
2237 1853 2244 1863 ,

1217 1871 1446 1929 Gregorius
1461 1870 1844 1929 Falx-prudens
1861 1871 1997 1914 nolier-
2015 1870 2121 1911 hunc
2139 1866 2223 1906 Ar-

1222 1932 1466 1983 ticulum,&
1480 1932 1702 1976 nonnullos
1717 1931 1823 1975 alios
1836 1929 2020 1987 ejusdem
2045 1922 2220 1981 Regulae

1222 1991 1613 2050 declaraverit,quia
1628 2002 1763 2035 tamen
1788 1992 1869 2047 ejus
1882 1989 2111 2033 declaratio
2125 1996 2224 2040 pro-

1225 2062 1318 2105 pter
1330 2052 1565 2105 aliquorum
1580 2052 1878 2108 insurgentium
1908 2051 1948 2091 in
1971 2050 2159 2095 Fratres,
2180 2042 2222 2084 &

1226 2106 1433 2159 Regulam
1462 2107 1749 2158 inordinatos,
1777 2108 1844 2150 vel
1861 2107 2075 2149 mordaces
2101 2101 2227 2147 insul·

1227 2174 1320 2209 tus,
1349 2167 1390 2204 δι
1417 2164 1644 2209 multorum
1673 2165 1809 2220 postea
1836 2164 2138 2220 emergentium
2153 2173 2225 2202 cs-

1227 2213 1343 2258 suum
1369 2219 1684 2260 confiderandos
1709 2233 1883 2263 eventus
1900 2249 1913 2270 ‚
1939 2223 1979 2262 in
2006 2219 2222 2277 aliquibus

1227 2275 1431 2325 obscura,
1447 2274 1487 2318 in
1501 2275 1707 2332 aliquibus
1733 2276 1950 2332 semiplena
1966 2279 2034 2326 ,δι
2049 2279 2092 2318 in
2117 2275 2225 2317 mul.

1228 2334 1284 2379 tis
1312 2334 1442 2377 etiam
1462 2337 1673 2379 contentis
1698 2337 1738 2378 in
1764 2335 1846 2391 ipsa
1873 2337 2034 2391 Regula
2067 2332 2225 2378 insuffi-

1228 2396 1340 2438 ciens
1371 2394 1537 2438 videtur
1559 2407 1575 2447 3
1613 2398 1701 2438 Nos
1728 2394 2023 2438 obscuritatem
2046 2423 2061 2447 ,
2086 2409 2134 2437 ac
2161 2396 2229 2435 inu·

1230 2452 1510 2502 sufficientiam
1526 2452 1783 2511 hujusmodi,
1799 2454 1986 2510 perfecie
2014 2455 2226 2509 interpre-

1230 2514 1400 2560 tationis
1417 2513 1701 2558 declaratione
1719 2528 1913 2558 amovere
1939 2513 2128 2557 volentes
2143 2538 2157 2560 a
2182 2512 2227 2555 δι

1230 2572 1454 2631 cujuslibet
1490 2574 1771 2631 ambiguitatis
1811 2573 2050 2631 scrupulum
2081 2574 2121 2614 in
2148 2570 2226 2613 eis-

1229 2634 1325 2678 dem
1346 2634 1400 2676 de
1429 2632 1681 2689 fingulorum
1700 2635 1907 2678 mentibus
1935 2633 2131 2691 plenioris
2154 2643 2226 2672 ex·

1232 2694 1443 2753 positionis
1477 2694 1730 2738 certitudine
1760 2704 1975 2751 amputare
1991 2722 2007 2745 ,
2021 2694 2191 2735 dicimus
2208 2718 2223 2742 ,

1231 2754 1344 2813 quod
1363 2767 1484 2804 ,cum
1499 2755 1539 2796 in
1556 2756 1760 2812 principio
1783 2755 1948 2811 Regula
1963 2767 2046 2796 non
2061 2751 2226 2794 absolu-

1231 2815 1277 2858 te
1289 2845 1303 2867 ‚
1318 2812 1386 2858 sed
1402 2828 1495 2856 cum
1512 2814 1689 2872 quadam
1705 2814 2011 2857 modificatione
2025 2840 2039 2862 ,
2067 2810 2137 2855 seu
2152 2810 2224 2852 de-

1233 2875 1564 2924 terminatione,
1595 2872 1662 2918 seu
1691 2873 1994 2929 specificatione
2020 2883 2224 2930 ponatur,

1235 2935 1390 2989 Regula
1403 2935 1457 2985 ά·
1483 2936 1571 2978 Vita
1594 2932 1801 2977 Mirm-um
1820 2936 2015 2977 Fratrum
2042 2935 2125 2973 hec
2138 2928 2191 2985 est
2206 2954 2222 2978 ,

1217 2995 1383 3052 fiilitet
1409 2996 1575 3036 Domt’nt'
1598 2991 1721 3051 nostri
1733 2992 1835 3051 ‘jesia
1860 2990 2011 3050 christi
2037 2988 2224 3034 santium

1233 3054 1493 3109 Euangeliou
1506 3052 1742 3109 observare,
1757 3052 1920 3095 vivendo
1932 3054 1974 3092 in
1985 3047 2220 3099 obedientia,

1221 3112 1316 3171 fine
1326 3112 1502 3169 proprio
1515 3141 1531 3165 ,
1545 3114 1595 3162 Θ·
1607 3117 1651 3155 in
1668 3113 1852 3170 castitate
1865 3124 1878 3153 ε
1892 3125 1976 3166 quae
1989 3110 2071 3153 tria
2084 3108 2227 3152 eadem

1224 3171 1396 3228 Regula
1413 3172 1591 3215 multum
1603 3172 1712 3215 arde
1736 3172 2021 3228 prosequitur,
2050 3170 2091 3211 δι
2107 3166 2226 3210 nihil.

1235 3234 1398 3275 ominus
1415 3231 1495 3275 alis
1513 3231 1712 3276 nonnulla
1736 3231 1957 3282 subnectit,
1988 3228 2227 3285 praecipien·

1235 3293 1321 3343 do,
1347 3291 1637 3348 prohibend0‚
1662 3290 1917 3334 consulendo
1940 3318 1955 3341 ,
1981 3285 2225 3339 monendo,

1237 3350 1474 3403 hortando,
1498 3352 1539 3392 8ι
1566 3349 1636 3392 sub
1660 3351 1750 3394 aliis
1770 3351 1905 3394 verbis
1931 3346 1982 3390 ad
2009 3346 2224 3402 aliquem..

1238 3411 1460 3458 modorum
1486 3410 1781 3454 reducibilibus
1809 3409 2092 3466 praeditstorum
2126 3418 2139 3447 :
2169 3404 2223 3446 de

1236 3470 1473 3514 intentione
1501 3470 1670 3525 Regula:
1697 3470 1853 3526 liquere
1879 3467 1989 3512 valet
2013 3461 2226 3522 apertius·,

1237 3529 1407 3575 utillud
1422 3558 1437 3581 ‚
1450 3530 1561 3587 quod
1584 3531 1623 3572 in
1638 3528 1878 3586 professione
1893 3527 2003 3584 quali
2031 3522 2225 3567 absolute

1238 3589 1417 3633 subnecti
1433 3590 1597 3632 videtur
1611 3615 1626 3639 ‚
1648 3593 1926 3644 promittentes
1954 3590 2081 3628 vitam
2102 3581 2227 3640 istam

1220 3649 1384 3707 semper
1396 3676 1411 3697 ,
1427 3649 1476 3697 δ’
1494 3649 1683 3705 Regulam
1694 3648 1929 3706 obftrvare3
1954 3647 1994 3688 δι
2009 3643 2119 3702 quod
2152 3642 2222 3684 in..-

1234 3708 1315 3751 fine
1329 3707 1581 3763 subjungitur
1594 3736 1609 3758 ,
1626 3709 1682 3757 ά·
1697 3705 1887 3749 sannam
1918 3703 2225 3761 Evangetiuim

1233 3768 1399 3811 Domini
1421 3769 1548 3821 nostri
1575 3768 1676 3821 7efit
1699 3766 1882 3825 christi,
1911 3765 2018 3821 quod
2039 3762 2224 3820 firmiter

1221 3827 1471 3886 promisimus
1493 3856 1507 3881 ,
1538 3827 1777 3886 obsi-rvemui
1791 3841 1834 3928 1⁵1
1848 3837 1988 3870 toturn
2017 3821 2069 3864 ad
2082 3813 2220 3915 l{psus
