2444 4192
790 216 951 299 Sub
1013 219 1437 303 Innocentio
1497 217 1584 303 Χ
1598 216 1640 299 I
1652 216 1706 300 l.

243 369 324 414 rito
345 367 466 418 1690.
480 361 739 411 Pontificatfis
763 360 825 407 sui
835 368 871 407 1.
896 367 934 406 in
950 368 1207 411 Sacrosanfia

244 432 286 473 Β.
305 429 412 471 Petri
427 426 714 481 Apostolorum
729 423 924 477 Principis
935 425 1111 475 Bafilica,
1127 440 1208 481 quo

241 485 406 529 solemni
432 487 535 528 Ritu
562 498 654 528 cum
679 481 986 524 Venerabilibus
1007 485 1210 525 Fratribus

238 543 415 592 Nostris,
429 555 525 588 tunc
541 542 629 591 suis,
645 540 812 596 ejusdem
826 542 866 582 S.
887 540 936 579 R.
955 540 1002 579 E.
1013 540 1210 588 Cardina-

239 603 362 654 libus,
375 603 634 652 patriarchis,
647 595 981 653 archiepiscopis,
993 597 1034 636 δι
1048 595 1210 650 Episco-

237 663 325 719 pis,
347 674 394 704 ae
423 660 575 703 dilectis
602 658 709 704 Filiis
733 657 846 699 dieta:
876 656 1064 697 Romanae
1077 653 1211 695 Curiae

241 721 421 763 Praelatis
434 745 450 769 ‚
475 718 722 762 Officialibus
733 746 749 768 ,
763 715 804 758 &
819 711 1091 758 familiaribus
1103 709 1180 753 suis
1194 738 1208 761 ,

236 779 363 823 Clero
376 777 564 822 Saeeulari
578 802 593 826 ,
604 779 643 818 δι
655 773 845 830 Regulari
860 799 876 825 ‚
889 774 927 814 δι
942 770 1112 812 maxima
1128 773 1208 812 Po·

235 836 321 893 puli
356 836 578 935 fre‘quentia
608 833 723 878 mane
749 839 991 876 convenerat
1005 858 1020 881 ‚
1049 828 1206 895 iteratis

235 894 368 947 primo
381 920 396 943 ,
426 893 588 937 ecundo
601 921 615 945 ‚
631 891 809 936 &tertio
822 903 898 947 pro
911 888 1207 932 canonizatio-

234 953 296 995 nis
331 954 511 996 Decreto
539 951 800 1008 petitionibus
826 963 894 1005 per
921 946 1112 990 dilectum
1144 945 1208 988 Fi-

232 1011 332 1054 lium
347 1011 655 1062 Nostrum,tune
668 1008 968 1061 summarum
981 1007 1020 1048 S.
1029 1006 1207 1048 Lauren-

235 1069 283 1112 tii
295 1069 337 1111 in
359 1071 530 1113 Damaso
543 1067 798 1112 cardinalem
811 1065 1092 1110 Otthobonum
1104 1077 1206 1107 nun-

232 1136 446 1183 cupatum,·
456 1128 619 1170 nomine
629 1125 890 1183 praefatorum
905 1121 1103 1179 Leopoldi
1120 1124 1204 1166 Ro·

234 1197 445 1228 manorum
473 1186 594 1242 Regis
623 1187 662 1228 in
678 1188 968 1241 Imperatorem
982 1180 1101 1224 electi
1115 1206 1130 1230 ‚
1160 1180 1202 1221 δι

228 1242 373 1285 Caroli
400 1243 676 1299 Hispaniarum
705 1242 830 1297 Regis
847 1239 1054 1284 Catholici
1070 1267 1084 1289 ‚
1113 1238 1201 1294 post

227 1303 374 1344 Sacros
387 1301 573 1355 Hymnos
585 1326 600 1350 ‚
621 1300 799 1354 Litanias
810 1323 826 1346 ‚
841 1296 1013 1352 aliasque
1029 1297 1200 1344 Preces,

227 1361 268 1406 δι
278 1356 364 1416 post
377 1356 549 1415 Spiritus
561 1357 695 1400 Sancti
709 1355 878 1412 gratiam
898 1354 979 1397 rit'e
1006 1353 1200 1407 implora-

229 1427 314 1461 tam
326 1442 341 1466 ‚
355 1417 404 1460 ad
421 1418 616 1460 honorem
625 1413 877 1458 Sanetiffimae
889 1439 903 1463 ,
923 1413 964 1455 δι
979 1410 1201 1454 Individuae

231 1475 444 1520 Trinitatis
456 1500 473 1523 ‚
493 1473 545 1517 ad
569 1474 861 1517 exaltationem
875 1470 991 1514 Fidei
1009 1470 1199 1513 Catholi-

231 1547 317 1585 σε,
343 1534 383 1576 δι
406 1531 637 1576 Christiana
662 1530 886 1586 Religionis
909 1537 1199 1585 augmentum,

233 1593 474 1635 auctoritate
491 1590 656 1635 Domini
673 1588 908 1645 NostriJesu
921 1586 1091 1637 Christi,
1105 1588 1199 1631 Bea-

232 1661 371 1696 torum
386 1649 670 1706 Apostolorum
684 1647 824 1698 Petri,
844 1648 883 1689 δι
896 1645 1008 1689 Pauli
1029 1671 1044 1694 ,
1071 1659 1117 1686 ac
1133 1642 1199 1687 sua

231 1715 384 1752 matura
411 1708 700 1751 deliberatione
728 1705 964 1762 praehabita,
1002 1705 1039 1745 δι
1054 1703 1198 1745 Divina

231 1781 309 1823 ope
336 1765 467 1822 sapius
486 1765 703 1822 implorata
717 1793 732 1816 ‚
763 1777 809 1806 ac
835 1764 886 1807 de
906 1761 1198 1818 prefatorum-0

230 1823 410 1884 ejusdem
427 1829 468 1869 S.
485 1826 536 1867 R.
554 1827 603 1867 Ε.
619 1822 899 1866 cardinalium
912 1849 927 1871 ,
941 1820 1197 1864 patriarcha-

230 1898 319 1927 rum
333 1910 348 1933 ‚
379 1882 779 1939 Archiepiscoporum
794 1910 810 1932 ,
821 1882 862 1923 δι
879 1878 1165 1934 Episcoporum
1180 1907 1196 1928 ,

228 1954 327 1985 tunc
338 1943 377 1983 in
395 1942 507 1984 Urbe
521 1939 766 1984 existentium
781 1938 943 1982 confilio
954 1965 969 1989 ,
982 1938 1194 1982 B.Pascha·

159 1998 162 2002 ’
185 1997 190 2003 ’
233 2001 327 2044 len?
342 1999 490 2055 Baylon
505 2024 520 2047 ,
548 1999 626 2042 uni
651 2012 742 2041 cum
757 1998 888 2040 Beatis
906 1998 1121 2040 Laurentio
1130 1998 1196 2051 Ju-

230 2057 508 2114 flinianodo:
523 2058 544 2099 i
561 2056 800 2113 Capiflrano
814 2083 829 2108 ,
851 2056 1004 2111 Joanne
1030 2054 1082 2097 de
1097 2054 1197 2096 San·

232 2121 301 2160 ἂο
314 2116 504 2162 Facundo
516 2143 531 2167 ,
543 2117 654 2174 &Joz
667 2114 718 2158 de
734 2119 823 2158 Deo
834 2143 850 2168 ‚
872 2117 1100 2157 Sanctum
1115 2111 1197 2155 esse

217 2177 440 2224 decrevit,
467 2176 506 2217 δι
520 2174 702 2218 definivit
714 2202 729 2225 ,
758 2188 804 2215 ac
822 2174 1056 2217 Sanctorum
1071 2174 1197 2214 Cata·

233 2235 277 2278 lo
305 2249 332 2276 o
347 2232 544 2288 adscripsit
556 2232 751 2283 ,statuens
765 2233 812 2274 ab
830 2227 1004 2274 Ecclefia
1019 2230 1193 2272 Univer-

230 2291 280 2336 sal
310 2291 497 2349 quolibet
509 2303 613 2333 anno
635 2288 701 2332 die
724 2303 786 2342 17·
803 2289 900 2346 Maji
914 2318 930 2340 ,
949 2302 1026 2344 qua
1040 2287 1193 2330 obdor-

229 2350 345 2396 mivit
372 2350 412 2392 in
442 2349 621 2393 Domino
635 2375 651 2400 ‚
673 2349 912 2394 memoriam
940 2346 1053 2404 ipsius
1083 2347 1193 2389 inter

229 2411 395 2456 Sanetus
411 2406 676 2452 Consessores
699 2407 828 2451 recoli
851 2406 1023 2451 debere.
1054 2409 1101 2450 ln
1116 2407 1195 2448 No·

236 2472 338 2512 mine
354 2467 486 2511 Patris
502 2494 516 2518 ‚
534 2466 582 2515 ὅ
597 2464 696 2510 Filii
710 2467 886 2523 spir-itas
899 2465 1044 2509 sunl-7?-
1060 2469 1194 2507 Amen.
1216 2466 1225 2472 ”

287 2526 326 2577 ξ.
341 2526 410 2572 26.
471 2525 632 2586 Qibus
644 2526 812 2580 pei-aitis
828 2553 843 2576 ‚
871 2526 1004 2567 Deum
1036 2525 1196 2567 van-em

230 2594 422 2630 eternum
435 2611 450 2636 ,
478 2585 715 2638 Regemque
740 2583 879 2639 gloria
894 2582 1096 2626 Christum
1112 2584 1195 2623 Do·

156 2650 158 2652 ’
231 2644 382 2687 minum
401 2642 531 2686 Patris
544 2643 838 2697 Sempiternum
854 2640 1021 2691 Filium,
1036 2654 1082 2681 ac
1098 2643 1196 2681 San·

229 2705 335 2745 etum
355 2700 599 2744 Paraclitum
623 2701 816 2756 Spiritum
843 2727 858 2751 ,
888 2713 1008 2743 unum
1038 2700 1166 2742 Deum
1179 2724 1195 2748 ,

235 2770 440 2813 unumque
452 2757 668 2801 Dominum
684 2757 930 2808 laudibua,&
942 2756 1195 2802 conseffioni-

235 2819 310 2861 bus
333 2824 542 2859 veneratus
558 2839 573 2862 ‚
598 2817 799 2872 Sacroque
818 2817 983 2868 Hymno
1010 2819 1060 2858 Te
1072 2819 1195 2857 Deum

233 2873 465 2919 solemniter
480 2871 695 2915 decantato
712 2901 727 2924 ‚
749 2872 942 2928 peculiari
971 2873 1168 2916 Oratione
1181 2899 1196 2923 ‚

238 2933 358 2978 etiam
372 2944 444 2988 per
459 2929 553 2972 dieti
566 2931 677 2972 Beati
689 2930 885 2978 Paschalis
902 2931 1043 2974 merita
1062 2944 1198 2986 preca·-

235 2999 303 3035 tus
317 2988 394 3033 fuit
406 3017 420 3041 ,
433 2997 553 3044 atque
565 2986 688 3030 Missae
699 2987 749 3030 ad
761 2987 904 3032 Altare
918 2990 1075 3034 B.Petri
1090 2992 1199 3045 Apo-

238 3048 328 3093 stoli
342 3077 358 3100 ,
378 3062 469 3091 cum
483 3045 663 3102 ejusdem
686 3049 731 3090 B.
746 3045 940 3091 paschalis
957 3060 1200 3091 commemo·

234 3108 396 3152 ratione
408 3107 430 3148 a
447 3104 677 3148 Venerabili
683 3107 820 3147 Fratre
829 3106 1094 3158 Nostr0‚tunc
1109 3105 1196 3158 suo,

236 3169 368 3211 Petro
393 3162 588 3220 Episcopo
623 3163 806 3207 Sabinen·
824 3163 999 3220 ejusdem
1019 3167 1063 3209 S.
1080 3167 1134 3207 R.
1148 3166 1196 3206 E.

236 3222 444 3269 cardinali
467 3222 519 3264 de
543 3221 708 3268 Alteriis
729 3232 964 3278 nuncupato
989 3249 1004 3273 ,
1031 3221 1197 3266 solemni

237 3285 319 3335 ritu
331 3282 543 3325 celebratae
553 3309 568 3334 ‚
579 3278 765 3324 interfuit
778 3307 793 3330 ,
807 3281 1066 3336 omnibusque
1079 3281 1201 3325 Chri-

240 3340 468 3386 flifidelibus
491 3350 588 3384 tunc
602 3337 859 3396 praesentibus
874 3339 1093 3394 plenariam
1112 3353 1201 3383 om-

241 3399 349 3442 nium
361 3408 621 3452 peccatorum
634 3397 794 3441 litorum
808 3397 1108 3453 Indulgentiam
1122 3423 1137 3447 2
1160 3400 1202 3441 &

244 3457 500 3501 remiffionem
511 3457 691 3500 conceffit
711 3485 726 3500 .
748 3455 1011 3499 Vifitantibus
1026 3465 1202 3501 autem.»

246 3515 454 3569 quotannis
466 3516 506 3558 in
518 3515 686 3572 praefato
698 3515 766 3558 die
779 3514 879 3558 festo
892 3514 1066 3571 ejusdem
1083 3517 1200 3558 apa.

251 3571 396 3614 fenalis
416 3572 648 3629 Sepulcrum
662 3600 676 3623 ‚
697 3574 737 3617 in
767 3587 850 3632 quo
863 3574 943 3627 ejus
957 3576 1120 3630 Corpus
1133 3587 1198 3616 re-

242 3628 410 3687 quiescit
424 3656 438 3679 ‚
462 3630 607 3687 septem
616 3645 762 3683 annos,
786 3635 826 3676 &
848 3632 1018 3676 totidem
1029 3633 1198 3690 quadra-

241 3701 360 3744 genas
377 3688 430 3731 de
443 3687 624 3743 injunctis
637 3691 694 3734 eis
706 3718 722 3741 ‚
742 3700 812 3735 aut
826 3691 922 3735 aliis
935 3691 1198 3747 quomodoli-

239 3748 306 3790 bet
320 3746 462 3790 debitis
473 3748 719 3802 poenitentiis
732 3750 1044 3794 misericorditer
1057 3751 1094 3793 in
1111 3753 1196 3793 Do-

237 3807 348 3850 mino
361 3804 559 3849 relaxavit
581 3805 620 3848 in
634 3803 762 3852 forma
776 3809 962 3854 Ecclefiae
973 3812 1164 3855 consueta
1180 3838 1194 3854 .

1996 253 2172 338 445

1324 371 1363 418 ᾗ.
1381 382 1448 416 27.
1508 371 1574 409 Ne
1590 376 1725 408 autem
1737 365 1789 408 de
1801 367 1978 411 Decreto
1996 399 2012 422 ‚
2032 377 2242 421 Definitio.

1268 439 1346 472 ne,
1371 423 1657 476 Adscriptione
1680 449 1695 470 a
1721 425 1887 465 statuto
1911 453 1929 474 ,
1959 430 2239 483 conceffione‚
2314 448 2317 453 ’

1270 482 1553 527 Relaxatione‚
1570 478 1735 535 aliisque
1752 481 2032 533 praemiffis,ex
2051 500 2116 535 co,
2132 491 2242 542 quod

1260 537 1383 593 ‘super
1424 536 1505 577 illis
1540 537 1660 592 ipfius
1684 537 1906 580 Alexandri
1938 540 2241 588 Praedecessoris

1272 597 1422 638 Literae
1438 619 1451 645 2
1466 593 1552 651 ejus
1569 594 1874 651 superveniente
1886 597 2003 640 obitu
2019 626 2033 649 ,
2050 600 2241 644 consectae

1270 668 1351 696 non
1372 651 1531 694 fuerant
1545 683 1560 704 ,
1574 655 1705 696 valeat
1724 654 2030 710 quomodolibet
2046 657 2209 701 haefitari
2222 688 2238 711 ,

1271 712 1471 754 Volumus
1485 738 1499 762 ,
1508 712 1550 753 δι
1563 712 1787 768 Apostolica
1799 714 2043 757 auctoritate
2054 715 2241 759 decerni-

1268 783 1355 812 mus
1373 795 1386 819 ‚
1413 769 1524 824 quod
1542 773 1761 814 Decretum
1778 800 1793 824 ‚
1822 771 2017 816 Definitio
2030 802 2045 826 ,
2074 774 2241 817 Adscri-

1265 840 1308 885 pt
1316 828 1356 870 io
1372 830 1606 876 ,statutum
1618 855 1633 877 ,
1651 830 1863 872 Conceffio
1877 857 1892 881 ,
1916 831 2132 876 Relaxatio
2148 833 2242 877 alia-

1269 902 1348 944 que
1370 885 1565 942 praemissa
1591 887 1612 929 i
1633 887 1737 929 dieta
1756 888 1823 931 die
1857 890 1919 932 16.
1936 892 2126 934 octobris
2146 894 2240 934 anni

1273 946 1395 1003 1690.
1406 970 1420 992 ,
1435 944 1545 987 suum
1572 944 1864 1002 consequantur
1893 948 2079 993 effectum
2095 976 2109 999 ‚
2143 964 2187 992 ac
2213 950 2239 992 fi

1267 1003 1381 1060 super
1418 1002 1496 1045 illis
1523 1002 1638 1060 ipfius
1667 1005 1892 1050 Alexandri
1923 1007 2234 1052 Praedecessoris

1268 1064 1411 1108 Literae
1423 1060 1492 1104 sub
1505 1061 1646 1105 datum
1659 1062 1834 1119 ejusdem
1848 1066 1929 1108 diei
1940 1064 2132 1111 confecta
2143 1063 2238 1109 fuis-

1265 1123 1352 1166 sent
1367 1131 1510 1176 ,prout
1524 1119 1701 1177 superius
1715 1134 1932 1167 enarratur
1948 1154 1960 1166 .
1991 1126 2238 1227 Qi'odque.»

1261 1179 1472 1238 praesentes
1490 1182 1635 1224 Literae
1659 1182 1709 1225 ad
1736 1183 1994 1238 probandum
2019 1199 2044 1241 p
2064 1185 2141 1228 ene
2160 1183 2240 1227 De—

1260 1250 1419 1283 cretum
1430 1265 1445 1288 ,
1460 1238 1765 1291 Definitionem,
1782 1241 2128 1299 Adscriptionem‚
2144 1246 2239 1287 Sta·

1260 1309 1393 1341 tutum
1407 1325 1424 1347 ,
1436 1298 1741 1343 Conceffioncm
1755 1330 1771 1352 ,
1785 1300 2094 1347 Relaxationem
2106 1329 2122 1353 ,
2133 1300 2238 1343 alia-

1259 1370 1338 1412 que
1365 1356 1549 1410 premissa
1572 1358 1721 1412 ubique
1746 1359 1971 1410 sufficiant,
2008 1374 2084 1403 nec
2106 1358 2157 1400 ad
2196 1357 2237 1400 id

1259 1413 1518 1472 probationis
1547 1413 1715 1456 alterius
1740 1416 2034 1461 adminiculum
2058 1416 2240 1473 requira-

1259 1484 1329 1518 tur
1344 1501 1357 1513 .

1318 1531 1356 1580 §-
1372 1532 1442 1574 28.
1501 1533 1721 1581 ceterum,
1730 1533 1822 1589 quia
1835 1533 2001 1579 difficile
2015 1532 2122 1580 foret
2136 1541 2238 1592 pre-²

1258 1589 1386 1632 sentes
1411 1588 1560 1632 nostran
1588 1589 1748 1633 Literas
1776 1592 1826 1636 ad
1852 1594 2004 1649 singula
2021 1594 2112 1638 loca
2129 1620 2145 1643 ‚
2169 1594 2238 1638 ubi

1257 1661 1360 1704 opus
1372 1646 1659 1699 esset‚deferri,
1674 1648 1878 1701 volumus,
1891 1663 1935 1694 ut
1946 1666 2086 1695 earum
2101 1667 2238 1696 exem-

1259 1707 1334 1762 plis
1351 1734 1366 1756 ,
1382 1707 1502 1748 ctiam
1516 1706 1712 1762 impressis
1725 1734 1741 1757 ‚
1753 1722 1871 1752 manu
1896 1710 2051 1766 publici
2072 1711 2235 1755 Notarii

1256 1762 1484 1820 subscriptis
1498 1791 1513 1816 ,
1526 1766 1564 1807 &
1579 1764 1710 1821 sigillo
1725 1767 1907 1811 Persona
1924 1769 1965 1811 in
1980 1768 2234 1824 dignitate„

1255 1823 1523 1867 Ecclefiastica
1541 1824 1765 1868 constitura
1781 1827 1944 1870 munitis
1960 1853 1975 1876 ‚
1988 1827 2130 1871 eadem
2146 1831 2236 1872 ubi-

1254 1896 1335 1940 que
1352 1881 1450 1925 fides
1467 1882 1710 1926 adhibeatur
1722 1910 1737 1930 ‚
1765 1898 1852 1940 qun
1874 1884 2019 1927 eisdem
2035 1888 2236 1941 prasenti·

1258 1945 1330 2043 bas
1355 1941 1622 2042 a‘dhiberetur
1634 1970 1652 1992 ‚
1698 1942 1725 1984 fi
1750 1941 1878 1988 essent
1907 1945 2092 1988 exhibitae
2114 1972 2130 1997 ‚
2174 1945 2234 1990 vel

1256 2015 1284 2043 ο
1317 2014 1365 2042 en
1384 2013 1412 2040 ε
1424 2027 1437 2040 .

1314 2058 1353 2107 ὁ.
1371 2070 1441 2113 ²9·
1503 2055 1618 2101 Nulli
1639 2071 1738 2114 ergo
1749 2059 1917 2102 omnino
1943 2062 2153 2107 hominum
2175 2063 2233 2107 lis

1257 2128 1349 2159 ceat
1360 2116 1545 2171 paginam
1563 2117 1665 2158 hanc
1682 2118 1900 2162 nostrarum
1917 2118 2144 2165 voluntatis
2160 2150 2176 2172 ,
2190 2123 2232 2165 Gt

1256 2175 1426 2218 Decreti
1453 2175 1674 2229 infringere
1690 2204 1706 2228 ,
1744 2177 1861 2234 eique
1891 2179 1986 2221 ausu
2011 2182 2230 2224 temerario

1254 2233 1458 2276 contraire
1471 2259 1483 2272 ·
1513 2234 1554 2276 Si
1568 2234 1655 2290 quis
1669 2246 1800 2279 autem
1818 2236 1896 2278 hoc
1909 2246 2113 2283 attentare
2131 2252 2232 2294 pre-

1254 2290 1477 2347 sumpserit,
1491 2291 1805 2348 indignationem
1819 2296 2125 2351 omnipotentis
2135 2298 2230 2351 Dei,

1254 2353 1295 2394 dt
1309 2353 1523 2394 Beatorum
1539 2353 1676 2405 Petri,
1701 2354 1742 2395 δι
1769 2353 1883 2397 Pauli
1902 2355 2227 2410 Apostolorum-a

1256 2409 1345 2467 ejus
1360 2406 1402 2453 se
1417 2410 1576 2454 noverit
1590 2411 1840 2455 incursurum
1854 2438 1865 2451 .

1370 2470 1514 2512 Datum
1527 2469 1663 2513 Rome
1676 2471 1780 2526 apud
1795 2474 1833 2515 S·
1848 2474 2013 2518 Petrum
2026 2488 2131 2516 anno
2155 2474 2227 2516 ln·

1257 2529 1502 2572 carnationis
1519 2530 1740 2574 Dominicae
1766 2529 2001 2582 millesimo,
2023 2530 2229 2576 sexcente-

1256 2585 1353 2629 fimo
1367 2615 1382 2639 ‚
1393 2587 1647 2644 nonagesimo
1663 2592 1794 2645 primo
1813 2618 1828 2639 ,
1846 2591 2106 2648 IdibusJulii‚
2119 2591 2229 2636 Pon-

1258 2644 1435 2689 tificatt'is
1450 2647 1588 2690 Nostri
1603 2649 1726 2692 Anno
1740 2650 1880 2692 Primo
1893 2679 1906 2692 .

1253 2768 1332 2848 ›1‹
1378 2766 1517 2853 Ego
1530 2766 1928 2834 Innocentius
1948 2768 2228 2835 Catholi-

1436 2879 1521 2921 cae
1541 2859 1819 2924 Ecclefiae
1838 2860 2180 2951 Episcopus
2194 2907 2212 2926 .

1329 3020 1455 3068 Cum
1486 3013 1734 3080 subjunstis
1763 3016 2114 3080 Cardinalium,
2144 3024 2222 3090 qui

1398 3082 1755 3155 subscripserunt
1770 3123 1788 3148 ,
1814 3089 2074 3141 nominibus
2089 3126 2103 3142 .

1317 3215 1426 3258 Bull.
1447 3215 1558 3257 Rom·
1582 3222 1676 3260 tom.
1695 3230 1736 3275 9.
1749 3213 1831 3274 fol.
1857 3217 1950 3262 126.

2011 3870 2154 3915 Facul-
