2444 4192
765 197 925 281 Sub
987 198 1413 285 Innocentio
1475 199 1621 284 XI
1639 199 1694 282 l.

243 352 456 399 tectoribus
472 377 487 402 ,
498 351 566 393 nifi
581 351 621 394 in
636 349 744 402 casu,
758 349 796 391 in
809 365 894 406 quo
908 353 1080 406 ipsorum
1099 358 1196 398 Fra-

244 425 350 456 trum
374 412 679 462 Communitas,
703 408 769 452 vel
792 410 995 453 Generale
1020 416 1194 469 Capitu-

240 472 323 513 lum
354 468 495 526 (quod
522 468 699 526 abesset)
727 468 748 508 i
777 466 967 522 praedietis
984 472 1164 514 articulis
1180 496 1195 520 ,

242 528 308 571 vel
332 541 470 570 eorum
486 526 623 584 aliquo
634 523 847 569 devidffent
859 554 874 576 ,
896 524 1075 581 alioquin
1093 529 1115 569 fi
1133 532 1194 570 se-

240 599 310 630 eus
327 584 529 638 fecissent,
543 587 584 629 id
599 585 772 628 decrevit
788 583 945 626 irritum
959 610 974 633 ,
997 585 1168 626 &inane
1182 614 1195 625 .

353 646 408 688 Et
436 644 692 689 nihilomiuus
718 645 907 694 Fratres,
927 640 994 696 qui
1019 652 1192 685 contra-2

235 697 1191 818 aimagssztzsa÷a2xsszisasznsffi

329 788 343 811 9

237 819 340 871 sent,
356 821 474 863 etiam
490 834 561 876 per
573 820 672 862 alios
697 816 940 875 impetratis,
953 817 1189 873 punirentur

238 878 317 920 illis
340 879 453 934 penis
468 907 482 930 ,
495 879 636 935 quibus
648 874 800 922 fuiffent
814 888 889 933 pro
903 877 1089 931 gravibus
1101 874 1188 916 cul-

235 937 296 992 pis
313 934 529 979 seeundum
543 937 689 980 statuta
713 935 806 980 dieti
825 934 991 979 Ordinis
1020 934 1189 990 punien-

234 994 276 1036 di
291 1023 306 1046 ,
318 996 357 1036 δι
374 995 633 1038 nihilominus
646 994 766 1038 'essent
787 994 936 1039 aeribus
962 993 1110 1050 privati
1128 991 1189 1033 le-

233 1053 382 1108 gitimis
393 1081 406 1104 ,
422 1055 494 1099 &i
512 1053 587 1096 suis
599 1081 614 1104 ,
628 1053 652 1096 fi
666 1067 749 1112 quae
762 1051 982 1096 habuissent
995 1078 1010 1101 ,
1028 1048 1187 1107 suspenfi

231 1110 373 1154 officiis
390 1112 474 1168 ipso
488 1110 590 1156 facto
603 1141 618 1152 .

347 1171 545 1215 Caeterfim
569 1179 814 1213 memoratus
837 1170 1058 1225 Gregorius
1084 1170 1188 1210 Ρα-

229 1226 414 1270 decessor
423 1226 585 1270 eosdem
600 1227 758 1270 futuros
776 1230 1033 1271 Protectores
1048 1227 1186 1268 horta-

231 1294 295 1328 tus
309 1284 384 1327 fuit
409 1285 626 1336 attentius,
646 1285 752 1340 quod
766 1298 839 1340 per
864 1285 953 1328 faeti
966 1283 1185 1326 efficaciam

229 1341 280 1387 fic
322 1342 496 1386 nominis
534 1342 588 1384 sui
627 1340 749 1384 officii
784 1351 1048 1399 procurarent
1090 1338 1185 1382 effe-

229 1403 338 1446 ctum
350 1427 366 1450 ,
386 1411 432 1444 ut
455 1399 580 1445 Ordo.
599 1399 677 1457 ipse
700 1412 773 1456 per
787 1414 856 1444 eos
875 1413 952 1442 non
965 1399 1185 1443 laederetur

230 1463 272 1505 in
285 1459 421 1515 aliquo
435 1486 451 1510 ,
470 1456 536 1502 sed
550 1456 678 1514 potitis
691 1458 739 1499 ab
754 1458 928 1501 adversis
938 1485 954 1508 ,
982 1472 1058 1516 pro
1085 1468 1187 1499 tem·

232 1532 332 1577 pore
346 1514 476 1560 forsan
500 1516 826 1566 imminentibus,
856 1514 927 1559 suo
952 1525 1188 1572 opportuno

232 1574 470 1622 defentionis
482 1574 630 1632 clypeo
645 1583 952 1631 protegeretur,
970 1576 1010 1616 δι
1021 1577 1043 1618 a
1057 1573 1186 1615 noxiis

231 1633 564 1694 praeservaretur:
594 1633 641 1675 fic
656 1634 781 1676 asturi
796 1631 965 1690 provide
979 1659 994 1682 ,
1018 1634 1058 1674 δι
1070 1632 1188 1688 equi·

232 1695 325 1739 tatis
340 1722 355 1744 ,
368 1706 414 1734 ac
431 1692 628 1734 modestiae
642 1691 789 1734 limites
805 1691 1029 1740 servaturi,
1042 1699 1087 1733 ut
1108 1703 1187 1732 non

231 1753 461 1799 traheretur
474 1750 523 1793 ad
540 1763 684 1794 noxam
699 1777 714 1801 ,
743 1748 854 1805 quod
873 1747 1076 1805 provisum
1101 1745 1187 1791 sue-

231 1821 295 1856 rat
315 1808 364 1852 ad
379 1807 545 1852 salutem
559 1835 573 1858 ,
587 1807 652 1852 sed
665 1820 714 1851 ex
730 1807 980 1851 charitativis
992 1806 1106 1861 gestis
1122 1821 1189 1849 eo·

232 1884 321 1916 rum
333 1866 452 1910 Ordo
466 1865 646 1925 praefatus
661 1866 836 1922 quietem
847 1895 861 1919 ,
878 1867 920 1908 8ι
947 1863 1192 1910 consolatio-

232 1942 326 1973 nem
341 1927 571 1984 praeeiperet
584 1956 600 1978 ,
611 1927 651 1968 δι
661 1924 727 1981 ipfi
741 1927 992 1969 Proteaores
1007 1937 1192 1980 magnum

163 1985 165 1988 ’
233 1987 339 2045 apud
353 1985 485 2028 Deum
503 1984 705 2041 praemium
721 1984 988 2034 sortirentur,
1017 1985 1057 2026 δι
1081 1983 1193 2038 super

233 2043 444 2090 contrario
461 2057 542 2086 non
557 2051 771 2100 oporteret
787 2042 899 2085 dieta
923 2040 1039 2085 Sedis
1057 2041 1191 2097 provi·

233 2103 413 2148 dentiam
432 2102 543 2145 aliud
558 2101 778 2144 remedium
801 2100 992 2143 adhibere
1009 2130 1020 2141 .

351 2159 573 2205 Success'ive
599 2172 810 2203 rec-mern.
825 2160 957 2203 sixtus
988 2161 1091 2215 Papa
1115 2159 1189 2200 1v.

232 2221 351 2266 etiam
370 2217 632 2264 Praedeeeffor
655 2218 786 2261 noster
808 2246 823 2269 ,
843 2217 910 2272 qui
935 2231 1026 2260 eum
1048 2216 1115 2258 fibi
1146 2217 1188 2258 in

231 2278 455 2323 minoribus
469 2276 688 2321 constituto
703 2274 911 2318 memorati
925 2274 1090 2317 Ordinis
1118 2288 1188 2331 ge-

230 2338 378 2381 neralis
402 2349 524 2385 eura,
548 2337 588 2379 δι
613 2335 904 2379 administratio
930 2334 1190 2384 incubuisset,

232 2395 535 2440 saluberrimum
545 2423 561 2446 ,
571 2405 863 2449 opportunum,
876 2394 914 2434 δι
930 2391 1189 2437 necelsarium

230 2455 338 2499 dieto
362 2452 507 2498 Ordini
539 2450 648 2496 fuisse
663 2451 949 2509 conspexerat,
981 2461 1023 2494 ut
1049 2454 1189 2494 Prote·

228 2517 358 2557 &ores
386 2512 492 2557 ultra
517 2511 718 2569 prefixum
732 2540 746 2564 ,
772 2513 820 2553 ab
834 2508 1006 2567 ejusdem
1022 2509 1187 2552 Ordinis

227 2570 396 2629 Regula,
407 2571 688 2616 auctoritatem
703 2583 784 2612 non
800 2569 1080 2617 extenderent,
1098 2582 1186 2610 nam

225 2641 417 2689 expertus
450 2625 578 2674 suerat
592 2657 607 2682 ,
635 2630 675 2671 &
704 2627 890 2680 viderat,
913 2637 1065 2683 quanta
1082 2641 1160 2681 pax
1173 2651 1187 2674 ,

228 2691 337 2746 quies
349 2687 532 2739 ,utilitas
552 2697 804 2743 ,quantaque
827 2685 1040 2729 commoda
1057 2683 1189 2739 praefa·

230 2757 280 2790 to
292 2744 435 2789 Ordini
449 2773 466 2797 ,
488 2746 530 2786 δι
553 2745 758 2788 Fratribus
783 2743 959 2800 ejusdem
983 2758 1032 2787 ex
1050 2742 1188 2791 firma,

232 2807 272 2849 δι
305 2798 526 2847 inconcussa
561 2800 812 2859 praefatarum
838 2802 1063 2845 litterarum
1093 2802 1188 2844 dieti

231 2861 423 2918 Gregorii
452 2859 604 2916 pariter
619 2858 914 2904 Praedecefforis
936 2858 1188 2902 observantia

229 2926 498 2976 provenerant
509 2944 526 2969 ,
555 2930 635 2974 qua
650 2945 665 2968 ,
688 2919 729 2960 δι
746 2927 903 2974 quante
920 2918 1187 2974 perturbatio-

231 2991 304 3020 nes
316 3006 331 3030 ,
343 2975 502 3034 jaeturae
513 3002 530 3026 ,
541 2974 801 3020 incommoda
813 3004 829 3028 ,
854 2975 1023 3027 damna,
1047 2977 1189 3031 &gra-

231 3039 296 3080 via
319 3033 502 3079 seandala
524 3033 565 3077 in
594 3034 705 3077 dieto
726 3034 881 3077 Ordine
894 3033 1075 3077 suseitata
1102 3034 1187 3077 fue-

229 3101 324 3141 rant
339 3091 524 3150 ,quoties
560 3091 666 3135 illius
682 3095 934 3136 Protectores
961 3089 1035 3135 suae
1051 3097 1189 3136 aueto-

226 3152 364 3199 ritatis
379 3151 526 3195 limites
540 3149 739 3196 excedere
760 3159 1003 3195 attentantes
1015 3177 1031 3200 ,
1045 3151 1084 3192 in
1100 3166 1187 3206 par-

228 3209 469 3256 ticularibus
497 3209 593 3252 dieii
623 3210 785 3253 Ordinis
798 3238 814 3262 ,
835 3212 876 3253 δι
893 3211 1075 3252 Fratrum
1089 3208 1188 3265 ejus-

231 3269 324 3313 dem
344 3267 496 3318 caufis,
517 3269 558 3310 δι
575 3268 749 3325 negotiis
772 3269 808 3312 se
824 3268 1117 3317 intromittere,
1148 3270 1186 3310 δε

232 3329 416 3384 usurpata
429 3325 498 3370 fibi
523 3329 759 3371 austeritate
782 3342 828 3371 ea
853 3325 1015 3376 videre,
1036 3340 1186 3382 cogno-

230 3385 338 3429 scere
359 3413 375 3438 ,
399 3385 579 3444 judicare
595 3413 610 3436 ,
637 3388 679 3428 δε
703 3386 922 3430 decernere
949 3386 1186 3429 voluerants

231 3442 421 3498 Cupiens,
430 3453 476 3488 ut
490 3444 671 3500 Religio,
684 3447 724 3487 δι.
735 3444 850 3488 Ordo
859 3441 1058 3502 praefatus,
1070 3458 1186 3501 quem

235 3500 534 3545 affeauotiffima
549 3505 748 3547 charitate
759 3502 1187 3560 complectebaturfflt-

233 3557 334 3616 pote
345 3559 435 3614 quia
448 3559 487 3602 in
495 3564 583 3608 eoi
595 3563 747 3608 teneris
764 3563 874 3604 annis
891 3562 1093 3606 enutritus
1107 3591 1122 3614 ‚
1145 3562 1187 3602 δι

235 3617 445 3667 dostrinas
461 3631 507 3660 ae
519 3621 761 3675 regularibus
775 3620 992 3677 disciplinis
1003 3647 1018 3670 ,
1040 3623 1079 3665 δε
1099 3633 1186 3663 mo-

233 3676 339 3719 ribus
357 3675 552 3719 institutus
564 3676 690 3722 fuerat
704 3708 719 3730 ,
732 3682 874 3737 quieto
889 3681 1098 3725 confistens
1115 3680 1185 3723 sta-

232 3746 278 3778 tu
290 3765 306 3786 s
321 3732 533 3778 virtutibus
542 3763 558 3785 2
569 3737 609 3778 δι
621 3739 775 3782 meritis
792 3750 1016 3796 augeretur,
1031 3741 1071 3782 δι
1081 3737 1181 3780 mul-

1988 239 2166 316 447

1254 356 1384 398 stianae
1398 354 1646 408 Reipublicae
1658 360 1932 405 augmentum,
1942 353 1979 393 δι
1992 359 2215 412 multiplex,

1253 428 1299 454 ae
1317 412 1488 455 solidum
1504 410 1810 452 fundamentum
1834 420 1880 449 ex
1901 408 2078 462 ejusdem
2095 418 2214 457 Ordi-

1255 471 1312 512 nis
1331 472 1517 512 Fratrum
1546 466 1756 520 operibus,
1784 466 1821 504 &
1849 467 2040 520 exemplis
2067 468 2214 524 sapien-

1252 529 1329 576 tia,
1360 526 1399 566 δι
1430 524 1665 580 splendore,
1696 537 1742 564 ac
1756 518 1964 565 fructuosis
1979 524 2115 567 studiis
2132 554 2146 575 ,
2177 530 2215 568 δι

1254 582 1601 641 praedieationibus
1615 580 1894 636 provenirent,
1911 583 2215 636 promptissimo,

1253 641 1466 685 &liberali
1483 640 1618 680 animo
1633 640 1690 681 uti
1704 639 1870 693 dignum
1897 640 2045 683 censuit
2058 666 2072 689 ,
2089 643 2128 682 δι
2141 643 2214 681 de-

1249 702 1376 743 bitum
1391 725 1406 748 ,
1424 709 1472 741 ut
1494 711 1564 750 ea,
1577 712 1663 753 quae
1677 712 1752 752 pro
1782 699 1902 753 ipsius
1929 698 2092 741 Ordinis
2106 700 2213 754 quie·

1247 770 1291 802 te
1304 788 1318 810 ,
1343 771 1442 813 paee
1458 784 1472 807 ,
1498 757 1821 812 tranquillitate,
1854 757 1893 798 8c
1906 756 2174 812 prosperitate
2188 757 2210 798 i

1252 817 1439 860 Romanis
1459 813 1724 858 Pontificibus
1741 814 2096 858 Praedecefforibus
2116 829 2210 870 pro-

1251 875 1342 918 vide
1364 876 1505 917 statuta
1520 902 1536 924 ,
1551 874 1786 916 &ordinata
1803 876 1963 917 fuerant
1979 902 1994 924 ,
2021 875 2208 918 illibata-³

1249 935 1515 990 perdurarent
1532 961 1547 982 ,
1567 934 1638 973 siiae
1656 933 1964 988 approbationis
1991 933 2217 977 munimine¹

1248 992 1462 1039 solidavit,
1484 992 1771 1045 interpretatus
1784 990 1885 1041 suit,
1913 992 2211 1041 &declaravit,

1248 1062 1368 1108 prout
1383 1049 1498 1107 ipsius
1513 1049 1681 1091 Ordinis
1699 1048 1986 1105 tranquillitati
2003 1051 2208 1107 conspexit

1249 1110 1459 1154 salubriter
1474 1107 1663 1163 expedire
1675 1136 1687 1149 .

1361 1166 1559 1214 praemissa
1606 1167 1730 1222 igitur
1771 1167 1960 1211 dietarum
2001 1171 2211 1210 memorati

1247 1227 1437 1285 Gregorii
1460 1224 1758 1270 Praedecefforis
1787 1226 2013 1270 litterarum
2029 1226 2209 1269 insertio-

1246 1301 1296 1329 ne
1311 1314 1325 1336 ,
1338 1301 1384 1328 ae
1402 1286 1545 1340 praevia
1562 1284 1786 1338 hujusmodi
1815 1286 2043 1337 narrativa,
2071 1285 2210 1329 idem„

1246 1345 1380 1388 sixtus
1395 1340 1661 1384 Praedeeess'or
1672 1367 1687 1390 ,
1700 1352 1743 1383 ut
1761 1343 1812 1385 de
1827 1354 1974 1386 caetero
1998 1346 2114 1398 ipfius
2130 1347 2214 1384 Or-

1244 1401 1349 1444 dinis
1375 1397 1660 1443 Profefforibus
1688 1400 1817 1442 omnis
1841 1402 2039 1455 evagandi
2066 1411 2213 1443 extra-2

1247 1460 1502 1515 Religionem
1516 1458 1671 1499 occatio
1697 1456 1918 1500 tolleretur
1934 1487 1947 1508 ,
1971 1460 2010 1500 δι
2027 1472 2121 1502 vera
2138 1458 2212 1501 suis

1248 1517 1427 1563 Praelatis
1441 1515 1673 1559 obedientia
1686 1540 1701 1562 ‚
1727 1514 1764 1558 in
1779 1531 1856 1573 qua
1887 1517 2113 1574 Religionis
2142 1531 2213 1560 ve-

1248 1590 1366 1624 rum,
1395 1576 1434 1616 δι
1459 1573 1629 1615 solidum
1653 1572 1951 1618 firmamentum
1981 1605 1996 1627 ,
2020 1578 2060 1618 δι
2088 1580 2211 1620 robur

1246 1634 1418 1678 consistit
1435 1658 1448 1679 ,
1463 1632 1719 1674 exhiberetur
1731 1657 1746 1680 ‚
1765 1631 1998 1690 praefatique
2013 1635 2179 1677 Ordinis
2196 1666 2212 1687 ,

1247 1696 1287 1736 &
1305 1696 1487 1737 Fratrum
1506 1690 1674 1746 ejusdem
1690 1691 1851 1745 negotia
1865 1721 1879 1743 ,
1901 1695 1942 1734 δι
1963 1692 2086 1737 causae
2099 1709 2208 1738 notu

1247 1752 1374 1803 alibi,
1389 1766 1517 1807 neque
1540 1763 1610 1805 per
1627 1750 1730 1791 alios
1744 1776 1758 1797 ,
1788 1751 1908 1806 quam
1927 1754 1968 1793 in
1988 1752 2072 1806 ipso
2088 1753 2212 1795 Ordi-

1251 1826 1301 1854 ne
1313 1837 1327 1860 ,
1340 1812 1380 1853 8ι
1394 1824 1462 1865 per
1477 1809 1592 1866 ipsius
1619 1808 1804 1852 Praelatos
1820 1813 2088 1853 tractarentur
2100 1840 2114 1862 ‚
2130 1812 2213 1866 agi·

1252 1879 1436 1913 tarentur
1453 1896 1467 1918 ,
1497 1866 1773 1923 judicarentur
1787 1895 1801 1917 ,
1831 1869 1870 1910 δι
1898 1868 2216 1911 determinaren-

1252 1941 1317 1972 tur
1331 1955 1346 1977 ,
1360 1938 1456 1970 tunc
1468 1925 1668 1968 existentis
1691 1927 1907 1968 Generalis
1937 1927 2031 1970 dieti
2046 1927 2212 1969 Ordinis

1255 1986 1423 2029 Ministri
1438 2013 1453 2036 ,
1466 1986 1506 2026 δι
1519 1984 1645 2025 totius
1659 1985 1874 2027 Generalis
1888 1984 2066 2041 Capituli
2083 1987 2121 2027 in
2139 1988 2214 2028 hae

1254 2055 1368 2101 parte
1384 2042 1731 2097 supplicationibus
1745 2042 1964 2085 inclinatus
1980 2071 1994 2095 ,
2007 2044 2216 2086 inhibitio·

1251 2103 1419 2148 nem,&
1437 2101 1594 2142 litteras
1616 2098 1796 2154 praefatas
1818 2103 2031 2143 memorati
2056 2104 2215 2157 Grego-

1252 2163 1299 2204 rii
1315 2159 1613 2205 Praedecefsoris
1626 2160 1864 2202 auctoritate
1877 2160 2215 2215 Apostoliea,sua-

1251 2234 1339 2264 rum
1355 2230 1493 2261 tenore
1507 2216 1731 2260 litterarum
1748 2219 1989 2273 approbavit
2003 2248 2016 2269 ,
2032 2220 2071 2260 δι
2085 2220 2213 2262 robur

1249 2289 1450 2336 perpetua
1495 2274 1696 2318 firmitatis
1727 2277 1915 2320 obtinere
1958 2277 2108 2321 debere
2137 2278 2213 2322 de-

1249 2347 1381 2381 crevit
1400 2365 1411 2376 .

1363 2396 1415 2436 Et
1432 2408 1502 2449 per
1515 2408 1577 2437 eas
1592 2395 1819 2437 protectori
1835 2393 2001 2449 praesato
2017 2410 2093 2452 pro
2110 2404 2215 2438 tem·

1250 2470 1345 2512 pore
1368 2454 1547 2495 existenti
1563 2483 1577 2503 ,
1604 2454 1670 2494 nifi
1701 2455 1738 2494 in
1758 2453 1840 2495 illis
1855 2453 2008 2496 cafibus
2026 2456 2094 2506 ,δι
2119 2456 2215 2497 arti·
2297 2454 2301 2458 ”

1248 2514 1348 2556 culis
1361 2514 1400 2554 in
1421 2512 1573 2565 Regula
1586 2512 1782 2553 dierorum
1800 2514 1988 2556 Fratrum
2006 2513 2186 2569 expressis
2199 2542 2215 2566 ‚

1247 2574 1286 2614 δι
1299 2564 1449 2628 praefati
1466 2570 1651 2625 Gregorii
1668 2570 1964 2613 Praedecefforis
1979 2571 2128 2614 litteris
2142 2571 2216 2614 de-

1251 2630 1424 2680 elaratis,
1440 2643 1567 2684 neque
1582 2630 1621 2670 in
1637 2628 1829 2680 illis,dum
1847 2644 1925 2672 non
1941 2629 2107 2672 univerfi
2122 2657 2135 2679 ,
2147 2628 2215 2672 sed

1250 2689 1371 2745 aliqui
1403 2689 1521 2744 ipsius
1545 2688 1708 2730 Ordinis
1738 2688 1979 2731 Professores
2008 2689 2046 2730 in
2069 2689 2214 2745 quovis

1249 2761 1422 2791 numero
1453 2747 1604 2790 aFidei
1632 2748 1808 2798 unitate,
1840 2747 2101 2790 Sacrosanetae
2128 2750 2216 2791 Ro-

1247 2821 1372 2848 mana:
1401 2804 1585 2848 Eeclefiae
1606 2804 1834 2848 obedientia
1866 2806 2079 2850 deviarent
2101 2835 2115 2857 ,
2147 2806 2212 2849 vel

1252 2863 1447 2919 Regulam
1472 2861 1675 2916 praefatam
1695 2878 1773 2905 non
1804 2863 2038 2916 servarent,
2067 2865 2132 2907 sed
2163 2865 2214 2907 de

1248 2921 1481 2966 eorumdem
1512 2920 1758 2961 deviantium
1771 2945 1786 2967 ,
1816 2922 1855 2962 δι
1885 2937 1961 2963 non
1992 2923 2214 2964 observan-

1249 2982 1349 3023 tium
1367 2978 1566 3036 Regulam
1584 2978 1832 3020 correctione
1845 3005 1859 3028 ,
1876 2989 1946 3021 aut
1963 2980 2210 3031 adunione,

1247 3053 1292 3081 ae
1313 3039 1399 3080 aliis
1416 3036 1659 3094 quibuslibet
1672 3035 1795 3078 eaufis
1810 3062 1823 3084 ,
1854 3038 1894 3078 &
1925 3039 2099 3092 negotiis
2114 3038 2211 3080 dieti

1246 3098 1413 3139 Ordinis
1432 3094 1774 3139 seintromitteret
1790 3123 1804 3146 ,
1828 3095 2040 3138 inhibitum
2071 3095 2180 3139 fuisse
2193 3127 2208 3149 ,

1245 3157 1348 3199 dicta
1361 3155 1597 3197 auctoritate
1611 3152 1794 3195 decrevit
1808 3181 1823 3204 ,
1847 3155 1887 3195 δι
1900 3155 2123 3197 declaravit
2137 3184 2150 3195 .

1361 3212 1634 3268 Hortatusque
1648 3209 1722 3254 fuit
1739 3211 1867 3264 illum,
1881 3215 1950 3269 qui
1964 3213 2013 3255 ad
2032 3213 2207 3257 officium

1247 3273 1516 3316 Protectionis
1532 3268 1757 3324 hujusmodi
1775 3300 1788 3322 ,
1799 3274 1908 3326 quod
1925 3283 2022 3315 tunc
2035 3286 2105 3327 per
2118 3274 2207 3315 obi-

1244 3342 1329 3373 tum
1342 3333 1410 3375 bo:
1424 3342 1540 3374 mem:
1553 3327 1804 3380 Beffarionis,
1821 3328 2004 3387 Episcopi
2019 3331 2208 3374 Sabinen-

1248 3390 1311 3441 fis,
1324 3390 1418 3432 dieti
1434 3389 1614 3438 Ordinis,
1631 3388 1727 3430 dum
1743 3389 1924 3442 viveret,
1944 3391 2205 3440 Protessoris‚

1250 3446 1621 3501 vacabat‚affumi‚
1644 3446 1880 3502 &deputari
1904 3447 2206 3505 eontigiffet,&

1246 3507 1362 3564 ipsius
1376 3505 1610 3550 successores
1629 3506 1724 3549 dieti
1740 3506 1904 3548 Ordinis
1930 3509 2203 3558 Protet‘tores,

1245 3582 1290 3608 ae
1316 3567 1427 3608 eisin
1451 3567 1602 3607 virtute
1613 3561 1750 3606 san&
1764 3565 2000 3609 obedientie
2024 3567 2200 3609 districte

1244 3624 1510 3680 praecipiendo
1539 3623 1711 3665 inhibuit
1724 3651 1740 3672 ,
1771 3637 1821 3666 ne
1850 3635 1963 3669 extra
1994 3626 2197 3680 praedietos

1244 3683 1464 3734 articulos,
1494 3680 1706 3725 &casusin
1724 3684 1879 3738 Regula
1910 3684 2074 3741 praefata
2100 3698 2196 3725 con-

1241 3751 1372 3785 tentos
1388 3768 1402 3790 ,
1415 3743 1454 3782 &
1475 3741 1699 3796 expressos,
1715 3755 1790 3785 nee
1805 3744 1924 3785 etiam
1941 3744 1978 3785 in
1995 3744 2087 3792 illis,
2103 3755 2191 3782 cum

232 3793 486 3851 tiplicaretur
499 3818 515 3842 ι
538 3803 584 3836 ut
604 3796 715 3840 Fidei
735 3798 954 3842 Cat-holicae
966 3826 981 3850 ,
1005 3801 1043 3841 &
1059 3798 1180 3854 Chri·
1237 3815 1317 3844 non
1333 3799 1537 3844 universus
1550 3799 1693 3849 Ordo,
1723 3801 1789 3845 sed
1801 3802 1931 3858 aliqua
1943 3803 2058 3856 ipssus
2075 3811 2163 3852 pars
2180 3822 2195 3843 a

2075 3855 2136 3895 vel
