<?xml version="1.0" encoding="UTF-8"?>
<!DOCTYPE html PUBLIC "-//W3C//DTD XHTML 1.0 Transitional//EN"
    "http://www.w3.org/TR/xhtml1/DTD/xhtml1-transitional.dtd">
<html xmlns="http://www.w3.org/1999/xhtml" xml:lang="en" lang="en">
 <head>
  <title>
</title>
<meta http-equiv="Content-Type" content="text/html;charset=utf-8" />
  <meta name='ocr-system' content='tesseract 3.04.00' />
  <meta name='ocr-capabilities' content='ocr_page ocr_carea ocr_par ocr_line ocrx_word'/>
</head>
<body>
  <div class='ocr_page' id='page_1' title='image "./bullariumordinis06cath/bullariumordinis06cath_0415.png"; bbox 0 0 2444 4192; ppageno 0'>
   <div class='ocr_carea' id='block_1_1' title="bbox 768 168 1636 258">
    <p class='ocr_par' dir='ltr' id='par_1_1' title="bbox 768 168 1636 258">
     <span class='ocr_line' id='line_1_1' title="bbox 768 168 1636 258; baseline -0.008 -5"><span class='ocrx_word' id='word_1_1' title='bbox 768 171 930 253; x_wconf 85' lang='lat' dir='ltr'>Sub</span> <span class='ocrx_word' id='word_1_2' title='bbox 991 173 1307 258; x_wconf 79' lang='lat' dir='ltr'>‘Urbano</span> <span class='ocrx_word' id='word_1_3' title='bbox 1376 168 1636 258; x_wconf 87' lang='lat' dir='ltr'><em>VIII.</em></span> 
     </span>
    </p>
   </div>
   <div class='ocr_carea' id='block_1_2' title="bbox 244 315 1211 1946">
    <p class='ocr_par' dir='ltr' id='par_1_2' title="bbox 244 315 1204 1829">
     <span class='ocr_line' id='line_1_2' title="bbox 250 315 1201 374; baseline -0.004 -9"><span class='ocrx_word' id='word_1_4' title='bbox 250 323 399 368; x_wconf 67' lang='lat' dir='ltr'>dahis,</span> <span class='ocrx_word' id='word_1_5' title='bbox 425 318 611 361; x_wconf 85' lang='lat' dir='ltr'>&amp;literis</span> <span class='ocrx_word' id='word_1_6' title='bbox 641 315 881 374; x_wconf 84' lang='lat' dir='ltr'>Apostolicis</span> <span class='ocrx_word' id='word_1_7' title='bbox 905 346 919 367; x_wconf 87' lang='lat'><em>‚</em></span> <span class='ocrx_word' id='word_1_8' title='bbox 955 321 1076 362; x_wconf 85' lang='lat' dir='ltr'>etiam</span> <span class='ocrx_word' id='word_1_9' title='bbox 1097 322 1201 364; x_wconf 86' lang='lat' dir='ltr'>Mari</span> 
     </span>
     <span class='ocr_line' id='line_1_3' title="bbox 247 375 1196 435; baseline -0.001 -14"><span class='ocrx_word' id='word_1_10' title='bbox 247 385 421 435; x_wconf 81' lang='lat' dir='ltr'>Magne,</span> <span class='ocrx_word' id='word_1_11' title='bbox 434 378 495 418; x_wconf 85' lang='lat' dir='ltr'>seu</span> <span class='ocrx_word' id='word_1_12' title='bbox 514 377 626 419; x_wconf 86' lang='lat' dir='ltr'>Bulla</span> <span class='ocrx_word' id='word_1_13' title='bbox 638 389 756 418; x_wconf 88' lang='lat' dir='ltr'>aurea</span> <span class='ocrx_word' id='word_1_14' title='bbox 772 402 787 426; x_wconf 86' lang='lat'>‚</span> <span class='ocrx_word' id='word_1_15' title='bbox 800 383 869 415; x_wconf 89' lang='lat' dir='ltr'>aut</span> <span class='ocrx_word' id='word_1_16' title='bbox 883 375 980 418; x_wconf 71' lang='lat' dir='ltr'>alias</span> <span class='ocrx_word' id='word_1_17' title='bbox 995 391 1196 430; x_wconf 88' lang='lat' dir='ltr'>nuncupa-</span> 
     </span>
     <span class='ocr_line' id='line_1_4' title="bbox 251 431 1199 491; baseline -0.005 -10"><span class='ocrx_word' id='word_1_18' title='bbox 251 440 323 489; x_wconf 83' lang='lat' dir='ltr'>tis,</span> <span class='ocrx_word' id='word_1_19' title='bbox 341 435 408 478; x_wconf 81' lang='lat' dir='ltr'>siib</span> <span class='ocrx_word' id='word_1_20' title='bbox 423 435 715 491; x_wconf 81' lang='lat' dir='ltr'>quibuscunque</span> <span class='ocrx_word' id='word_1_21' title='bbox 730 431 934 475; x_wconf 88' lang='lat' dir='ltr'>tenoribus</span> <span class='ocrx_word' id='word_1_22' title='bbox 948 460 962 481; x_wconf 91' lang='lat'>‚</span> <span class='ocrx_word' id='word_1_23' title='bbox 975 434 1014 473; x_wconf 92' lang='lat'>&amp;</span> <span class='ocrx_word' id='word_1_24' title='bbox 1028 433 1167 476; x_wconf 84' lang='lat' dir='ltr'>formis</span> <span class='ocrx_word' id='word_1_25' title='bbox 1184 460 1199 482; x_wconf 83' lang='lat'>‚</span> 
     </span>
     <span class='ocr_line' id='line_1_5' title="bbox 247 489 1199 548; baseline -0.006 -10"><span class='ocrx_word' id='word_1_26' title='bbox 247 508 393 538; x_wconf 88' lang='lat' dir='ltr'>aecum</span> <span class='ocrx_word' id='word_1_27' title='bbox 408 492 744 548; x_wconf 86' lang='lat' dir='ltr'>quibusvis‚etiam</span> <span class='ocrx_word' id='word_1_28' title='bbox 759 489 1106 546; x_wconf 81' lang='lat' dir='ltr'>derogatoriarum</span> <span class='ocrx_word' id='word_1_29' title='bbox 1126 491 1199 532; x_wconf 52' lang='lat' dir='ltr'>de</span> 
     </span>
     <span class='ocr_line' id='line_1_6' title="bbox 244 547 1199 608; baseline -0.013 -10"><span class='ocrx_word' id='word_1_30' title='bbox 244 554 466 608; x_wconf 78' lang='lat' dir='ltr'>rogatoriis</span> <span class='ocrx_word' id='word_1_31' title='bbox 486 580 500 604; x_wconf 89' lang='lat'>‚</span> <span class='ocrx_word' id='word_1_32' title='bbox 539 550 701 608; x_wconf 90' lang='lat' dir='ltr'>aliisque</span> <span class='ocrx_word' id='word_1_33' title='bbox 721 547 1006 592; x_wconf 84' lang='lat' dir='ltr'>efficacioribus</span> <span class='ocrx_word' id='word_1_34' title='bbox 1027 575 1041 597; x_wconf 90' lang='lat'>‚</span> <span class='ocrx_word' id='word_1_35' title='bbox 1074 549 1114 589; x_wconf 85' lang='lat'>&amp;</span> <span class='ocrx_word' id='word_1_36' title='bbox 1138 547 1199 587; x_wconf 90' lang='lat' dir='ltr'>in-</span> 
     </span>
     <span class='ocr_line' id='line_1_7' title="bbox 246 604 1198 661; baseline -0.013 -7"><span class='ocrx_word' id='word_1_37' title='bbox 246 611 377 654; x_wconf 89' lang='lat' dir='ltr'>solitis</span> <span class='ocrx_word' id='word_1_38' title='bbox 403 609 587 661; x_wconf 79' lang='lat' dir='ltr'>clausulis</span> <span class='ocrx_word' id='word_1_39' title='bbox 614 637 629 659; x_wconf 81' lang='lat'>‚</span> <span class='ocrx_word' id='word_1_40' title='bbox 668 621 820 652; x_wconf 86' lang='lat' dir='ltr'>necnon</span> <span class='ocrx_word' id='word_1_41' title='bbox 851 604 1103 649; x_wconf 88' lang='lat' dir='ltr'>irritantibus</span> <span class='ocrx_word' id='word_1_42' title='bbox 1127 604 1198 645; x_wconf 87' lang='lat' dir='ltr'>de.</span> 
     </span>
     <span class='ocr_line' id='line_1_8' title="bbox 248 664 1200 723; baseline -0.008 -11"><span class='ocrx_word' id='word_1_43' title='bbox 248 670 396 720; x_wconf 85' lang='lat' dir='ltr'>cretis,</span> <span class='ocrx_word' id='word_1_44' title='bbox 426 669 547 712; x_wconf 88' lang='lat' dir='ltr'>etiam</span> <span class='ocrx_word' id='word_1_45' title='bbox 565 670 683 711; x_wconf 89' lang='lat' dir='ltr'>Motu</span> <span class='ocrx_word' id='word_1_46' title='bbox 696 664 886 723; x_wconf 83' lang='lat' dir='ltr'>proprio,</span> <span class='ocrx_word' id='word_1_47' title='bbox 913 665 953 707; x_wconf 76' lang='grc' dir='ltr'>δι</span> <span class='ocrx_word' id='word_1_48' title='bbox 982 675 1032 706; x_wconf 84' lang='lat' dir='ltr'>ex</span> <span class='ocrx_word' id='word_1_49' title='bbox 1058 670 1200 705; x_wconf 58' lang='lat' dir='ltr'>certa-2</span> 
     </span>
     <span class='ocr_line' id='line_1_9' title="bbox 248 719 1199 782; baseline -0.011 -11"><span class='ocrx_word' id='word_1_50' title='bbox 248 728 407 771; x_wconf 70' lang='lat' dir='ltr'>sitientia</span> <span class='ocrx_word' id='word_1_51' title='bbox 433 758 450 780; x_wconf 93' lang='lat'>‚</span> <span class='ocrx_word' id='word_1_52' title='bbox 485 742 530 770; x_wconf 93' lang='lat' dir='ltr'>ac</span> <span class='ocrx_word' id='word_1_53' title='bbox 553 725 604 769; x_wconf 83' lang='lat' dir='ltr'>de</span> <span class='ocrx_word' id='word_1_54' title='bbox 630 723 860 782; x_wconf 77' lang='lat' dir='ltr'>Apostolicae</span> <span class='ocrx_word' id='word_1_55' title='bbox 883 720 1089 778; x_wconf 84' lang='lat' dir='ltr'>potestatis</span> <span class='ocrx_word' id='word_1_56' title='bbox 1111 719 1199 776; x_wconf 29' lang='lat' dir='ltr'>‚ple-</span> 
     </span>
     <span class='ocr_line' id='line_1_10' title="bbox 247 779 1201 840; baseline -0.01 -11"><span class='ocrx_word' id='word_1_57' title='bbox 247 787 432 829; x_wconf 87' lang='lat' dir='ltr'>nitudine</span> <span class='ocrx_word' id='word_1_58' title='bbox 459 812 473 835; x_wconf 80' lang='lat'>‚</span> <span class='ocrx_word' id='word_1_59' title='bbox 503 795 570 827; x_wconf 90' lang='lat' dir='ltr'>aut</span> <span class='ocrx_word' id='word_1_60' title='bbox 596 783 691 828; x_wconf 66' lang='lat' dir='ltr'>alias</span> <span class='ocrx_word' id='word_1_61' title='bbox 714 781 1049 840; x_wconf 69' lang='lat' dir='ltr'><strong>quomodolibet,</strong></span> <span class='ocrx_word' id='word_1_62' title='bbox 1077 779 1201 822; x_wconf 88' lang='lat' dir='ltr'>etiam</span> 
     </span>
     <span class='ocr_line' id='line_1_11' title="bbox 247 839 1201 899; baseline -0.007 -14"><span class='ocrx_word' id='word_1_63' title='bbox 247 857 322 899; x_wconf 85' lang='lat' dir='ltr'>per</span> <span class='ocrx_word' id='word_1_64' title='bbox 361 844 466 887; x_wconf 81' lang='lat' dir='ltr'>viam</span> <span class='ocrx_word' id='word_1_65' title='bbox 506 841 883 886; x_wconf 82' lang='lat' dir='ltr'>communicationis</span> <span class='ocrx_word' id='word_1_66' title='bbox 911 866 926 889; x_wconf 67' lang='lat' dir='ltr'>a</span> <span class='ocrx_word' id='word_1_67' title='bbox 962 839 1024 882; x_wconf 73' lang='lat' dir='ltr'>seu</span> <span class='ocrx_word' id='word_1_68' title='bbox 1061 848 1201 881; x_wconf 82' lang='lat' dir='ltr'>exten-</span> 
     </span>
     <span class='ocr_line' id='line_1_12' title="bbox 250 899 1202 953; baseline -0.008 -8"><span class='ocrx_word' id='word_1_69' title='bbox 250 902 370 945; x_wconf 78' lang='lat' dir='ltr'>sionis</span> <span class='ocrx_word' id='word_1_70' title='bbox 393 901 580 944; x_wconf 85' lang='lat' dir='ltr'>conceffis</span> <span class='ocrx_word' id='word_1_71' title='bbox 604 930 620 952; x_wconf 93' lang='lat'>‚</span> <span class='ocrx_word' id='word_1_72' title='bbox 646 903 686 944; x_wconf 86' lang='lat'>&amp;</span> <span class='ocrx_word' id='word_1_73' title='bbox 709 900 860 943; x_wconf 78' lang='lat' dir='ltr'>iteratis</span> <span class='ocrx_word' id='word_1_74' title='bbox 886 899 1037 942; x_wconf 89' lang='lat' dir='ltr'>vicibus</span> <span class='ocrx_word' id='word_1_75' title='bbox 1061 909 1202 953; x_wconf 88' lang='lat' dir='ltr'>appro-</span> 
     </span>
     <span class='ocr_line' id='line_1_13' title="bbox 246 951 1202 1014; baseline -0.009 -11"><span class='ocrx_word' id='word_1_76' title='bbox 246 960 352 1003; x_wconf 88' lang='lat' dir='ltr'>batis</span> <span class='ocrx_word' id='word_1_77' title='bbox 367 987 381 1011; x_wconf 83' lang='lat'>,</span> <span class='ocrx_word' id='word_1_78' title='bbox 394 960 644 1002; x_wconf 84' lang='lat' dir='ltr'>&amp;innovatis</span> <span class='ocrx_word' id='word_1_79' title='bbox 661 988 676 1012; x_wconf 85' lang='lat'>,</span> <span class='ocrx_word' id='word_1_80' title='bbox 694 957 840 1003; x_wconf 74' lang='lat' dir='ltr'>etiamn</span> <span class='ocrx_word' id='word_1_81' title='bbox 851 971 927 1014; x_wconf 90' lang='lat' dir='ltr'>pro</span> <span class='ocrx_word' id='word_1_82' title='bbox 945 956 1108 999; x_wconf 88' lang='lat' dir='ltr'>illorum</span> <span class='ocrx_word' id='word_1_83' title='bbox 1124 951 1202 996; x_wconf 89' lang='lat' dir='ltr'>suf·</span> 
     </span>
     <span class='ocr_line' id='line_1_14' title="bbox 247 1013 1201 1074; baseline -0.008 -13"><span class='ocrx_word' id='word_1_84' title='bbox 247 1018 402 1061; x_wconf 88' lang='lat' dir='ltr'>ficienti</span> <span class='ocrx_word' id='word_1_85' title='bbox 417 1017 740 1074; x_wconf 89' lang='lat' dir='ltr'>derogationede</span> <span class='ocrx_word' id='word_1_86' title='bbox 751 1017 832 1059; x_wconf 88' lang='lat' dir='ltr'>illis</span> <span class='ocrx_word' id='word_1_87' title='bbox 844 1043 858 1065; x_wconf 81' lang='lat'>‚</span> <span class='ocrx_word' id='word_1_88' title='bbox 872 1029 1091 1070; x_wconf 88' lang='lat' dir='ltr'>eorumque</span> <span class='ocrx_word' id='word_1_89' title='bbox 1104 1013 1201 1057; x_wconf 88' lang='lat' dir='ltr'>totis</span> 
     </span>
     <span class='ocr_line' id='line_1_15' title="bbox 245 1072 1202 1132; baseline -0.007 -12"><span class='ocrx_word' id='word_1_90' title='bbox 245 1076 451 1120; x_wconf 83' lang='lat' dir='ltr'>tenoribus</span> <span class='ocrx_word' id='word_1_91' title='bbox 466 1104 480 1129; x_wconf 86' lang='lat'>‚</span> <span class='ocrx_word' id='word_1_92' title='bbox 492 1078 531 1118; x_wconf 76' lang='grc' dir='ltr'>δι</span> <span class='ocrx_word' id='word_1_93' title='bbox 545 1075 683 1119; x_wconf 89' lang='lat' dir='ltr'>formis</span> <span class='ocrx_word' id='word_1_94' title='bbox 698 1073 875 1132; x_wconf 86' lang='lat' dir='ltr'>specialis</span> <span class='ocrx_word' id='word_1_95' title='bbox 888 1104 904 1128; x_wconf 90' lang='lat'>,</span> <span class='ocrx_word' id='word_1_96' title='bbox 917 1072 1173 1117; x_wconf 83' lang='lat' dir='ltr'>&amp;individua</span> <span class='ocrx_word' id='word_1_97' title='bbox 1186 1099 1202 1124; x_wconf 87' lang='lat'><strong>,</strong></span> 
     </span>
     <span class='ocr_line' id='line_1_16' title="bbox 247 1134 1200 1186; baseline -0.005 -9"><span class='ocrx_word' id='word_1_98' title='bbox 247 1150 294 1178; x_wconf 88' lang='lat' dir='ltr'>ac</span> <span class='ocrx_word' id='word_1_99' title='bbox 322 1139 374 1179; x_wconf 86' lang='lat' dir='ltr'>de</span> <span class='ocrx_word' id='word_1_100' title='bbox 406 1135 528 1178; x_wconf 84' lang='lat' dir='ltr'>verbo</span> <span class='ocrx_word' id='word_1_101' title='bbox 552 1135 603 1177; x_wconf 90' lang='lat' dir='ltr'>ad</span> <span class='ocrx_word' id='word_1_102' title='bbox 635 1134 833 1185; x_wconf 85' lang='lat' dir='ltr'>verbum,</span> <span class='ocrx_word' id='word_1_103' title='bbox 860 1146 942 1177; x_wconf 85' lang='lat' dir='ltr'>non</span> <span class='ocrx_word' id='word_1_104' title='bbox 968 1140 1102 1175; x_wconf 90' lang='lat' dir='ltr'>autem</span> <span class='ocrx_word' id='word_1_105' title='bbox 1128 1144 1200 1186; x_wconf 91' lang='lat' dir='ltr'>per</span> 
     </span>
     <span class='ocr_line' id='line_1_17' title="bbox 247 1188 1201 1246; baseline -0.005 -12"><span class='ocrx_word' id='word_1_106' title='bbox 247 1192 445 1234; x_wconf 77' lang='lat' dir='ltr'>clausulas</span> <span class='ocrx_word' id='word_1_107' title='bbox 463 1191 669 1246; x_wconf 81' lang='lat' dir='ltr'>generales</span> <span class='ocrx_word' id='word_1_108' title='bbox 682 1219 697 1242; x_wconf 82' lang='lat'>‚</span> <span class='ocrx_word' id='word_1_109' title='bbox 713 1192 879 1242; x_wconf 91' lang='lat' dir='ltr'>mentio,</span> <span class='ocrx_word' id='word_1_110' title='bbox 888 1190 951 1232; x_wconf 69' lang='lat' dir='ltr'>scu</span> <span class='ocrx_word' id='word_1_111' title='bbox 965 1191 1111 1246; x_wconf 84' lang='lat' dir='ltr'>quaevis</span> <span class='ocrx_word' id='word_1_112' title='bbox 1123 1188 1201 1230; x_wconf 87' lang='lat' dir='ltr'>alia</span> 
     </span>
     <span class='ocr_line' id='line_1_18' title="bbox 247 1246 1204 1305; baseline -0.006 -13"><span class='ocrx_word' id='word_1_113' title='bbox 247 1249 442 1305; x_wconf 83' lang='lat' dir='ltr'>expreffio</span> <span class='ocrx_word' id='word_1_114' title='bbox 456 1248 635 1291; x_wconf 83' lang='lat' dir='ltr'>habenda</span> <span class='ocrx_word' id='word_1_115' title='bbox 648 1273 662 1295; x_wconf 82' lang='lat'>‚</span> <span class='ocrx_word' id='word_1_116' title='bbox 693 1259 761 1290; x_wconf 83' lang='lat' dir='ltr'>aut</span> <span class='ocrx_word' id='word_1_117' title='bbox 774 1248 907 1304; x_wconf 86' lang='lat' dir='ltr'>aliqua</span> <span class='ocrx_word' id='word_1_118' title='bbox 921 1250 998 1290; x_wconf 88' lang='lat' dir='ltr'>alia</span> <span class='ocrx_word' id='word_1_119' title='bbox 1012 1246 1204 1303; x_wconf 80' lang='lat' dir='ltr'>exquifita</span> 
     </span>
     <span class='ocr_line' id='line_1_19' title="bbox 244 1303 1201 1359; baseline -0.006 -10"><span class='ocrx_word' id='word_1_120' title='bbox 244 1305 372 1352; x_wconf 86' lang='lat' dir='ltr'>forma</span> <span class='ocrx_word' id='word_1_121' title='bbox 398 1306 591 1350; x_wconf 85' lang='lat' dir='ltr'>servanda</span> <span class='ocrx_word' id='word_1_122' title='bbox 613 1303 704 1348; x_wconf 85' lang='lat' dir='ltr'>effct</span> <span class='ocrx_word' id='word_1_123' title='bbox 721 1330 736 1352; x_wconf 68' lang='lat' dir='ltr'>a</span> <span class='ocrx_word' id='word_1_124' title='bbox 760 1313 920 1346; x_wconf 77' lang='lat' dir='ltr'>tenores</span> <span class='ocrx_word' id='word_1_125' title='bbox 947 1303 1201 1359; x_wconf 87' lang='lat' dir='ltr'>hujusmodi,</span> 
     </span>
     <span class='ocr_line' id='line_1_20' title="bbox 245 1360 1201 1417; baseline -0.007 -9"><span class='ocrx_word' id='word_1_126' title='bbox 245 1380 290 1410; x_wconf 89' lang='lat' dir='ltr'>ac</span> <span class='ocrx_word' id='word_1_127' title='bbox 318 1368 346 1407; x_wconf 83' lang='lat' dir='ltr'><strong>fi</strong></span> <span class='ocrx_word' id='word_1_128' title='bbox 371 1364 423 1408; x_wconf 90' lang='lat' dir='ltr'>de</span> <span class='ocrx_word' id='word_1_129' title='bbox 455 1364 580 1408; x_wconf 87' lang='lat' dir='ltr'>verbo</span> <span class='ocrx_word' id='word_1_130' title='bbox 609 1363 658 1406; x_wconf 88' lang='lat' dir='ltr'>ad</span> <span class='ocrx_word' id='word_1_131' title='bbox 683 1362 847 1405; x_wconf 87' lang='lat' dir='ltr'>verbum</span> <span class='ocrx_word' id='word_1_132' title='bbox 868 1388 883 1411; x_wconf 64' lang='lat'>2</span> <span class='ocrx_word' id='word_1_133' title='bbox 920 1361 1021 1406; x_wconf 89' lang='lat' dir='ltr'>nihil</span> <span class='ocrx_word' id='word_1_134' title='bbox 1048 1360 1201 1417; x_wconf 88' lang='lat' dir='ltr'>penitus</span> 
     </span>
     <span class='ocr_line' id='line_1_21' title="bbox 248 1419 1199 1476; baseline -0.007 -9"><span class='ocrx_word' id='word_1_135' title='bbox 248 1423 386 1467; x_wconf 79' lang='lat' dir='ltr'>omisso</span> <span class='ocrx_word' id='word_1_136' title='bbox 398 1452 413 1476; x_wconf 83' lang='lat'><strong>,</strong></span> <span class='ocrx_word' id='word_1_137' title='bbox 429 1424 470 1464; x_wconf 78' lang='grc' dir='ltr'>δε</span> <span class='ocrx_word' id='word_1_138' title='bbox 499 1421 628 1466; x_wconf 83' lang='lat' dir='ltr'>forma</span> <span class='ocrx_word' id='word_1_139' title='bbox 654 1422 693 1464; x_wconf 92' lang='lat' dir='ltr'>in</span> <span class='ocrx_word' id='word_1_140' title='bbox 707 1421 788 1464; x_wconf 88' lang='lat' dir='ltr'>illis</span> <span class='ocrx_word' id='word_1_141' title='bbox 803 1420 951 1464; x_wconf 90' lang='lat' dir='ltr'>tradita</span> <span class='ocrx_word' id='word_1_142' title='bbox 965 1419 1172 1463; x_wconf 75' lang='lat' dir='ltr'>observata</span> <span class='ocrx_word' id='word_1_143' title='bbox 1184 1444 1199 1467; x_wconf 82' lang='lat'>‚</span> 
     </span>
     <span class='ocr_line' id='line_1_22' title="bbox 249 1477 1202 1537; baseline -0.005 -13"><span class='ocrx_word' id='word_1_144' title='bbox 249 1480 390 1525; x_wconf 86' lang='lat' dir='ltr'>inserti</span> <span class='ocrx_word' id='word_1_145' title='bbox 407 1482 540 1524; x_wconf 80' lang='lat' dir='ltr'>forent</span> <span class='ocrx_word' id='word_1_146' title='bbox 552 1507 567 1529; x_wconf 84' lang='lat'><strong>‚</strong></span> <span class='ocrx_word' id='word_1_147' title='bbox 581 1478 830 1537; x_wconf 66' lang='lat' dir='ltr'>praesentibus</span> <span class='ocrx_word' id='word_1_148' title='bbox 843 1492 918 1536; x_wconf 86' lang='lat' dir='ltr'>pro</span> <span class='ocrx_word' id='word_1_149' title='bbox 930 1477 1115 1534; x_wconf 76' lang='lat' dir='ltr'>expreffis</span> <span class='ocrx_word' id='word_1_150' title='bbox 1130 1478 1202 1519; x_wconf 88' lang='lat' dir='ltr'>ha-</span> 
     </span>
     <span class='ocr_line' id='line_1_23' title="bbox 249 1535 1203 1596; baseline -0.007 -12"><span class='ocrx_word' id='word_1_151' title='bbox 249 1540 376 1591; x_wconf 85' lang='lat' dir='ltr'>bens,</span> <span class='ocrx_word' id='word_1_152' title='bbox 405 1539 547 1596; x_wconf 88' lang='lat' dir='ltr'>quibus</span> <span class='ocrx_word' id='word_1_153' title='bbox 573 1537 704 1594; x_wconf 88' lang='lat' dir='ltr'>quoad</span> <span class='ocrx_word' id='word_1_154' title='bbox 729 1551 772 1580; x_wconf 86' lang='lat' dir='ltr'>ea</span> <span class='ocrx_word' id='word_1_155' title='bbox 796 1564 811 1587; x_wconf 87' lang='lat'>‚</span> <span class='ocrx_word' id='word_1_156' title='bbox 836 1550 920 1594; x_wconf 81' lang='lat' dir='ltr'>quae</span> <span class='ocrx_word' id='word_1_157' title='bbox 947 1535 1203 1593; x_wconf 84' lang='lat' dir='ltr'>praesentibus</span> 
     </span>
     <span class='ocr_line' id='line_1_24' title="bbox 250 1595 1203 1649; baseline -0.005 -9"><span class='ocrx_word' id='word_1_158' title='bbox 250 1597 534 1648; x_wconf 66' lang='lat' dir='ltr'>adversantur,</span> <span class='ocrx_word' id='word_1_159' title='bbox 563 1595 639 1638; x_wconf 88' lang='lat' dir='ltr'>illis</span> <span class='ocrx_word' id='word_1_160' title='bbox 663 1596 759 1640; x_wconf 77' lang='lat' dir='ltr'>alias</span> <span class='ocrx_word' id='word_1_161' title='bbox 787 1596 826 1637; x_wconf 90' lang='lat' dir='ltr'>in</span> <span class='ocrx_word' id='word_1_162' title='bbox 854 1597 925 1638; x_wconf 93' lang='lat' dir='ltr'>suo</span> <span class='ocrx_word' id='word_1_163' title='bbox 947 1596 1100 1638; x_wconf 85' lang='lat' dir='ltr'>robore</span> <span class='ocrx_word' id='word_1_164' title='bbox 1113 1606 1203 1649; x_wconf 85' lang='lat' dir='ltr'>per·</span> 
     </span>
     <span class='ocr_line' id='line_1_25' title="bbox 250 1650 1204 1709; baseline -0.007 -10"><span class='ocrx_word' id='word_1_165' title='bbox 250 1656 440 1699; x_wconf 80' lang='lat' dir='ltr'>mansuris</span> <span class='ocrx_word' id='word_1_166' title='bbox 466 1682 480 1703; x_wconf 86' lang='lat'>‚</span> <span class='ocrx_word' id='word_1_167' title='bbox 520 1655 638 1698; x_wconf 89' lang='lat' dir='ltr'>Sacra</span> <span class='ocrx_word' id='word_1_168' title='bbox 668 1654 950 1709; x_wconf 76' lang='lat' dir='ltr'>congregatio</span> <span class='ocrx_word' id='word_1_169' title='bbox 975 1650 1204 1698; x_wconf 66' lang='lat' dir='ltr'>sanctitatis</span> 
     </span>
     <span class='ocr_line' id='line_1_26' title="bbox 251 1710 1203 1767; baseline -0.006 -10"><span class='ocrx_word' id='word_1_170' title='bbox 251 1717 334 1758; x_wconf 84' lang='lat' dir='ltr'>Suae</span> <span class='ocrx_word' id='word_1_171' title='bbox 347 1712 594 1756; x_wconf 78' lang='lat' dir='ltr'>authoritate</span> <span class='ocrx_word' id='word_1_172' title='bbox 607 1711 829 1767; x_wconf 85' lang='lat' dir='ltr'>specialiter</span> <span class='ocrx_word' id='word_1_173' title='bbox 840 1740 855 1762; x_wconf 86' lang='lat'>‚</span> <span class='ocrx_word' id='word_1_174' title='bbox 881 1713 917 1752; x_wconf 78' lang='grc' dir='ltr'>δι</span> <span class='ocrx_word' id='word_1_175' title='bbox 932 1714 1113 1767; x_wconf 75' lang='lat' dir='ltr'>expresse</span> <span class='ocrx_word' id='word_1_176' title='bbox 1129 1710 1203 1751; x_wconf 88' lang='lat' dir='ltr'>de·</span> 
     </span>
     <span class='ocr_line' id='line_1_27' title="bbox 250 1769 1204 1829; baseline -0.008 -13"><span class='ocrx_word' id='word_1_177' title='bbox 250 1782 394 1829; x_wconf 76' lang='lat' dir='ltr'>rogat,</span> <span class='ocrx_word' id='word_1_178' title='bbox 409 1770 635 1827; x_wconf 61' lang='lat' dir='ltr'>caeterisiquc</span> <span class='ocrx_word' id='word_1_179' title='bbox 650 1770 858 1812; x_wconf 89' lang='lat' dir='ltr'>contrariis</span> <span class='ocrx_word' id='word_1_180' title='bbox 870 1769 1204 1825; x_wconf 88' lang='lat' dir='ltr'>quibuscumque.</span> 
     </span>
    </p>

    <p class='ocr_par' dir='ltr' id='par_1_3' title="bbox 249 1826 1211 1946">
     <span class='ocr_line' id='line_1_28' title="bbox 364 1826 1211 1885; baseline -0.006 -13"><span class='ocrx_word' id='word_1_181' title='bbox 364 1831 419 1872; x_wconf 87' lang='lat' dir='ltr'>Et</span> <span class='ocrx_word' id='word_1_182' title='bbox 449 1843 497 1884; x_wconf 83' lang='lat' dir='ltr'>ne</span> <span class='ocrx_word' id='word_1_183' title='bbox 510 1826 789 1885; x_wconf 71' lang='lat' dir='ltr'>praemissorum</span> <span class='ocrx_word' id='word_1_184' title='bbox 815 1828 1040 1883; x_wconf 84' lang='lat' dir='ltr'>ignorantia</span> <span class='ocrx_word' id='word_1_185' title='bbox 1062 1832 1085 1873; x_wconf 69' lang='lat' dir='ltr'>a</span> <span class='ocrx_word' id='word_1_186' title='bbox 1108 1840 1211 1883; x_wconf 86' lang='lat' dir='ltr'>quo·</span> 
     </span>
     <span class='ocr_line' id='line_1_29' title="bbox 249 1885 1208 1946; baseline -0.004 -16"><span class='ocrx_word' id='word_1_187' title='bbox 249 1902 368 1946; x_wconf 90' lang='lat' dir='ltr'>quam</span> <span class='ocrx_word' id='word_1_188' title='bbox 382 1888 572 1944; x_wconf 85' lang='lat' dir='ltr'>praetendi</span> <span class='ocrx_word' id='word_1_189' title='bbox 587 1885 727 1942; x_wconf 74' lang='lat' dir='ltr'>ponit,</span> <span class='ocrx_word' id='word_1_190' title='bbox 755 1885 885 1929; x_wconf 84' lang='lat' dir='ltr'>voluit</span> <span class='ocrx_word' id='word_1_191' title='bbox 899 1887 1057 1931; x_wconf 73' lang='lat' dir='ltr'>‘eadem</span> <span class='ocrx_word' id='word_1_192' title='bbox 1085 1890 1208 1930; x_wconf 88' lang='lat' dir='ltr'>Sacra</span> 
     </span>
    </p>
   </div>
   <div class='ocr_carea' id='block_1_3' title="bbox 171 1943 1208 2003">
    <p class='ocr_par' dir='ltr' id='par_1_4' title="bbox 171 1943 1208 2003">
     <span class='ocr_line' id='line_1_30' title="bbox 171 1943 1208 2003; baseline -0.01 -10"><span class='ocrx_word' id='word_1_193' title='bbox 171 1989 174 1993; x_wconf 94' lang='grc'><em>,</em></span> <span class='ocrx_word' id='word_1_194' title='bbox 253 1946 557 2003; x_wconf 83' lang='lat' dir='ltr'>Congregatio‚</span> <span class='ocrx_word' id='word_1_195' title='bbox 589 1943 1154 2001; x_wconf 84' lang='lat' dir='ltr'>utpraesentesOrdinationes</span> <span class='ocrx_word' id='word_1_196' title='bbox 1169 1944 1208 1985; x_wconf 90' lang='lat' dir='ltr'>in</span> 
     </span>
    </p>
   </div>
   <div class='ocr_carea' id='block_1_4' title="bbox 251 2002 1210 2760">
    <p class='ocr_par' dir='ltr' id='par_1_5' title="bbox 251 2002 1210 2760">
     <span class='ocr_line' id='line_1_31' title="bbox 253 2002 1210 2058; baseline -0.005 -10"><span class='ocrx_word' id='word_1_197' title='bbox 253 2004 379 2054; x_wconf 80' lang='lat' dir='ltr'>valvis</span> <span class='ocrx_word' id='word_1_198' title='bbox 396 2002 651 2047; x_wconf 77' lang='lat' dir='ltr'>Basilicarum</span> <span class='ocrx_word' id='word_1_199' title='bbox 663 2002 961 2058; x_wconf 62' lang='lat' dir='ltr'>SanetiJoannis</span> <span class='ocrx_word' id='word_1_200' title='bbox 971 2005 1210 2046; x_wconf 85' lang='lat' dir='ltr'>Lateranen-</span> 
     </span>
     <span class='ocr_line' id='line_1_32' title="bbox 251 2060 1207 2117; baseline -0.003 -11"><span class='ocrx_word' id='word_1_201' title='bbox 251 2064 300 2106; x_wconf 81' lang='lat' dir='ltr'>sis</span> <span class='ocrx_word' id='word_1_202' title='bbox 313 2090 328 2113; x_wconf 69' lang='lat' dir='ltr'>a</span> <span class='ocrx_word' id='word_1_203' title='bbox 355 2065 391 2105; x_wconf 89' lang='lat'>&amp;</span> <span class='ocrx_word' id='word_1_204' title='bbox 408 2062 598 2117; x_wconf 82' lang='lat' dir='ltr'>Principis</span> <span class='ocrx_word' id='word_1_205' title='bbox 618 2060 900 2117; x_wconf 86' lang='lat' dir='ltr'>Apostolorum</span> <span class='ocrx_word' id='word_1_206' title='bbox 928 2060 978 2103; x_wconf 87' lang='lat' dir='ltr'>de</span> <span class='ocrx_word' id='word_1_207' title='bbox 993 2062 1105 2105; x_wconf 88' lang='lat' dir='ltr'>Urbe</span> <span class='ocrx_word' id='word_1_208' title='bbox 1118 2086 1132 2108; x_wconf 86' lang='lat'>‚</span> <span class='ocrx_word' id='word_1_209' title='bbox 1160 2074 1207 2103; x_wconf 87' lang='lat' dir='ltr'>ac</span> 
     </span>
     <span class='ocr_line' id='line_1_33' title="bbox 255 2118 1209 2176; baseline -0.005 -12"><span class='ocrx_word' id='word_1_210' title='bbox 255 2123 296 2164; x_wconf 90' lang='lat' dir='ltr'>in</span> <span class='ocrx_word' id='word_1_211' title='bbox 308 2123 406 2165; x_wconf 79' lang='lat' dir='ltr'>Acie</span> <span class='ocrx_word' id='word_1_212' title='bbox 416 2122 560 2176; x_wconf 86' lang='lat' dir='ltr'>Campi</span> <span class='ocrx_word' id='word_1_213' title='bbox 578 2119 704 2163; x_wconf 81' lang='lat' dir='ltr'>Florae</span> <span class='ocrx_word' id='word_1_214' title='bbox 720 2145 734 2168; x_wconf 81' lang='lat'>‚</span> <span class='ocrx_word' id='word_1_215' title='bbox 748 2129 792 2161; x_wconf 91' lang='lat' dir='ltr'>ut</span> <span class='ocrx_word' id='word_1_216' title='bbox 807 2124 930 2162; x_wconf 80' lang='lat' dir='ltr'>moris</span> <span class='ocrx_word' id='word_1_217' title='bbox 943 2118 997 2162; x_wconf 82' lang='lat' dir='ltr'>est</span> <span class='ocrx_word' id='word_1_218' title='bbox 1013 2147 1027 2169; x_wconf 84' lang='lat'>‚</span> <span class='ocrx_word' id='word_1_219' title='bbox 1057 2118 1180 2161; x_wconf 84' lang='lat' dir='ltr'>affixae</span> <span class='ocrx_word' id='word_1_220' title='bbox 1192 2145 1209 2167; x_wconf 83' lang='lat'>,</span> 
     </span>
     <span class='ocr_line' id='line_1_34' title="bbox 254 2174 1208 2232; baseline -0.003 -11"><span class='ocrx_word' id='word_1_221' title='bbox 254 2194 391 2223; x_wconf 87' lang='lat' dir='ltr'>omnes</span> <span class='ocrx_word' id='word_1_222' title='bbox 407 2205 420 2227; x_wconf 71' lang='lat' dir='ltr'>a</span> <span class='ocrx_word' id='word_1_223' title='bbox 430 2179 479 2222; x_wconf 89' lang='lat' dir='ltr'>ad</span> <span class='ocrx_word' id='word_1_224' title='bbox 493 2192 589 2232; x_wconf 89' lang='lat' dir='ltr'>quos</span> <span class='ocrx_word' id='word_1_225' title='bbox 602 2178 779 2232; x_wconf 84' lang='lat' dir='ltr'>pertinet</span> <span class='ocrx_word' id='word_1_226' title='bbox 791 2206 806 2227; x_wconf 94' lang='lat'><strong>,</strong></span> <span class='ocrx_word' id='word_1_227' title='bbox 822 2178 877 2219; x_wconf 90' lang='lat' dir='ltr'>ita</span> <span class='ocrx_word' id='word_1_228' title='bbox 891 2180 1045 2219; x_wconf 74' lang='lat' dir='ltr'>arc&#39;tent</span> <span class='ocrx_word' id='word_1_229' title='bbox 1060 2205 1074 2228; x_wconf 91' lang='lat'>,</span> <span class='ocrx_word' id='word_1_230' title='bbox 1096 2178 1136 2218; x_wconf 74' lang='grc' dir='ltr'>δι</span> <span class='ocrx_word' id='word_1_231' title='bbox 1150 2174 1208 2217; x_wconf 83' lang='lat' dir='ltr'>as·</span> 
     </span>
     <span class='ocr_line' id='line_1_35' title="bbox 251 2234 1205 2290; baseline -0.006 -10"><span class='ocrx_word' id='word_1_232' title='bbox 251 2237 389 2280; x_wconf 85' lang='lat' dir='ltr'>ficiaut</span> <span class='ocrx_word' id='word_1_233' title='bbox 402 2264 416 2287; x_wconf 86' lang='lat'>‚</span> <span class='ocrx_word' id='word_1_234' title='bbox 440 2249 484 2279; x_wconf 84' lang='lat' dir='ltr'>ac</span> <span class='ocrx_word' id='word_1_235' title='bbox 499 2235 522 2277; x_wconf 83' lang='lat' dir='ltr'>fi</span> <span class='ocrx_word' id='word_1_236' title='bbox 539 2236 752 2290; x_wconf 87' lang='lat' dir='ltr'>unicuique</span> <span class='ocrx_word' id='word_1_237' title='bbox 766 2234 1023 2289; x_wconf 85' lang='lat' dir='ltr'>personaliter</span> <span class='ocrx_word' id='word_1_238' title='bbox 1045 2234 1205 2276; x_wconf 88' lang='lat' dir='ltr'>intima-</span> 
     </span>
     <span class='ocr_line' id='line_1_36' title="bbox 253 2292 1206 2349; baseline -0.002 -10"><span class='ocrx_word' id='word_1_239' title='bbox 253 2305 302 2339; x_wconf 82' lang='lat' dir='ltr'>tae</span> <span class='ocrx_word' id='word_1_240' title='bbox 328 2292 479 2338; x_wconf 80' lang='lat' dir='ltr'>fuiffent</span> <span class='ocrx_word' id='word_1_241' title='bbox 491 2321 506 2345; x_wconf 81' lang='lat'>‚</span> <span class='ocrx_word' id='word_1_242' title='bbox 532 2302 656 2349; x_wconf 91' lang='lat' dir='ltr'>utque</span> <span class='ocrx_word' id='word_1_243' title='bbox 683 2293 898 2337; x_wconf 89' lang='lat' dir='ltr'>earundem</span> <span class='ocrx_word' id='word_1_244' title='bbox 926 2292 1206 2349; x_wconf 74' lang='lat' dir='ltr'>praesentium..</span> 
     </span>
     <span class='ocr_line' id='line_1_37' title="bbox 253 2350 1208 2409; baseline -0.005 -12"><span class='ocrx_word' id='word_1_245' title='bbox 253 2351 508 2409; x_wconf 75' lang='lat' dir='ltr'>transumptis</span> <span class='ocrx_word' id='word_1_246' title='bbox 522 2378 536 2401; x_wconf 82' lang='lat'>,</span> <span class='ocrx_word' id='word_1_247' title='bbox 548 2352 670 2394; x_wconf 89' lang='lat' dir='ltr'>etiam</span> <span class='ocrx_word' id='word_1_248' title='bbox 686 2350 873 2408; x_wconf 82' lang='lat' dir='ltr'>impreffis</span> <span class='ocrx_word' id='word_1_249' title='bbox 884 2380 898 2402; x_wconf 91' lang='lat'><strong>,</strong></span> <span class='ocrx_word' id='word_1_250' title='bbox 912 2366 1028 2395; x_wconf 78' lang='lat' dir='ltr'>manu</span> <span class='ocrx_word' id='word_1_251' title='bbox 1039 2350 1208 2407; x_wconf 86' lang='lat' dir='ltr'>alicujus</span> 
     </span>
     <span class='ocr_line' id='line_1_38' title="bbox 254 2409 1209 2467; baseline -0.005 -11"><span class='ocrx_word' id='word_1_252' title='bbox 254 2412 417 2456; x_wconf 89' lang='lat' dir='ltr'>Notarii</span> <span class='ocrx_word' id='word_1_253' title='bbox 431 2409 576 2466; x_wconf 84' lang='lat' dir='ltr'>publici</span> <span class='ocrx_word' id='word_1_254' title='bbox 593 2409 816 2465; x_wconf 85' lang='lat' dir='ltr'>subscriptis</span> <span class='ocrx_word' id='word_1_255' title='bbox 831 2440 845 2462; x_wconf 92' lang='lat'>‚</span> <span class='ocrx_word' id='word_1_256' title='bbox 879 2412 918 2453; x_wconf 73' lang='grc' dir='ltr'>δι</span> <span class='ocrx_word' id='word_1_257' title='bbox 932 2409 1060 2466; x_wconf 83' lang='lat' dir='ltr'>figillo</span> <span class='ocrx_word' id='word_1_258' title='bbox 1073 2410 1209 2467; x_wconf 82' lang='lat' dir='ltr'>perso·</span> 
     </span>
     <span class='ocr_line' id='line_1_39' title="bbox 256 2468 1210 2524; baseline -0.004 -10"><span class='ocrx_word' id='word_1_259' title='bbox 256 2486 312 2514; x_wconf 86' lang='lat' dir='ltr'>nae</span> <span class='ocrx_word' id='word_1_260' title='bbox 325 2469 365 2514; x_wconf 88' lang='lat' dir='ltr'>in</span> <span class='ocrx_word' id='word_1_261' title='bbox 382 2468 576 2524; x_wconf 87' lang='lat' dir='ltr'>dignitate</span> <span class='ocrx_word' id='word_1_262' title='bbox 593 2468 858 2512; x_wconf 66' lang='lat' dir='ltr'>ecclesiastica</span> <span class='ocrx_word' id='word_1_263' title='bbox 873 2470 1096 2512; x_wconf 84' lang='lat' dir='ltr'>constitutae</span> <span class='ocrx_word' id='word_1_264' title='bbox 1118 2483 1210 2511; x_wconf 88' lang='lat' dir='ltr'>mu-</span> 
     </span>
     <span class='ocr_line' id='line_1_40' title="bbox 257 2525 1208 2583; baseline -0.004 -10"><span class='ocrx_word' id='word_1_265' title='bbox 257 2529 352 2573; x_wconf 88' lang='lat' dir='ltr'>nitis</span> <span class='ocrx_word' id='word_1_266' title='bbox 370 2556 385 2579; x_wconf 79' lang='lat'><strong>,</strong></span> <span class='ocrx_word' id='word_1_267' title='bbox 397 2527 537 2571; x_wconf 80' lang='lat' dir='ltr'>eadem</span> <span class='ocrx_word' id='word_1_268' title='bbox 551 2528 709 2583; x_wconf 83' lang='lat' dir='ltr'>prorsus</span> <span class='ocrx_word' id='word_1_269' title='bbox 723 2525 819 2569; x_wconf 85' lang='lat' dir='ltr'>fides</span> <span class='ocrx_word' id='word_1_270' title='bbox 830 2527 1070 2570; x_wconf 84' lang='lat' dir='ltr'>adhibeatur</span> <span class='ocrx_word' id='word_1_271' title='bbox 1084 2553 1099 2575; x_wconf 81' lang='lat'>‚</span> <span class='ocrx_word' id='word_1_272' title='bbox 1123 2542 1208 2582; x_wconf 83' lang='lat' dir='ltr'>qua:</span> 
     </span>
     <span class='ocr_line' id='line_1_41' title="bbox 255 2583 1209 2644; baseline 0 -15"><span class='ocrx_word' id='word_1_273' title='bbox 255 2586 510 2644; x_wconf 67' lang='lat' dir='ltr'>praesentibus</span> <span class='ocrx_word' id='word_1_274' title='bbox 524 2586 786 2629; x_wconf 88' lang='lat' dir='ltr'>adhiberetur</span> <span class='ocrx_word' id='word_1_275' title='bbox 802 2613 818 2638; x_wconf 84' lang='lat'><strong>,</strong></span> <span class='ocrx_word' id='word_1_276' title='bbox 830 2586 855 2627; x_wconf 84' lang='lat' dir='ltr'>fi</span> <span class='ocrx_word' id='word_1_277' title='bbox 871 2583 1000 2629; x_wconf 87' lang='lat' dir='ltr'>forent</span> <span class='ocrx_word' id='word_1_278' title='bbox 1010 2586 1209 2638; x_wconf 70' lang='lat' dir='ltr'>exhibitae,</span> 
     </span>
     <span class='ocr_line' id='line_1_42' title="bbox 257 2642 519 2690; baseline -0.023 0"><span class='ocrx_word' id='word_1_279' title='bbox 257 2645 326 2690; x_wconf 84' lang='lat' dir='ltr'>vel</span> <span class='ocrx_word' id='word_1_280' title='bbox 338 2642 494 2688; x_wconf 83' lang='lat' dir='ltr'>ostensae</span> <span class='ocrx_word' id='word_1_281' title='bbox 505 2671 519 2684; x_wconf 88' lang='lat'>.</span> 
     </span>
     <span class='ocr_line' id='line_1_43' title="bbox 372 2701 1095 2760; baseline 0.003 -15"><span class='ocrx_word' id='word_1_282' title='bbox 372 2706 523 2745; x_wconf 87' lang='lat' dir='ltr'>Datum</span> <span class='ocrx_word' id='word_1_283' title='bbox 535 2703 674 2745; x_wconf 81' lang='lat' dir='ltr'>Romae</span> <span class='ocrx_word' id='word_1_284' title='bbox 685 2701 750 2744; x_wconf 89' lang='lat' dir='ltr'>die</span> <span class='ocrx_word' id='word_1_285' title='bbox 763 2715 785 2744; x_wconf 84' lang='lat'>2</span> <span class='ocrx_word' id='word_1_286' title='bbox 795 2715 828 2744; x_wconf 89' lang='lat'>1.</span> <span class='ocrx_word' id='word_1_287' title='bbox 851 2703 955 2760; x_wconf 82' lang='lat' dir='ltr'>Junii</span> <span class='ocrx_word' id='word_1_288' title='bbox 974 2704 1047 2747; x_wconf 75' lang='lat'>162</span> <span class='ocrx_word' id='word_1_289' title='bbox 1057 2716 1095 2757; x_wconf 84' lang='grc' dir='ltr'>ς.</span> 
     </span>
    </p>
   </div>
   <div class='ocr_carea' id='block_1_5' title="bbox 286 2815 1213 2918">
    <p class='ocr_par' dir='ltr' id='par_1_6' title="bbox 286 2815 1213 2918">
     <span class='ocr_line' id='line_1_44' title="bbox 321 2815 1213 2876; baseline 0.008 -18"><span class='ocrx_word' id='word_1_290' title='bbox 321 2817 496 2871; x_wconf 68' lang='grc' dir='ltr'>Εκεηφῐ.</span> <span class='ocrx_word' id='word_1_291' title='bbox 509 2815 725 2874; x_wconf 75' lang='lat' dir='ltr'>impreffl&#39;em</span> <span class='ocrx_word' id='word_1_292' title='bbox 739 2820 781 2858; x_wconf 79' lang='lat' dir='ltr'>in</span> <span class='ocrx_word' id='word_1_293' title='bbox 791 2819 1094 2876; x_wconf 63' lang='lat' dir='ltr'>Aah-gomorri-</span> <span class='ocrx_word' id='word_1_294' title='bbox 1103 2824 1213 2865; x_wconf 84' lang='lat' dir='ltr'>Arm.</span> 
     </span>
     <span class='ocr_line' id='line_1_45' title="bbox 286 2874 775 2918; baseline -0.004 -1"><span class='ocrx_word' id='word_1_295' title='bbox 286 2898 289 2901; x_wconf 44' lang='lat'><em>⁴</em></span> <span class='ocrx_word' id='word_1_296' title='bbox 379 2877 483 2918; x_wconf 81' lang='lat' dir='ltr'>Doe.</span> <span class='ocrx_word' id='word_1_297' title='bbox 500 2874 749 2917; x_wconf 85' lang='lat' dir='ltr'>Autbentica</span> <span class='ocrx_word' id='word_1_298' title='bbox 762 2903 775 2916; x_wconf 84' lang='lat'><strong>.</strong></span> 
     </span>
    </p>
   </div>
   <div class='ocr_carea' id='block_1_6' title="bbox 380 3010 721 3029">
    <p class='ocr_par' dir='ltr' id='par_1_7' title="bbox 380 3010 721 3029">
     <span class='ocr_line' id='line_1_46' title="bbox 380 3010 721 3029; baseline 0 1163"><span class='ocrx_word' id='word_1_299' title='bbox 380 3010 721 3029; x_wconf 95' lang='lat' dir='ltr'> </span> 
     </span>
    </p>
   </div>
   <div class='ocr_carea' id='block_1_7' title="bbox 503 3110 998 3163">
    <p class='ocr_par' dir='ltr' id='par_1_8' title="bbox 503 3110 998 3163">
     <span class='ocr_line' id='line_1_47' title="bbox 503 3110 998 3163; baseline 0.006 -4"><span class='ocrx_word' id='word_1_300' title='bbox 503 3110 998 3163; x_wconf 44' lang='lat' dir='ltr'><strong>DUBI⁴A</strong></span> 
     </span>
    </p>
   </div>
   <div class='ocr_carea' id='block_1_8' title="bbox 977 3019 1208 3036">
    <p class='ocr_par' dir='ltr' id='par_1_9' title="bbox 977 3019 1208 3036">
     <span class='ocr_line' id='line_1_48' title="bbox 977 3019 1208 3036; baseline 0 0"><span class='ocrx_word' id='word_1_301' title='bbox 977 3019 1208 3036; x_wconf 95' lang='lat' dir='ltr'> </span> 
     </span>
    </p>
   </div>
   <div class='ocr_carea' id='block_1_9' title="bbox 276 3235 1222 3434">
    <p class='ocr_par' dir='ltr' id='par_1_10' title="bbox 276 3235 1222 3434">
     <span class='ocr_line' id='line_1_49' title="bbox 276 3235 1220 3306; baseline 0.006 -18"><span class='ocrx_word' id='word_1_302' title='bbox 276 3238 419 3306; x_wconf 84' lang='lat' dir='ltr'>Super</span> <span class='ocrx_word' id='word_1_303' title='bbox 447 3237 655 3287; x_wconf 82' lang='lat' dir='ltr'>Decretis</span> <span class='ocrx_word' id='word_1_304' title='bbox 687 3235 946 3303; x_wconf 81' lang='lat' dir='ltr'>antepositis</span> <span class='ocrx_word' id='word_1_305' title='bbox 976 3239 1137 3291; x_wconf 84' lang='lat' dir='ltr'>oborta</span> <span class='ocrx_word' id='word_1_306' title='bbox 1164 3244 1220 3294; x_wconf 87' lang='lat' dir='ltr'>ab</span> 
     </span>
     <span class='ocr_line' id='line_1_50' title="bbox 295 3307 1222 3376; baseline 0.024 -33"><span class='ocrx_word' id='word_1_307' title='bbox 295 3340 296 3343; x_wconf 75' lang='grc'>,</span> <span class='ocrx_word' id='word_1_308' title='bbox 349 3307 504 3357; x_wconf 69' lang='lat' dir='ltr'>eadem</span> <span class='ocrx_word' id='word_1_309' title='bbox 553 3311 600 3359; x_wconf 89' lang='lat' dir='ltr'>S.</span> <span class='ocrx_word' id='word_1_310' title='bbox 634 3309 1002 3376; x_wconf 84' lang='lat' dir='ltr'>Congregatione</span> <span class='ocrx_word' id='word_1_311' title='bbox 1043 3314 1222 3365; x_wconf 86' lang='lat' dir='ltr'>Summi</span> 
     </span>
     <span class='ocr_line' id='line_1_51' title="bbox 344 3375 1182 3434; baseline 0.011 -9"><span class='ocrx_word' id='word_1_312' title='bbox 344 3375 574 3428; x_wconf 81' lang='lat' dir='ltr'>Pontificis</span> <span class='ocrx_word' id='word_1_313' title='bbox 591 3378 863 3428; x_wconf 86' lang='lat' dir='ltr'>authoritate</span> <span class='ocrx_word' id='word_1_314' title='bbox 876 3378 1160 3433; x_wconf 87' lang='lat' dir='ltr'>declarantur</span> <span class='ocrx_word' id='word_1_315' title='bbox 1169 3420 1182 3434; x_wconf 89' lang='lat'><strong>.</strong></span> 
     </span>
    </p>
   </div>
   <div class='ocr_carea' id='block_1_10' title="bbox 273 3512 1224 3751">
    <p class='ocr_par' dir='ltr' id='par_1_11' title="bbox 273 3512 1224 3751">
     <span class='ocr_line' id='line_1_52' title="bbox 361 3512 1224 3573; baseline 0.015 -20"><span class='ocrx_word' id='word_1_316' title='bbox 361 3512 471 3566; x_wconf 80' lang='lat' dir='ltr'>uper</span> <span class='ocrx_word' id='word_1_317' title='bbox 491 3514 620 3568; x_wconf 72' lang='lat' dir='ltr'>primo</span> <span class='ocrx_word' id='word_1_318' title='bbox 642 3519 770 3561; x_wconf 82' lang='lat' dir='ltr'>Sacrae</span> <span class='ocrx_word' id='word_1_319' title='bbox 783 3519 1123 3573; x_wconf 87' lang='lat' dir='ltr'>Congregationis</span> <span class='ocrx_word' id='word_1_320' title='bbox 1152 3522 1224 3566; x_wconf 91' lang='lat' dir='ltr'>de-</span> 
     </span>
     <span class='ocr_line' id='line_1_53' title="bbox 379 3573 1221 3636; baseline 0.015 -26"><span class='ocrx_word' id='word_1_321' title='bbox 379 3579 511 3634; x_wconf 73' lang='lat' dir='ltr'>creto,</span> <span class='ocrx_word' id='word_1_322' title='bbox 536 3573 586 3616; x_wconf 89' lang='lat' dir='ltr'>de</span> <span class='ocrx_word' id='word_1_323' title='bbox 597 3574 866 3620; x_wconf 83' lang='lat' dir='ltr'>celebratione</span> <span class='ocrx_word' id='word_1_324' title='bbox 883 3576 1081 3620; x_wconf 83' lang='lat' dir='ltr'>Miffarum</span> <span class='ocrx_word' id='word_1_325' title='bbox 1097 3609 1110 3631; x_wconf 87' lang='lat'><strong>‚</strong></span> <span class='ocrx_word' id='word_1_326' title='bbox 1141 3595 1221 3636; x_wconf 87' lang='lat' dir='ltr'>quo</span> 
     </span>
     <span class='ocr_line' id='line_1_54' title="bbox 273 3627 1221 3694; baseline 0.019 -29"><span class='ocrx_word' id='word_1_327' title='bbox 273 3627 576 3682; x_wconf 81' lang='lat' dir='ltr'>prohibetur-,ne</span> <span class='ocrx_word' id='word_1_328' title='bbox 590 3632 772 3690; x_wconf 86' lang='lat' dir='ltr'>Episcopi</span> <span class='ocrx_word' id='word_1_329' title='bbox 786 3636 824 3677; x_wconf 92' lang='lat' dir='ltr'>in</span> <span class='ocrx_word' id='word_1_330' title='bbox 843 3635 1076 3679; x_wconf 88' lang='lat' dir='ltr'>Dioecesana</span> <span class='ocrx_word' id='word_1_331' title='bbox 1091 3643 1221 3694; x_wconf 88' lang='lat' dir='ltr'>Syno-</span> 
     </span>
     <span class='ocr_line' id='line_1_55' title="bbox 276 3685 1219 3751; baseline 0.016 -26"><span class='ocrx_word' id='word_1_332' title='bbox 276 3685 332 3727; x_wconf 94' lang='lat' dir='ltr'>do</span> <span class='ocrx_word' id='word_1_333' title='bbox 346 3712 359 3735; x_wconf 88' lang='lat'>,</span> <span class='ocrx_word' id='word_1_334' title='bbox 375 3694 441 3725; x_wconf 89' lang='lat' dir='ltr'>aut</span> <span class='ocrx_word' id='word_1_335' title='bbox 458 3685 672 3731; x_wconf 86' lang='lat' dir='ltr'>Generales</span> <span class='ocrx_word' id='word_1_336' title='bbox 683 3692 723 3734; x_wconf 91' lang='lat' dir='ltr'>in</span> <span class='ocrx_word' id='word_1_337' title='bbox 734 3694 931 3748; x_wconf 89' lang='lat' dir='ltr'>Capitulis</span> <span class='ocrx_word' id='word_1_338' title='bbox 947 3698 1219 3751; x_wconf 87' lang='lat' dir='ltr'>generalibus,</span> 
     </span>
    </p>
   </div>
   <div class='ocr_carea' id='block_1_11' title="bbox 276 3741 1218 3844">
    <p class='ocr_par' dir='ltr' id='par_1_12' title="bbox 276 3741 1218 3844">
     <span class='ocr_line' id='line_1_56' title="bbox 276 3741 1218 3844; baseline 0.018 -60"><span class='ocrx_word' id='word_1_339' title='bbox 276 3742 339 3785; x_wconf 86' lang='lat' dir='ltr'>vel</span> <span class='ocrx_word' id='word_1_340' title='bbox 353 3741 745 3844; x_wconf 44' lang='lat' dir='ltr'>alilaozcyffiquomodo</span> <span class='ocrx_word' id='word_1_341' title='bbox 759 3777 774 3801; x_wconf 66' lang='lat'>2</span> <span class='ocrx_word' id='word_1_342' title='bbox 789 3753 982 3799; x_wconf 86' lang='lat' dir='ltr'>reducant</span> <span class='ocrx_word' id='word_1_343' title='bbox 995 3768 1118 3803; x_wconf 85' lang='lat' dir='ltr'>onera</span> <span class='ocrx_word' id='word_1_344' title='bbox 1139 3757 1218 3800; x_wconf 89' lang='lat' dir='ltr'>ulla</span> 
     </span>
    </p>
   </div>
   <div class='ocr_carea' id='block_1_12' title="bbox 1993 197 2147 276">
    <p class='ocr_par' dir='ltr' id='par_1_13' title="bbox 1993 197 2147 276">
     <span class='ocr_line' id='line_1_57' title="bbox 1993 197 2147 276; baseline 0.013 -2"><span class='ocrx_word' id='word_1_345' title='bbox 1993 197 2147 276; x_wconf 85' lang='lat'>393</span> 
     </span>
    </p>
   </div>
   <div class='ocr_carea' id='block_1_13' title="bbox 1258 317 2236 3810">
    <p class='ocr_par' dir='ltr' id='par_1_14' title="bbox 1258 317 2219 474">
     <span class='ocr_line' id='line_1_58' title="bbox 1262 317 2219 371; baseline 0.002 -9"><span class='ocrx_word' id='word_1_346' title='bbox 1262 319 1463 362; x_wconf 78' lang='lat' dir='ltr'>Miffarum</span> <span class='ocrx_word' id='word_1_347' title='bbox 1486 317 1813 363; x_wconf 88' lang='lat' dir='ltr'>celebrandarum</span> <span class='ocrx_word' id='word_1_348' title='bbox 1827 345 1843 366; x_wconf 90' lang='lat'>,</span> <span class='ocrx_word' id='word_1_349' title='bbox 1868 325 1934 358; x_wconf 86' lang='lat' dir='ltr'>aut</span> <span class='ocrx_word' id='word_1_350' title='bbox 1964 321 2048 371; x_wconf 86' lang='lat' dir='ltr'>post</span> <span class='ocrx_word' id='word_1_351' title='bbox 2076 322 2219 364; x_wconf 65' lang='lat' dir='ltr'>idem</span> 
     </span>
     <span class='ocr_line' id='line_1_59' title="bbox 1258 372 2219 431; baseline -0.005 -14"><span class='ocrx_word' id='word_1_352' title='bbox 1258 378 1486 418; x_wconf 88' lang='lat' dir='ltr'>Concilium</span> <span class='ocrx_word' id='word_1_353' title='bbox 1501 377 1678 431; x_wconf 79' lang='lat' dir='ltr'>imposita</span> <span class='ocrx_word' id='word_1_354' title='bbox 1694 402 1708 426; x_wconf 87' lang='lat'>,</span> <span class='ocrx_word' id='word_1_355' title='bbox 1729 382 1799 415; x_wconf 88' lang='lat' dir='ltr'>aut</span> <span class='ocrx_word' id='word_1_356' title='bbox 1814 374 1851 414; x_wconf 88' lang='lat' dir='ltr'>in</span> <span class='ocrx_word' id='word_1_357' title='bbox 1866 374 2003 415; x_wconf 90' lang='lat' dir='ltr'>limine</span> <span class='ocrx_word' id='word_1_358' title='bbox 2017 372 2219 421; x_wconf 88' lang='lat' dir='ltr'>fundatio.</span> 
     </span>
     <span class='ocr_line' id='line_1_60' title="bbox 1262 445 1349 474; baseline 0 0"><span class='ocrx_word' id='word_1_359' title='bbox 1262 446 1320 474; x_wconf 83' lang='lat' dir='ltr'>nis</span> <span class='ocrx_word' id='word_1_360' title='bbox 1335 445 1349 474; x_wconf 76' lang='grc' dir='ltr'><strong><em>ε</em></strong></span> 
     </span>
    </p>

    <p class='ocr_par' dir='ltr' id='par_1_15' title="bbox 1259 486 2225 823">
     <span class='ocr_line' id='line_1_61' title="bbox 1373 486 2221 544; baseline 0.001 -14"><span class='ocrx_word' id='word_1_361' title='bbox 1373 488 1590 543; x_wconf 84' lang='lat' dir='ltr'>Quaeritur,</span> <span class='ocrx_word' id='word_1_362' title='bbox 1603 489 1698 544; x_wconf 90' lang='lat' dir='ltr'>quid</span> <span class='ocrx_word' id='word_1_363' title='bbox 1714 487 1740 528; x_wconf 86' lang='lat' dir='ltr'>fi</span> <span class='ocrx_word' id='word_1_364' title='bbox 1755 487 1931 543; x_wconf 80' lang='lat' dir='ltr'>legatum</span> <span class='ocrx_word' id='word_1_365' title='bbox 1947 486 1989 528; x_wconf 89' lang='lat' dir='ltr'>fit</span> <span class='ocrx_word' id='word_1_366' title='bbox 2005 487 2058 529; x_wconf 80' lang='lat' dir='ltr'>ita</span> <span class='ocrx_word' id='word_1_367' title='bbox 2074 496 2193 531; x_wconf 90' lang='lat' dir='ltr'>tenue</span> <span class='ocrx_word' id='word_1_368' title='bbox 2207 518 2221 541; x_wconf 84' lang='lat'>‚</span> 
     </span>
     <span class='ocr_line' id='line_1_62' title="bbox 1259 545 2223 602; baseline -0.004 -11"><span class='ocrx_word' id='word_1_369' title='bbox 1259 555 1306 591; x_wconf 92' lang='lat' dir='ltr'>ut</span> <span class='ocrx_word' id='word_1_370' title='bbox 1324 560 1403 587; x_wconf 92' lang='lat' dir='ltr'>non</span> <span class='ocrx_word' id='word_1_371' title='bbox 1420 546 1464 586; x_wconf 81' lang='lat' dir='ltr'>fit</span> <span class='ocrx_word' id='word_1_372' title='bbox 1479 571 1494 594; x_wconf 69' lang='lat' dir='ltr'>a</span> <span class='ocrx_word' id='word_1_373' title='bbox 1525 548 1590 601; x_wconf 90' lang='lat' dir='ltr'>qui</span> <span class='ocrx_word' id='word_1_374' title='bbox 1609 547 1708 589; x_wconf 88' lang='lat' dir='ltr'>velit</span> <span class='ocrx_word' id='word_1_375' title='bbox 1722 560 1825 589; x_wconf 88' lang='lat' dir='ltr'>onus</span> <span class='ocrx_word' id='word_1_376' title='bbox 1854 545 1912 587; x_wconf 90' lang='lat' dir='ltr'>illi</span> <span class='ocrx_word' id='word_1_377' title='bbox 1925 545 2145 602; x_wconf 67' lang='lat' dir='ltr'>injunetum</span> <span class='ocrx_word' id='word_1_378' title='bbox 2162 546 2223 587; x_wconf 89' lang='lat' dir='ltr'>su-</span> 
     </span>
     <span class='ocr_line' id='line_1_63' title="bbox 1262 602 2225 659; baseline -0.002 -13"><span class='ocrx_word' id='word_1_379' title='bbox 1262 605 1348 646; x_wconf 87' lang='lat' dir='ltr'>bire</span> <span class='ocrx_word' id='word_1_380' title='bbox 1361 628 1375 651; x_wconf 61' lang='lat'>2</span> <span class='ocrx_word' id='word_1_381' title='bbox 1389 604 1429 643; x_wconf 90' lang='lat'>&amp;</span> <span class='ocrx_word' id='word_1_382' title='bbox 1443 631 1458 654; x_wconf 85' lang='lat'>‚</span> <span class='ocrx_word' id='word_1_383' title='bbox 1473 603 1497 644; x_wconf 84' lang='lat' dir='ltr'>fi</span> <span class='ocrx_word' id='word_1_384' title='bbox 1513 605 1802 648; x_wconf 87' lang='lat' dir='ltr'>recurrendum</span> <span class='ocrx_word' id='word_1_385' title='bbox 1826 604 1868 646; x_wconf 86' lang='lat' dir='ltr'>fit</span> <span class='ocrx_word' id='word_1_386' title='bbox 1885 603 1934 646; x_wconf 85' lang='lat' dir='ltr'>ad</span> <span class='ocrx_word' id='word_1_387' title='bbox 1950 602 2096 648; x_wconf 88' lang='lat' dir='ltr'>Sedem</span> <span class='ocrx_word' id='word_1_388' title='bbox 2109 605 2225 659; x_wconf 78' lang='lat' dir='ltr'>Apo-</span> 
     </span>
     <span class='ocr_line' id='line_1_64' title="bbox 1261 662 2221 717; baseline -0.002 -13"><span class='ocrx_word' id='word_1_389' title='bbox 1261 663 1439 704; x_wconf 82' lang='lat' dir='ltr'>stolicam</span> <span class='ocrx_word' id='word_1_390' title='bbox 1465 676 1539 717; x_wconf 93' lang='lat' dir='ltr'>pro</span> <span class='ocrx_word' id='word_1_391' title='bbox 1562 664 1843 706; x_wconf 87' lang='lat' dir='ltr'>moderatione</span> <span class='ocrx_word' id='word_1_392' title='bbox 1867 662 2028 713; x_wconf 66' lang='lat' dir='ltr'>onem,</span> <span class='ocrx_word' id='word_1_393' title='bbox 2057 671 2189 704; x_wconf 89' lang='lat' dir='ltr'>totum</span> <span class='ocrx_word' id='word_1_394' title='bbox 2207 691 2221 713; x_wconf 88' lang='lat'>‚</span> 
     </span>
     <span class='ocr_line' id='line_1_65' title="bbox 1261 720 2220 777; baseline 0.001 -16"><span class='ocrx_word' id='word_1_395' title='bbox 1261 731 1327 762; x_wconf 90' lang='lat' dir='ltr'>aut</span> <span class='ocrx_word' id='word_1_396' title='bbox 1344 720 1428 762; x_wconf 70' lang='lat' dir='ltr'>fere</span> <span class='ocrx_word' id='word_1_397' title='bbox 1445 730 1577 764; x_wconf 89' lang='lat' dir='ltr'>totum</span> <span class='ocrx_word' id='word_1_398' title='bbox 1597 721 1872 766; x_wconf 89' lang='lat' dir='ltr'>insumendum</span> <span class='ocrx_word' id='word_1_399' title='bbox 1898 720 1942 762; x_wconf 86' lang='lat' dir='ltr'>fit</span> <span class='ocrx_word' id='word_1_400' title='bbox 1957 734 2032 777; x_wconf 89' lang='lat' dir='ltr'>pro</span> <span class='ocrx_word' id='word_1_401' title='bbox 2045 720 2220 776; x_wconf 79' lang='lat' dir='ltr'>expenfis</span> 
     </span>
     <span class='ocr_line' id='line_1_66' title="bbox 1261 778 1634 823; baseline 0.008 -3"><span class='ocrx_word' id='word_1_402' title='bbox 1261 778 1311 821; x_wconf 83' lang='lat' dir='ltr'>ad</span> <span class='ocrx_word' id='word_1_403' title='bbox 1326 778 1368 820; x_wconf 91' lang='lat' dir='ltr'>id</span> <span class='ocrx_word' id='word_1_404' title='bbox 1383 778 1634 823; x_wconf 71' lang='lat' dir='ltr'>necessariis?</span> 
     </span>
    </p>

    <p class='ocr_par' dir='ltr' id='par_1_16' title="bbox 1262 837 2223 998">
     <span class='ocr_line' id='line_1_67' title="bbox 1375 837 2223 895; baseline 0 -16"><span class='ocrx_word' id='word_1_405' title='bbox 1375 839 1430 880; x_wconf 82' lang='lat' dir='ltr'>Et</span> <span class='ocrx_word' id='word_1_406' title='bbox 1456 838 1551 894; x_wconf 87' lang='lat' dir='ltr'>quid</span> <span class='ocrx_word' id='word_1_407' title='bbox 1567 868 1582 890; x_wconf 88' lang='lat'>‚</span> <span class='ocrx_word' id='word_1_408' title='bbox 1615 838 1639 880; x_wconf 86' lang='lat' dir='ltr'>fi</span> <span class='ocrx_word' id='word_1_409' title='bbox 1668 839 1926 895; x_wconf 86' lang='lat' dir='ltr'>permittatur</span> <span class='ocrx_word' id='word_1_410' title='bbox 1955 839 2154 895; x_wconf 86' lang='lat' dir='ltr'>Episcopo</span> <span class='ocrx_word' id='word_1_411' title='bbox 2182 837 2223 880; x_wconf 89' lang='lat' dir='ltr'>in</span> 
     </span>
     <span class='ocr_line' id='line_1_68' title="bbox 1262 894 2222 998; baseline 0 -60"><span class='ocrx_word' id='word_1_412' title='bbox 1262 894 1496 998; x_wconf 59' lang='lat' dir='ltr'>gundatione</span> <span class='ocrx_word' id='word_1_413' title='bbox 1512 925 1527 949; x_wconf 84' lang='lat'>,</span> <span class='ocrx_word' id='word_1_414' title='bbox 1551 908 1596 940; x_wconf 94' lang='lat' dir='ltr'>ut</span> <span class='ocrx_word' id='word_1_415' title='bbox 1623 898 1739 953; x_wconf 85' lang='lat' dir='ltr'>poffit</span> <span class='ocrx_word' id='word_1_416' title='bbox 1755 896 1978 951; x_wconf 87' lang='lat' dir='ltr'>hujusmodi</span> <span class='ocrx_word' id='word_1_417' title='bbox 1993 911 2117 940; x_wconf 90' lang='lat' dir='ltr'>onera</span> <span class='ocrx_word' id='word_1_418' title='bbox 2129 910 2222 938; x_wconf 86' lang='lat' dir='ltr'>mo-</span> 
     </span>
    </p>

    <p class='ocr_par' dir='ltr' id='par_1_17' title="bbox 1294 955 1429 998">
     <span class='ocr_line' id='line_1_69' title="bbox 1294 955 1429 998; baseline -0.015 0"><span class='ocrx_word' id='word_1_419' title='bbox 1294 955 1398 998; x_wconf 80' lang='lat' dir='ltr'>erari</span> <span class='ocrx_word' id='word_1_420' title='bbox 1414 956 1429 996; x_wconf 74' lang='grc' dir='ltr'><strong><em>ἓ</em></strong></span> 
     </span>
    </p>

    <p class='ocr_par' dir='ltr' id='par_1_18' title="bbox 1261 1012 2224 1247">
     <span class='ocr_line' id='line_1_70' title="bbox 1379 1012 2224 1073; baseline -0.002 -17"><span class='ocrx_word' id='word_1_421' title='bbox 1379 1014 1588 1063; x_wconf 79' lang='lat' dir='ltr'>Secundo,</span> <span class='ocrx_word' id='word_1_422' title='bbox 1606 1012 1718 1071; x_wconf 84' lang='lat' dir='ltr'>super</span> <span class='ocrx_word' id='word_1_423' title='bbox 1730 1015 1905 1058; x_wconf 83' lang='lat' dir='ltr'>fecundo</span> <span class='ocrx_word' id='word_1_424' title='bbox 1918 1014 2093 1073; x_wconf 88' lang='lat' dir='ltr'>ejusdem</span> <span class='ocrx_word' id='word_1_425' title='bbox 2109 1016 2224 1056; x_wconf 90' lang='lat' dir='ltr'>Con-</span> 
     </span>
     <span class='ocr_line' id='line_1_71' title="bbox 1261 1070 2224 1131; baseline -0.003 -16"><span class='ocrx_word' id='word_1_426' title='bbox 1261 1072 1507 1128; x_wconf 88' lang='lat' dir='ltr'>gregationis</span> <span class='ocrx_word' id='word_1_427' title='bbox 1520 1074 1689 1117; x_wconf 88' lang='lat' dir='ltr'>decreto</span> <span class='ocrx_word' id='word_1_428' title='bbox 1701 1102 1717 1125; x_wconf 88' lang='lat'>,</span> <span class='ocrx_word' id='word_1_429' title='bbox 1727 1088 1808 1131; x_wconf 90' lang='lat' dir='ltr'>quo</span> <span class='ocrx_word' id='word_1_430' title='bbox 1820 1085 1987 1117; x_wconf 83' lang='lat' dir='ltr'>cavetur</span> <span class='ocrx_word' id='word_1_431' title='bbox 2000 1100 2015 1122; x_wconf 81' lang='lat'>‚</span> <span class='ocrx_word' id='word_1_432' title='bbox 2037 1082 2082 1115; x_wconf 91' lang='lat' dir='ltr'>ut</span> <span class='ocrx_word' id='word_1_433' title='bbox 2111 1070 2224 1114; x_wconf 90' lang='lat' dir='ltr'>cele·</span> 
     </span>
     <span class='ocr_line' id='line_1_72' title="bbox 1262 1130 2223 1190; baseline -0.001 -16"><span class='ocrx_word' id='word_1_434' title='bbox 1262 1134 1430 1175; x_wconf 88' lang='lat' dir='ltr'>brentur</span> <span class='ocrx_word' id='word_1_435' title='bbox 1443 1142 1507 1174; x_wconf 90' lang='lat' dir='ltr'>tot</span> <span class='ocrx_word' id='word_1_436' title='bbox 1522 1130 1642 1176; x_wconf 82' lang='lat' dir='ltr'>Miffae</span> <span class='ocrx_word' id='word_1_437' title='bbox 1655 1162 1669 1185; x_wconf 87' lang='lat'>,</span> <span class='ocrx_word' id='word_1_438' title='bbox 1692 1144 1793 1190; x_wconf 92' lang='lat' dir='ltr'>quot</span> <span class='ocrx_word' id='word_1_439' title='bbox 1809 1134 1859 1174; x_wconf 91' lang='lat' dir='ltr'>ad</span> <span class='ocrx_word' id='word_1_440' title='bbox 1877 1134 2073 1176; x_wconf 90' lang='lat' dir='ltr'>rationem</span> <span class='ocrx_word' id='word_1_441' title='bbox 2087 1130 2223 1173; x_wconf 87' lang='lat' dir='ltr'>tribu-</span> 
     </span>
     <span class='ocr_line' id='line_1_73' title="bbox 1266 1188 2025 1247; baseline -0.003 -13"><span class='ocrx_word' id='word_1_442' title='bbox 1266 1202 1313 1234; x_wconf 83' lang='lat' dir='ltr'>tae</span> <span class='ocrx_word' id='word_1_443' title='bbox 1330 1191 1589 1247; x_wconf 83' lang='lat' dir='ltr'>eleemosynae</span> <span class='ocrx_word' id='word_1_444' title='bbox 1602 1190 1835 1247; x_wconf 79' lang='lat' dir='ltr'>praescriptae</span> <span class='ocrx_word' id='word_1_445' title='bbox 1850 1188 2025 1235; x_wconf 88' lang='lat' dir='ltr'>fuerint:</span> 
     </span>
    </p>

    <p class='ocr_par' dir='ltr' id='par_1_19' title="bbox 1263 1248 2228 1415">
     <span class='ocr_line' id='line_1_74' title="bbox 1378 1248 2228 1307; baseline -0.004 -15"><span class='ocrx_word' id='word_1_446' title='bbox 1378 1252 1613 1305; x_wconf 82' lang='lat' dir='ltr'>Qiaeritur:</span> <span class='ocrx_word' id='word_1_447' title='bbox 1638 1264 1686 1291; x_wconf 90' lang='lat' dir='ltr'>an</span> <span class='ocrx_word' id='word_1_448' title='bbox 1702 1252 1825 1293; x_wconf 87' lang='lat' dir='ltr'>verba</span> <span class='ocrx_word' id='word_1_449' title='bbox 1851 1250 1919 1293; x_wconf 89' lang='lat' dir='ltr'>illa</span> <span class='ocrx_word' id='word_1_450' title='bbox 1953 1253 1974 1307; x_wconf 89' lang='lat'><strong><em>(</em></strong></span> <span class='ocrx_word' id='word_1_451' title='bbox 1992 1248 2228 1307; x_wconf 81' lang='lat' dir='ltr'>praescriptae</span> 
     </span>
     <span class='ocr_line' id='line_1_75' title="bbox 1264 1304 2225 1363; baseline 0.003 -18"><span class='ocrx_word' id='word_1_452' title='bbox 1264 1304 1415 1347; x_wconf 86' lang='lat' dir='ltr'>suerint</span> <span class='ocrx_word' id='word_1_453' title='bbox 1432 1308 1453 1362; x_wconf 94' lang='lat'><em>)</em></span> <span class='ocrx_word' id='word_1_454' title='bbox 1483 1308 1745 1363; x_wconf 89' lang='lat' dir='ltr'>intelligenda</span> <span class='ocrx_word' id='word_1_455' title='bbox 1773 1309 1847 1351; x_wconf 85' lang='lat' dir='ltr'>fint</span> <span class='ocrx_word' id='word_1_456' title='bbox 1860 1308 1912 1350; x_wconf 91' lang='lat' dir='ltr'>de</span> <span class='ocrx_word' id='word_1_457' title='bbox 1927 1307 2225 1362; x_wconf 81' lang='lat' dir='ltr'>praescriptione</span> 
     </span>
     <span class='ocr_line' id='line_1_76' title="bbox 1263 1360 2068 1415; baseline 0.005 -13"><span class='ocrx_word' id='word_1_458' title='bbox 1263 1360 1362 1403; x_wconf 69' lang='lat' dir='ltr'>faeta</span> <span class='ocrx_word' id='word_1_459' title='bbox 1379 1363 1427 1404; x_wconf 89' lang='lat' dir='ltr'>ab</span> <span class='ocrx_word' id='word_1_460' title='bbox 1440 1363 1631 1406; x_wconf 81' lang='lat' dir='ltr'>offerente</span> <span class='ocrx_word' id='word_1_461' title='bbox 1640 1394 1655 1415; x_wconf 90' lang='lat'>,</span> <span class='ocrx_word' id='word_1_462' title='bbox 1672 1366 1735 1406; x_wconf 84' lang='lat' dir='ltr'>vel</span> <span class='ocrx_word' id='word_1_463' title='bbox 1752 1365 1801 1404; x_wconf 88' lang='lat' dir='ltr'>ab</span> <span class='ocrx_word' id='word_1_464' title='bbox 1815 1366 2036 1406; x_wconf 84' lang='lat' dir='ltr'>Ordinatio</span> <span class='ocrx_word' id='word_1_465' title='bbox 2054 1367 2068 1406; x_wconf 72' lang='grc' dir='ltr'>ἰ</span> 
     </span>
    </p>

    <p class='ocr_par' dir='ltr' id='par_1_20' title="bbox 1264 1422 2229 1769">
     <span class='ocr_line' id='line_1_77' title="bbox 1378 1422 2226 1477; baseline -0.001 -13"><span class='ocrx_word' id='word_1_466' title='bbox 1378 1422 1522 1464; x_wconf 79' lang='lat' dir='ltr'>Tertio</span> <span class='ocrx_word' id='word_1_467' title='bbox 1535 1451 1551 1473; x_wconf 92' lang='lat'>,</span> <span class='ocrx_word' id='word_1_468' title='bbox 1583 1435 1631 1463; x_wconf 90' lang='lat' dir='ltr'>an</span> <span class='ocrx_word' id='word_1_469' title='bbox 1645 1448 1660 1470; x_wconf 85' lang='lat'>,</span> <span class='ocrx_word' id='word_1_470' title='bbox 1688 1436 1780 1464; x_wconf 87' lang='lat' dir='ltr'>cum</span> <span class='ocrx_word' id='word_1_471' title='bbox 1794 1422 2029 1467; x_wconf 82' lang='lat' dir='ltr'>ordinarius</span> <span class='ocrx_word' id='word_1_472' title='bbox 2046 1422 2226 1477; x_wconf 86' lang='lat' dir='ltr'>praescri-</span> 
     </span>
     <span class='ocr_line' id='line_1_78' title="bbox 1264 1476 2229 1539; baseline 0.002 -19"><span class='ocrx_word' id='word_1_473' title='bbox 1264 1476 1387 1534; x_wconf 89' lang='lat' dir='ltr'>pserit</span> <span class='ocrx_word' id='word_1_474' title='bbox 1407 1479 1703 1534; x_wconf 86' lang='lat' dir='ltr'>eleemosynam</span> <span class='ocrx_word' id='word_1_475' title='bbox 1717 1493 1937 1535; x_wconf 83' lang='lat' dir='ltr'>congruam</span> <span class='ocrx_word' id='word_1_476' title='bbox 1967 1480 2081 1539; x_wconf 85' lang='lat' dir='ltr'>juxta</span> <span class='ocrx_word' id='word_1_477' title='bbox 2095 1481 2229 1537; x_wconf 89' lang='lat' dir='ltr'>quali-</span> 
     </span>
     <span class='ocr_line' id='line_1_79' title="bbox 1267 1537 2229 1596; baseline 0.002 -18"><span class='ocrx_word' id='word_1_478' title='bbox 1267 1547 1393 1579; x_wconf 89' lang='lat' dir='ltr'>tatem</span> <span class='ocrx_word' id='word_1_479' title='bbox 1410 1537 1517 1589; x_wconf 90' lang='lat' dir='ltr'>loci,</span> <span class='ocrx_word' id='word_1_480' title='bbox 1533 1538 1788 1593; x_wconf 86' lang='lat' dir='ltr'>personarum</span> <span class='ocrx_word' id='word_1_481' title='bbox 1816 1554 1861 1581; x_wconf 89' lang='lat' dir='ltr'>ac</span> <span class='ocrx_word' id='word_1_482' title='bbox 1878 1549 2111 1596; x_wconf 89' lang='lat' dir='ltr'>temporum</span> <span class='ocrx_word' id='word_1_483' title='bbox 2130 1570 2144 1591; x_wconf 84' lang='lat'><strong>,</strong></span> <span class='ocrx_word' id='word_1_484' title='bbox 2157 1540 2229 1581; x_wconf 85' lang='lat' dir='ltr'>Sa-</span> 
     </span>
     <span class='ocr_line' id='line_1_80' title="bbox 1264 1594 2227 1652; baseline 0.001 -14"><span class='ocrx_word' id='word_1_485' title='bbox 1264 1595 1454 1639; x_wconf 90' lang='lat' dir='ltr'>cerdotes</span> <span class='ocrx_word' id='word_1_486' title='bbox 1468 1597 1710 1651; x_wconf 85' lang='lat' dir='ltr'>accipientes</span> <span class='ocrx_word' id='word_1_487' title='bbox 1726 1594 1959 1652; x_wconf 80' lang='lat' dir='ltr'>stipendium</span> <span class='ocrx_word' id='word_1_488' title='bbox 1988 1601 2112 1641; x_wconf 81' lang='lat' dir='ltr'>minus</span> <span class='ocrx_word' id='word_1_489' title='bbox 2126 1612 2227 1640; x_wconf 88' lang='lat' dir='ltr'>con-</span> 
     </span>
     <span class='ocr_line' id='line_1_81' title="bbox 1264 1655 2225 1710; baseline 0.005 -15"><span class='ocrx_word' id='word_1_490' title='bbox 1264 1668 1406 1710; x_wconf 87' lang='lat' dir='ltr'>gruum</span> <span class='ocrx_word' id='word_1_491' title='bbox 1418 1683 1432 1706; x_wconf 84' lang='lat'>,</span> <span class='ocrx_word' id='word_1_492' title='bbox 1450 1666 1659 1699; x_wconf 88' lang='lat' dir='ltr'>teneantur</span> <span class='ocrx_word' id='word_1_493' title='bbox 1673 1655 1802 1698; x_wconf 72' lang='lat' dir='ltr'>Mitras</span> <span class='ocrx_word' id='word_1_494' title='bbox 1816 1656 1897 1699; x_wconf 90' lang='lat' dir='ltr'>illis</span> <span class='ocrx_word' id='word_1_495' title='bbox 1920 1656 1972 1698; x_wconf 88' lang='lat' dir='ltr'>ab</span> <span class='ocrx_word' id='word_1_496' title='bbox 1990 1656 2225 1701; x_wconf 60' lang='lat' dir='ltr'>offerente)</span> 
     </span>
     <span class='ocr_line' id='line_1_82' title="bbox 1266 1712 1757 1769; baseline 0.002 -15"><span class='ocrx_word' id='word_1_497' title='bbox 1266 1712 1509 1769; x_wconf 77' lang='lat' dir='ltr'>praescriptas</span> <span class='ocrx_word' id='word_1_498' title='bbox 1525 1714 1757 1757; x_wconf 87' lang='lat' dir='ltr'>celebrare?</span> 
     </span>
    </p>

    <p class='ocr_par' dir='ltr' id='par_1_21' title="bbox 1269 1772 2231 2119">
     <span class='ocr_line' id='line_1_83' title="bbox 1382 1772 2229 1831; baseline 0 -17"><span class='ocrx_word' id='word_1_499' title='bbox 1382 1772 1572 1827; x_wconf 76' lang='lat' dir='ltr'>Quarto,</span> <span class='ocrx_word' id='word_1_500' title='bbox 1593 1786 1642 1814; x_wconf 79' lang='lat' dir='ltr'>an</span> <span class='ocrx_word' id='word_1_501' title='bbox 1656 1773 1920 1826; x_wconf 79' lang='lat' dir='ltr'>Sacerdotes,</span> <span class='ocrx_word' id='word_1_502' title='bbox 1946 1775 2015 1831; x_wconf 89' lang='lat' dir='ltr'>qui</span> <span class='ocrx_word' id='word_1_503' title='bbox 2042 1783 2229 1818; x_wconf 89' lang='lat' dir='ltr'>tenentur</span> 
     </span>
     <span class='ocr_line' id='line_1_84' title="bbox 1270 1828 2231 1881; baseline -0.002 -7"><span class='ocrx_word' id='word_1_504' title='bbox 1270 1828 1401 1874; x_wconf 80' lang='lat' dir='ltr'>Missas</span> <span class='ocrx_word' id='word_1_505' title='bbox 1415 1830 1624 1874; x_wconf 88' lang='lat' dir='ltr'>celebrare</span> <span class='ocrx_word' id='word_1_506' title='bbox 1651 1833 1809 1873; x_wconf 88' lang='lat' dir='ltr'>ratione</span> <span class='ocrx_word' id='word_1_507' title='bbox 1834 1833 2039 1881; x_wconf 86' lang='lat' dir='ltr'>beneficii,</span> <span class='ocrx_word' id='word_1_508' title='bbox 2070 1832 2132 1876; x_wconf 89' lang='lat' dir='ltr'>seu</span> <span class='ocrx_word' id='word_1_509' title='bbox 2163 1844 2231 1874; x_wconf 90' lang='lat' dir='ltr'>ca-</span> 
     </span>
     <span class='ocr_line' id='line_1_85' title="bbox 1270 1887 2230 1947; baseline -0.002 -16"><span class='ocrx_word' id='word_1_510' title='bbox 1270 1889 1384 1947; x_wconf 86' lang='lat' dir='ltr'>pellae</span> <span class='ocrx_word' id='word_1_511' title='bbox 1401 1918 1416 1941; x_wconf 85' lang='lat'>‚</span> <span class='ocrx_word' id='word_1_512' title='bbox 1430 1889 1548 1944; x_wconf 81' lang='lat' dir='ltr'>legati</span> <span class='ocrx_word' id='word_1_513' title='bbox 1564 1917 1577 1940; x_wconf 92' lang='lat'>,</span> <span class='ocrx_word' id='word_1_514' title='bbox 1595 1899 1662 1931; x_wconf 91' lang='lat' dir='ltr'>aut</span> <span class='ocrx_word' id='word_1_515' title='bbox 1679 1887 1805 1931; x_wconf 86' lang='lat' dir='ltr'>salarii</span> <span class='ocrx_word' id='word_1_516' title='bbox 1822 1918 1835 1941; x_wconf 66' lang='lat'>2</span> <span class='ocrx_word' id='word_1_517' title='bbox 1851 1891 1991 1946; x_wconf 81' lang='lat' dir='ltr'>possint</span> <span class='ocrx_word' id='word_1_518' title='bbox 2006 1892 2128 1932; x_wconf 90' lang='lat' dir='ltr'>ctiam</span> <span class='ocrx_word' id='word_1_519' title='bbox 2145 1903 2230 1930; x_wconf 89' lang='lat' dir='ltr'>ma-</span> 
     </span>
     <span class='ocr_line' id='line_1_86' title="bbox 1269 1947 2231 2003; baseline -0.001 -13"><span class='ocrx_word' id='word_1_520' title='bbox 1269 1947 1431 1990; x_wconf 88' lang='lat' dir='ltr'>nualem</span> <span class='ocrx_word' id='word_1_521' title='bbox 1443 1948 1737 2003; x_wconf 82' lang='lat' dir='ltr'>eleemosynam</span> <span class='ocrx_word' id='word_1_522' title='bbox 1752 1976 1766 1998; x_wconf 87' lang='lat'>‚</span> <span class='ocrx_word' id='word_1_523' title='bbox 1795 1962 1868 2003; x_wconf 91' lang='lat' dir='ltr'>pro</span> <span class='ocrx_word' id='word_1_524' title='bbox 1898 1950 2021 1992; x_wconf 78' lang='lat' dir='ltr'>Missis</span> <span class='ocrx_word' id='word_1_525' title='bbox 2050 1948 2199 1990; x_wconf 81' lang='lat' dir='ltr'>votivis</span> <span class='ocrx_word' id='word_1_526' title='bbox 2216 1976 2231 1998; x_wconf 87' lang='lat'><strong>,</strong></span> 
     </span>
     <span class='ocr_line' id='line_1_87' title="bbox 1269 2004 2231 2060; baseline 0.001 -14"><span class='ocrx_word' id='word_1_527' title='bbox 1269 2014 1336 2047; x_wconf 88' lang='lat' dir='ltr'>aut</span> <span class='ocrx_word' id='word_1_528' title='bbox 1359 2004 1638 2046; x_wconf 70' lang='lat' dir='ltr'>defunctorum</span> <span class='ocrx_word' id='word_1_529' title='bbox 1669 2006 1847 2060; x_wconf 88' lang='lat' dir='ltr'>recipcre</span> <span class='ocrx_word' id='word_1_530' title='bbox 1860 2032 1875 2054; x_wconf 86' lang='lat'>‚</span> <span class='ocrx_word' id='word_1_531' title='bbox 1903 2008 1943 2047; x_wconf 73' lang='grc' dir='ltr'>δι</span> <span class='ocrx_word' id='word_1_532' title='bbox 1973 2006 2095 2049; x_wconf 88' lang='lat' dir='ltr'>unico</span> <span class='ocrx_word' id='word_1_533' title='bbox 2111 2004 2231 2048; x_wconf 69' lang='lat' dir='ltr'>Miffae</span> 
     </span>
     <span class='ocr_line' id='line_1_88' title="bbox 1269 2060 2040 2119; baseline 0 -15"><span class='ocrx_word' id='word_1_534' title='bbox 1269 2061 1464 2106; x_wconf 83' lang='lat' dir='ltr'>sacrificio</span> <span class='ocrx_word' id='word_1_535' title='bbox 1484 2062 1642 2119; x_wconf 90' lang='lat' dir='ltr'>utrique</span> <span class='ocrx_word' id='word_1_536' title='bbox 1655 2063 1767 2104; x_wconf 86' lang='lat' dir='ltr'>oneri</span> <span class='ocrx_word' id='word_1_537' title='bbox 1783 2060 2040 2106; x_wconf 77' lang='lat' dir='ltr'>satisfacere?</span> 
     </span>
    </p>

    <p class='ocr_par' dir='ltr' id='par_1_22' title="bbox 1266 2120 2234 2516">
     <span class='ocr_line' id='line_1_89' title="bbox 1383 2120 2228 2177; baseline 0.002 -15"><span class='ocrx_word' id='word_1_538' title='bbox 1383 2122 1545 2177; x_wconf 78' lang='lat' dir='ltr'>Quinto</span> <span class='ocrx_word' id='word_1_539' title='bbox 1560 2149 1575 2172; x_wconf 88' lang='lat'><strong>,</strong></span> <span class='ocrx_word' id='word_1_540' title='bbox 1596 2122 1721 2177; x_wconf 81' lang='lat' dir='ltr'>posito</span> <span class='ocrx_word' id='word_1_541' title='bbox 1735 2149 1749 2172; x_wconf 87' lang='lat'>‚</span> <span class='ocrx_word' id='word_1_542' title='bbox 1775 2120 1885 2177; x_wconf 91' lang='lat' dir='ltr'>quod</span> <span class='ocrx_word' id='word_1_543' title='bbox 1902 2122 2092 2165; x_wconf 85' lang='lat' dir='ltr'>Testator</span> <span class='ocrx_word' id='word_1_544' title='bbox 2106 2122 2228 2164; x_wconf 86' lang='lat' dir='ltr'>relin-</span> 
     </span>
     <span class='ocr_line' id='line_1_90' title="bbox 1267 2179 2228 2235; baseline 0.001 -14"><span class='ocrx_word' id='word_1_545' title='bbox 1267 2190 1380 2235; x_wconf 84' lang='lat' dir='ltr'>quat,</span> <span class='ocrx_word' id='word_1_546' title='bbox 1395 2189 1437 2222; x_wconf 91' lang='lat' dir='ltr'>ut</span> <span class='ocrx_word' id='word_1_547' title='bbox 1451 2179 1716 2222; x_wconf 88' lang='lat' dir='ltr'>celebrentur</span> <span class='ocrx_word' id='word_1_548' title='bbox 1730 2193 1806 2234; x_wconf 93' lang='lat' dir='ltr'>pro</span> <span class='ocrx_word' id='word_1_549' title='bbox 1818 2179 1902 2234; x_wconf 85' lang='lat' dir='ltr'>ejus</span> <span class='ocrx_word' id='word_1_550' title='bbox 1917 2181 2047 2222; x_wconf 87' lang='lat' dir='ltr'>anima</span> <span class='ocrx_word' id='word_1_551' title='bbox 2059 2192 2228 2224; x_wconf 88' lang='lat' dir='ltr'>centum</span> 
     </span>
     <span class='ocr_line' id='line_1_91' title="bbox 1266 2236 2231 2295; baseline 0.002 -16"><span class='ocrx_word' id='word_1_552' title='bbox 1266 2236 1383 2280; x_wconf 80' lang='lat' dir='ltr'>Miffae</span> <span class='ocrx_word' id='word_1_553' title='bbox 1398 2266 1413 2289; x_wconf 83' lang='lat'><strong>,</strong></span> <span class='ocrx_word' id='word_1_554' title='bbox 1435 2236 1579 2294; x_wconf 89' lang='lat' dir='ltr'>absque</span> <span class='ocrx_word' id='word_1_555' title='bbox 1600 2237 1679 2281; x_wconf 89' lang='lat' dir='ltr'>ulla</span> <span class='ocrx_word' id='word_1_556' title='bbox 1700 2236 1994 2293; x_wconf 84' lang='lat' dir='ltr'>praescriptione</span> <span class='ocrx_word' id='word_1_557' title='bbox 2009 2238 2231 2295; x_wconf 80' lang='lat' dir='ltr'>eleemosy-</span> 
     </span>
     <span class='ocr_line' id='line_1_92' title="bbox 1269 2295 2230 2354; baseline 0 -14"><span class='ocrx_word' id='word_1_558' title='bbox 1269 2310 1353 2340; x_wconf 81' lang='lat' dir='ltr'>nae:</span> <span class='ocrx_word' id='word_1_559' title='bbox 1373 2298 1578 2354; x_wconf 81' lang='lat' dir='ltr'>Qaeritur</span> <span class='ocrx_word' id='word_1_560' title='bbox 1591 2325 1604 2347; x_wconf 89' lang='lat'>‚</span> <span class='ocrx_word' id='word_1_561' title='bbox 1634 2310 1681 2338; x_wconf 88' lang='lat' dir='ltr'>an</span> <span class='ocrx_word' id='word_1_562' title='bbox 1702 2295 1877 2339; x_wconf 90' lang='lat' dir='ltr'>liberum</span> <span class='ocrx_word' id='word_1_563' title='bbox 1904 2297 1948 2340; x_wconf 86' lang='lat' dir='ltr'>fit</span> <span class='ocrx_word' id='word_1_564' title='bbox 1977 2297 2198 2340; x_wconf 80' lang='lat' dir='ltr'>haeredibus</span> <span class='ocrx_word' id='word_1_565' title='bbox 2213 2327 2230 2349; x_wconf 84' lang='lat'>‚</span> 
     </span>
     <span class='ocr_line' id='line_1_93' title="bbox 1269 2354 2233 2411; baseline 0.002 -13"><span class='ocrx_word' id='word_1_566' title='bbox 1269 2356 1562 2411; x_wconf 86' lang='lat' dir='ltr'>eleemosynam</span> <span class='ocrx_word' id='word_1_567' title='bbox 1591 2355 1656 2397; x_wconf 87' lang='lat' dir='ltr'>fibi</span> <span class='ocrx_word' id='word_1_568' title='bbox 1673 2354 1776 2396; x_wconf 87' lang='lat' dir='ltr'>bene</span> <span class='ocrx_word' id='word_1_569' title='bbox 1804 2354 1923 2399; x_wconf 86' lang='lat' dir='ltr'>visam</span> <span class='ocrx_word' id='word_1_570' title='bbox 1947 2355 2198 2411; x_wconf 82' lang='lat' dir='ltr'>praescribere</span> <span class='ocrx_word' id='word_1_571' title='bbox 2216 2386 2233 2408; x_wconf 84' lang='lat'>‚</span> 
     </span>
     <span class='ocr_line' id='line_1_94' title="bbox 1271 2413 2234 2472; baseline 0.002 -16"><span class='ocrx_word' id='word_1_572' title='bbox 1271 2429 1320 2456; x_wconf 89' lang='lat' dir='ltr'>an</span> <span class='ocrx_word' id='word_1_573' title='bbox 1347 2417 1446 2458; x_wconf 77' lang='lat' dir='ltr'>vero</span> <span class='ocrx_word' id='word_1_574' title='bbox 1460 2413 1604 2457; x_wconf 91' lang='lat' dir='ltr'>eadem</span> <span class='ocrx_word' id='word_1_575' title='bbox 1619 2413 1866 2469; x_wconf 88' lang='lat' dir='ltr'>eleemosyna</span> <span class='ocrx_word' id='word_1_576' title='bbox 1884 2414 2170 2472; x_wconf 73' lang='lat' dir='ltr'>praescribenda</span> <span class='ocrx_word' id='word_1_577' title='bbox 2185 2415 2234 2458; x_wconf 81' lang='lat' dir='ltr'>sit</span> 
     </span>
     <span class='ocr_line' id='line_1_95' title="bbox 1271 2473 1586 2516; baseline 0.003 -1"><span class='ocrx_word' id='word_1_578' title='bbox 1271 2474 1319 2515; x_wconf 91' lang='lat' dir='ltr'>ab</span> <span class='ocrx_word' id='word_1_579' title='bbox 1335 2473 1586 2516; x_wconf 78' lang='lat' dir='ltr'>Ordinatio?</span> 
     </span>
    </p>

    <p class='ocr_par' dir='ltr' id='par_1_23' title="bbox 1270 2530 2235 2940">
     <span class='ocr_line' id='line_1_96' title="bbox 1380 2530 2230 2588; baseline -0.004 -14"><span class='ocrx_word' id='word_1_580' title='bbox 1380 2532 1520 2583; x_wconf 75' lang='lat' dir='ltr'>Sexto,</span> <span class='ocrx_word' id='word_1_581' title='bbox 1532 2530 1645 2587; x_wconf 90' lang='lat' dir='ltr'>super</span> <span class='ocrx_word' id='word_1_582' title='bbox 1661 2532 1788 2574; x_wconf 89' lang='lat' dir='ltr'>tertio</span> <span class='ocrx_word' id='word_1_583' title='bbox 1802 2531 2143 2588; x_wconf 82' lang='lat' dir='ltr'>Congregationis</span> <span class='ocrx_word' id='word_1_584' title='bbox 2156 2535 2230 2572; x_wconf 90' lang='lat' dir='ltr'>de-</span> 
     </span>
     <span class='ocr_line' id='line_1_97' title="bbox 1271 2590 2232 2648; baseline 0 -14"><span class='ocrx_word' id='word_1_585' title='bbox 1271 2600 1415 2641; x_wconf 82' lang='lat' dir='ltr'>creto,</span> <span class='ocrx_word' id='word_1_586' title='bbox 1444 2594 1482 2633; x_wconf 88' lang='lat' dir='ltr'>in</span> <span class='ocrx_word' id='word_1_587' title='bbox 1508 2604 1590 2646; x_wconf 89' lang='lat' dir='ltr'>quo</span> <span class='ocrx_word' id='word_1_588' title='bbox 1616 2590 1757 2634; x_wconf 87' lang='lat' dir='ltr'>eadem</span> <span class='ocrx_word' id='word_1_589' title='bbox 1772 2592 2051 2648; x_wconf 79' lang='lat' dir='ltr'>congregatio</span> <span class='ocrx_word' id='word_1_590' title='bbox 2065 2600 2232 2634; x_wconf 84' lang='lat' dir='ltr'>revocat</span> 
     </span>
     <span class='ocr_line' id='line_1_98' title="bbox 1271 2649 2233 2707; baseline -0.001 -16"><span class='ocrx_word' id='word_1_591' title='bbox 1271 2650 1479 2707; x_wconf 81' lang='lat' dir='ltr'>privilegia</span> <span class='ocrx_word' id='word_1_592' title='bbox 1493 2678 1508 2702; x_wconf 88' lang='lat'>‚</span> <span class='ocrx_word' id='word_1_593' title='bbox 1531 2649 1676 2706; x_wconf 88' lang='lat' dir='ltr'>quibus</span> <span class='ocrx_word' id='word_1_594' title='bbox 1690 2649 1928 2704; x_wconf 84' lang='lat' dir='ltr'>indulgetur</span> <span class='ocrx_word' id='word_1_595' title='bbox 1942 2676 1956 2698; x_wconf 84' lang='lat'><strong>,</strong></span> <span class='ocrx_word' id='word_1_596' title='bbox 1967 2660 2013 2692; x_wconf 87' lang='lat' dir='ltr'>ut</span> <span class='ocrx_word' id='word_1_597' title='bbox 2026 2659 2233 2692; x_wconf 85' lang='lat' dir='ltr'>certarum</span> 
     </span>
     <span class='ocr_line' id='line_1_99' title="bbox 1272 2707 2235 2760; baseline -0.003 -8"><span class='ocrx_word' id='word_1_598' title='bbox 1272 2709 1473 2752; x_wconf 75' lang='lat' dir='ltr'>Miss&#39;arum</span> <span class='ocrx_word' id='word_1_599' title='bbox 1488 2738 1503 2760; x_wconf 90' lang='lat'>‚</span> <span class='ocrx_word' id='word_1_600' title='bbox 1531 2708 1594 2751; x_wconf 87' lang='lat' dir='ltr'>vel</span> <span class='ocrx_word' id='word_1_601' title='bbox 1608 2707 1968 2751; x_wconf 72' lang='lat' dir='ltr'>anniversariorum</span> <span class='ocrx_word' id='word_1_602' title='bbox 1991 2708 2235 2751; x_wconf 89' lang='lat' dir='ltr'>celebratio-</span> 
     </span>
     <span class='ocr_line' id='line_1_100' title="bbox 1270 2765 2233 2823; baseline 0 -12"><span class='ocrx_word' id='word_1_603' title='bbox 1270 2782 1323 2811; x_wconf 88' lang='lat' dir='ltr'>ne</span> <span class='ocrx_word' id='word_1_604' title='bbox 1336 2797 1351 2819; x_wconf 88' lang='lat'><strong>,</strong></span> <span class='ocrx_word' id='word_1_605' title='bbox 1367 2777 1432 2809; x_wconf 90' lang='lat' dir='ltr'>aut</span> <span class='ocrx_word' id='word_1_606' title='bbox 1448 2766 1646 2823; x_wconf 85' lang='lat' dir='ltr'>aliquibus</span> <span class='ocrx_word' id='word_1_607' title='bbox 1657 2765 1839 2810; x_wconf 60' lang='lat' dir='ltr'>collectis</span> <span class='ocrx_word' id='word_1_608' title='bbox 1852 2794 1865 2817; x_wconf 80' lang='lat'>‚</span> <span class='ocrx_word' id='word_1_609' title='bbox 1880 2766 1941 2808; x_wconf 75' lang='lat' dir='ltr'>stu</span> <span class='ocrx_word' id='word_1_610' title='bbox 1955 2768 2203 2811; x_wconf 88' lang='lat' dir='ltr'>orationibus</span> <span class='ocrx_word' id='word_1_611' title='bbox 2217 2796 2233 2819; x_wconf 85' lang='lat'><strong>,</strong></span> 
     </span>
     <span class='ocr_line' id='line_1_101' title="bbox 1273 2823 2234 2880; baseline 0.002 -13"><span class='ocrx_word' id='word_1_612' title='bbox 1273 2826 1447 2880; x_wconf 81' lang='lat' dir='ltr'>plurium</span> <span class='ocrx_word' id='word_1_613' title='bbox 1464 2824 1663 2867; x_wconf 81' lang='lat' dir='ltr'>Miffarum</span> <span class='ocrx_word' id='word_1_614' title='bbox 1677 2826 1868 2868; x_wconf 82' lang='lat' dir='ltr'>oneribus</span> <span class='ocrx_word' id='word_1_615' title='bbox 1895 2826 1936 2867; x_wconf 92' lang='lat' dir='ltr'>in</span> <span class='ocrx_word' id='word_1_616' title='bbox 1961 2823 2142 2868; x_wconf 84' lang='lat' dir='ltr'>futurum</span> <span class='ocrx_word' id='word_1_617' title='bbox 2169 2827 2234 2869; x_wconf 89' lang='lat' dir='ltr'>su-</span> 
     </span>
     <span class='ocr_line' id='line_1_102' title="bbox 1275 2880 1684 2940; baseline -0.007 -15"><span class='ocrx_word' id='word_1_618' title='bbox 1275 2882 1482 2940; x_wconf 83' lang='lat' dir='ltr'>scipiendis</span> <span class='ocrx_word' id='word_1_619' title='bbox 1495 2880 1684 2925; x_wconf 81' lang='lat' dir='ltr'>satisfiat:</span> 
     </span>
    </p>

    <p class='ocr_par' dir='ltr' id='par_1_24' title="bbox 1278 2938 2234 3114">
     <span class='ocr_line' id='line_1_103' title="bbox 1390 2938 2233 2998; baseline -0.007 -16"><span class='ocrx_word' id='word_1_620' title='bbox 1390 2941 1598 2998; x_wconf 83' lang='lat' dir='ltr'>Quaeritur</span> <span class='ocrx_word' id='word_1_621' title='bbox 1611 2966 1625 2988; x_wconf 67' lang='lat'>2</span> <span class='ocrx_word' id='word_1_622' title='bbox 1638 2953 1687 2981; x_wconf 88' lang='lat' dir='ltr'>an</span> <span class='ocrx_word' id='word_1_623' title='bbox 1699 2939 1850 2993; x_wconf 79' lang='lat' dir='ltr'>verba(</span> <span class='ocrx_word' id='word_1_624' title='bbox 1867 2940 1905 2981; x_wconf 91' lang='lat' dir='ltr'>in</span> <span class='ocrx_word' id='word_1_625' title='bbox 1921 2938 2100 2984; x_wconf 87' lang='lat' dir='ltr'>futurum</span> <span class='ocrx_word' id='word_1_626' title='bbox 2114 2939 2233 2982; x_wconf 77' lang='lat' dir='ltr'>susti-</span> 
     </span>
     <span class='ocr_line' id='line_1_104' title="bbox 1278 2997 2234 3056; baseline 0 -15"><span class='ocrx_word' id='word_1_627' title='bbox 1278 2999 1431 3056; x_wconf 88' lang='lat' dir='ltr'>piendis</span> <span class='ocrx_word' id='word_1_628' title='bbox 1445 3001 1465 3056; x_wconf 93' lang='lat'>)</span> <span class='ocrx_word' id='word_1_629' title='bbox 1479 2998 1741 3052; x_wconf 88' lang='lat' dir='ltr'>intelligenda</span> <span class='ocrx_word' id='word_1_630' title='bbox 1756 2997 1831 3040; x_wconf 78' lang='lat' dir='ltr'>lint</span> <span class='ocrx_word' id='word_1_631' title='bbox 1845 2997 1896 3039; x_wconf 89' lang='lat' dir='ltr'>de</span> <span class='ocrx_word' id='word_1_632' title='bbox 1909 3002 2100 3043; x_wconf 86' lang='lat' dir='ltr'>oneribus</span> <span class='ocrx_word' id='word_1_633' title='bbox 2116 2999 2234 3042; x_wconf 86' lang='lat' dir='ltr'>susci·</span> 
     </span>
     <span class='ocr_line' id='line_1_105' title="bbox 1280 3055 1835 3114; baseline -0.002 -15"><span class='ocrx_word' id='word_1_634' title='bbox 1280 3057 1440 3114; x_wconf 90' lang='lat' dir='ltr'>piendis</span> <span class='ocrx_word' id='word_1_635' title='bbox 1457 3058 1540 3111; x_wconf 90' lang='lat' dir='ltr'>post</span> <span class='ocrx_word' id='word_1_636' title='bbox 1555 3055 1835 3111; x_wconf 87' lang='lat' dir='ltr'>privilegium?</span> 
     </span>
    </p>

    <p class='ocr_par' dir='ltr' id='par_1_25' title="bbox 1279 3114 2236 3452">
     <span class='ocr_line' id='line_1_106' title="bbox 1396 3114 2234 3170; baseline -0.001 -11"><span class='ocrx_word' id='word_1_637' title='bbox 1396 3116 1579 3169; x_wconf 72' lang='lat' dir='ltr'>Septimo</span> <span class='ocrx_word' id='word_1_638' title='bbox 1593 3140 1607 3163; x_wconf 84' lang='lat'><strong>‚</strong></span> <span class='ocrx_word' id='word_1_639' title='bbox 1630 3114 1745 3170; x_wconf 77' lang='lat' dir='ltr'>fiiper</span> <span class='ocrx_word' id='word_1_640' title='bbox 1767 3123 1916 3170; x_wconf 83' lang='lat' dir='ltr'>quarto</span> <span class='ocrx_word' id='word_1_641' title='bbox 1927 3114 2102 3169; x_wconf 86' lang='lat' dir='ltr'>ejusdem</span> <span class='ocrx_word' id='word_1_642' title='bbox 2119 3117 2234 3158; x_wconf 91' lang='lat' dir='ltr'>Con-</span> 
     </span>
     <span class='ocr_line' id='line_1_107' title="bbox 1280 3175 2236 3231; baseline 0 -15"><span class='ocrx_word' id='word_1_643' title='bbox 1280 3175 1524 3231; x_wconf 87' lang='lat' dir='ltr'>gregationis</span> <span class='ocrx_word' id='word_1_644' title='bbox 1543 3175 1735 3224; x_wconf 86' lang='lat' dir='ltr'>Decreto,</span> <span class='ocrx_word' id='word_1_645' title='bbox 1745 3188 1828 3230; x_wconf 91' lang='lat' dir='ltr'>quo</span> <span class='ocrx_word' id='word_1_646' title='bbox 1842 3175 2081 3228; x_wconf 89' lang='lat' dir='ltr'>prohibetur</span> <span class='ocrx_word' id='word_1_647' title='bbox 2097 3178 2236 3217; x_wconf 89' lang='lat' dir='ltr'>Sacer-</span> 
     </span>
     <span class='ocr_line' id='line_1_108' title="bbox 1280 3229 2234 3288; baseline -0.001 -13"><span class='ocrx_word' id='word_1_648' title='bbox 1280 3233 1396 3283; x_wconf 88' lang='lat' dir='ltr'>doti,</span> <span class='ocrx_word' id='word_1_649' title='bbox 1409 3232 1474 3286; x_wconf 88' lang='lat' dir='ltr'>qui</span> <span class='ocrx_word' id='word_1_650' title='bbox 1503 3229 1652 3274; x_wconf 71' lang='lat' dir='ltr'>Musam</span> <span class='ocrx_word' id='word_1_651' title='bbox 1667 3231 1834 3288; x_wconf 89' lang='lat' dir='ltr'>suscepit</span> <span class='ocrx_word' id='word_1_652' title='bbox 1849 3233 2130 3274; x_wconf 90' lang='lat' dir='ltr'>celebrandam</span> <span class='ocrx_word' id='word_1_653' title='bbox 2144 3247 2234 3275; x_wconf 90' lang='lat' dir='ltr'>cum</span> 
     </span>
     <span class='ocr_line' id='line_1_109' title="bbox 1280 3289 2236 3346; baseline 0.001 -13"><span class='ocrx_word' id='word_1_654' title='bbox 1280 3299 1390 3334; x_wconf 90' lang='lat' dir='ltr'>certa</span> <span class='ocrx_word' id='word_1_655' title='bbox 1401 3290 1657 3346; x_wconf 88' lang='lat' dir='ltr'>eleemosyna</span> <span class='ocrx_word' id='word_1_656' title='bbox 1666 3318 1680 3342; x_wconf 79' lang='grc'><em>,</em></span> <span class='ocrx_word' id='word_1_657' title='bbox 1711 3304 1758 3332; x_wconf 91' lang='lat' dir='ltr'>ne</span> <span class='ocrx_word' id='word_1_658' title='bbox 1769 3290 1949 3332; x_wconf 87' lang='lat' dir='ltr'>eamdem</span> <span class='ocrx_word' id='word_1_659' title='bbox 1965 3289 2118 3333; x_wconf 86' lang='lat' dir='ltr'>Miffam</span> <span class='ocrx_word' id='word_1_660' title='bbox 2130 3292 2236 3334; x_wconf 80' lang='lat' dir='ltr'>alte-</span> 
     </span>
     <span class='ocr_line' id='line_1_110' title="bbox 1280 3347 2235 3404; baseline 0.002 -14"><span class='ocrx_word' id='word_1_661' title='bbox 1280 3350 1312 3391; x_wconf 91' lang='lat' dir='ltr'>ri</span> <span class='ocrx_word' id='word_1_662' title='bbox 1327 3378 1342 3402; x_wconf 89' lang='lat'>,</span> <span class='ocrx_word' id='word_1_663' title='bbox 1373 3359 1487 3404; x_wconf 89' lang='lat' dir='ltr'>parte</span> <span class='ocrx_word' id='word_1_664' title='bbox 1501 3348 1678 3403; x_wconf 77' lang='lat' dir='ltr'>eiusdem</span> <span class='ocrx_word' id='word_1_665' title='bbox 1691 3347 1947 3403; x_wconf 88' lang='lat' dir='ltr'>eleemosynae</span> <span class='ocrx_word' id='word_1_666' title='bbox 1964 3347 2032 3391; x_wconf 89' lang='lat' dir='ltr'>fibi</span> <span class='ocrx_word' id='word_1_667' title='bbox 2046 3349 2206 3392; x_wconf 67' lang='lat' dir='ltr'>retenta</span> <span class='ocrx_word' id='word_1_668' title='bbox 2218 3378 2235 3402; x_wconf 86' lang='lat'>,</span> 
     </span>
     <span class='ocr_line' id='line_1_111' title="bbox 1279 3408 1823 3452; baseline 0.002 -3"><span class='ocrx_word' id='word_1_669' title='bbox 1279 3408 1558 3452; x_wconf 87' lang='lat' dir='ltr'>celebrandam</span> <span class='ocrx_word' id='word_1_670' title='bbox 1571 3410 1796 3450; x_wconf 84' lang='lat' dir='ltr'>committat</span> <span class='ocrx_word' id='word_1_671' title='bbox 1810 3421 1823 3450; x_wconf 90' lang='lat'><strong>:</strong></span> 
     </span>
    </p>

    <p class='ocr_par' dir='ltr' id='par_1_26' title="bbox 1278 3464 2236 3810">
     <span class='ocr_line' id='line_1_112' title="bbox 1391 3464 2236 3523; baseline 0 -15"><span class='ocrx_word' id='word_1_672' title='bbox 1391 3466 1596 3523; x_wconf 84' lang='lat' dir='ltr'>Qaeritur</span> <span class='ocrx_word' id='word_1_673' title='bbox 1608 3495 1624 3517; x_wconf 93' lang='lat'><strong>,</strong></span> <span class='ocrx_word' id='word_1_674' title='bbox 1639 3480 1687 3507; x_wconf 88' lang='lat' dir='ltr'>an</span> <span class='ocrx_word' id='word_1_675' title='bbox 1701 3465 2014 3520; x_wconf 86' lang='lat' dir='ltr'>permittendum</span> <span class='ocrx_word' id='word_1_676' title='bbox 2030 3464 2074 3507; x_wconf 85' lang='lat' dir='ltr'>fit</span> <span class='ocrx_word' id='word_1_677' title='bbox 2090 3466 2236 3509; x_wconf 82' lang='lat' dir='ltr'>Admi-</span> 
     </span>
     <span class='ocr_line' id='line_1_113' title="bbox 1278 3523 2233 3575; baseline -0.001 -9"><span class='ocrx_word' id='word_1_678' title='bbox 1278 3524 1556 3566; x_wconf 86' lang='lat' dir='ltr'>nistratoribus</span> <span class='ocrx_word' id='word_1_679' title='bbox 1574 3523 1838 3567; x_wconf 84' lang='lat' dir='ltr'>Ecclefiarum</span> <span class='ocrx_word' id='word_1_680' title='bbox 1862 3554 1877 3575; x_wconf 95' lang='lat'>,</span> <span class='ocrx_word' id='word_1_681' title='bbox 1891 3534 1936 3566; x_wconf 92' lang='lat' dir='ltr'>ut</span> <span class='ocrx_word' id='word_1_682' title='bbox 1949 3525 2143 3567; x_wconf 87' lang='lat' dir='ltr'>retineant</span> <span class='ocrx_word' id='word_1_683' title='bbox 2158 3526 2233 3566; x_wconf 90' lang='lat' dir='ltr'>ali-</span> 
     </span>
     <span class='ocr_line' id='line_1_114' title="bbox 1279 3580 2235 3638; baseline 0 -15"><span class='ocrx_word' id='word_1_684' title='bbox 1279 3596 1397 3637; x_wconf 86' lang='lat' dir='ltr'>quam</span> <span class='ocrx_word' id='word_1_685' title='bbox 1421 3580 1765 3636; x_wconf 81' lang='lat' dir='ltr'>eleemosynarum</span> <span class='ocrx_word' id='word_1_686' title='bbox 1798 3583 2026 3636; x_wconf 88' lang='lat' dir='ltr'>portionem</span> <span class='ocrx_word' id='word_1_687' title='bbox 2054 3597 2127 3638; x_wconf 90' lang='lat' dir='ltr'>pro</span> <span class='ocrx_word' id='word_1_688' title='bbox 2162 3597 2235 3623; x_wconf 85' lang='lat' dir='ltr'>ex-</span> 
     </span>
     <span class='ocr_line' id='line_1_115' title="bbox 1280 3640 2232 3695; baseline -0.002 -13"><span class='ocrx_word' id='word_1_689' title='bbox 1280 3640 1406 3695; x_wconf 86' lang='lat' dir='ltr'>penfis</span> <span class='ocrx_word' id='word_1_690' title='bbox 1434 3640 1747 3682; x_wconf 88' lang='lat' dir='ltr'>manutentionis</span> <span class='ocrx_word' id='word_1_691' title='bbox 1765 3640 1948 3683; x_wconf 84' lang='lat' dir='ltr'>Ecclefiae</span> <span class='ocrx_word' id='word_1_692' title='bbox 1962 3670 1976 3693; x_wconf 84' lang='lat'>‚</span> <span class='ocrx_word' id='word_1_693' title='bbox 2005 3642 2207 3684; x_wconf 84' lang='lat' dir='ltr'>Altarium</span> <span class='ocrx_word' id='word_1_694' title='bbox 2218 3666 2232 3686; x_wconf 84' lang='lat'>‚</span> 
     </span>
     <span class='ocr_line' id='line_1_116' title="bbox 1279 3698 2231 3751; baseline -0.004 -10"><span class='ocrx_word' id='word_1_695' title='bbox 1279 3698 1580 3742; x_wconf 87' lang='lat' dir='ltr'>inservientium</span> <span class='ocrx_word' id='word_1_696' title='bbox 1594 3727 1608 3746; x_wconf 85' lang='lat'><strong>‚</strong></span> <span class='ocrx_word' id='word_1_697' title='bbox 1633 3708 1953 3751; x_wconf 77' lang='lat' dir='ltr'>paramentorum</span> <span class='ocrx_word' id='word_1_698' title='bbox 1968 3727 1982 3751; x_wconf 86' lang='lat'>‚</span> <span class='ocrx_word' id='word_1_699' title='bbox 2010 3700 2200 3742; x_wconf 89' lang='lat' dir='ltr'>luminum</span> <span class='ocrx_word' id='word_1_700' title='bbox 2217 3722 2231 3744; x_wconf 84' lang='lat'>‚</span> 
     </span>
     <span class='ocr_line' id='line_1_117' title="bbox 1279 3757 1836 3810; baseline -0.002 -10"><span class='ocrx_word' id='word_1_701' title='bbox 1279 3758 1388 3810; x_wconf 83' lang='lat' dir='ltr'>vini,</span> <span class='ocrx_word' id='word_1_702' title='bbox 1406 3758 1558 3809; x_wconf 81' lang='lat' dir='ltr'>hostiae,</span> <span class='ocrx_word' id='word_1_703' title='bbox 1574 3757 1805 3799; x_wconf 73' lang='lat' dir='ltr'>&amp;similium</span> <span class='ocrx_word' id='word_1_704' title='bbox 1821 3759 1836 3799; x_wconf 77' lang='grc' dir='ltr'><strong><em>ἓ</em></strong></span> 
     </span>
    </p>
   </div>
   <div class='ocr_carea' id='block_1_14' title="bbox 1649 3814 2174 3858">
    <p class='ocr_par' dir='ltr' id='par_1_27' title="bbox 1649 3814 2174 3858">
     <span class='ocr_line' id='line_1_118' title="bbox 1649 3814 2174 3858; baseline -0.013 0"><span class='ocrx_word' id='word_1_705' title='bbox 1649 3818 1688 3858; x_wconf 93' lang='lat' dir='ltr'>D</span> <span class='ocrx_word' id='word_1_706' title='bbox 1699 3815 1724 3857; x_wconf 93' lang='lat' dir='ltr'>d</span> <span class='ocrx_word' id='word_1_707' title='bbox 1741 3814 1768 3858; x_wconf 90' lang='lat' dir='ltr'>d</span> <span class='ocrx_word' id='word_1_708' title='bbox 2061 3814 2174 3853; x_wconf 72' lang='lat' dir='ltr'>octa·</span> 
     </span>
    </p>
   </div>
  </div>
 </body>
</html>
