2444 4192
791 205 988 294 ‘sab
1024 182 1387 291 Nic-*alae
1473 206 1523 287 I
1546 205 1586 288 1
1615 204 1670 285 l.

220 359 394 409 {antibus
416 354 682 414 eleemosynis
705 355 722 403 ,
752 352 807 397 de
832 357 979 412 quibus
1008 357 1192 402 satisfieri

218 416 436 465 commode
454 428 550 460 tunc
567 431 650 460 non
666 411 794 472 poffet
811 415 831 471 )
854 416 959 458 eitra
977 416 1198 473 cujuslibet

215 476 476 532 obligationis
526 473 732 519 vinculum
766 470 910 517 dicere
938 502 953 526 ,
977 477 1090 533 quod
1125 490 1199 532 per

215 531 660 590 eleemosynas&alios
677 533 829 576 amicos
855 535 1044 578 fratrum
1059 536 1110 578 ad
1136 534 1198 576 so-

213 594 420 639 lutionem
455 591 681 649 hujusmodi
715 590 942 636 faciendam
980 594 1195 638 intendant

215 652 395 698 fideliter
423 653 634 697 laborare·

329 714 433 772 Qo
442 711 533 756 casu
548 717 788 769 procuretur
801 711 824 756 a
841 709 1071 764 Fratribus,
1083 711 1195 768 quod

210 769 284 816 ille
298 774 384 829 ‚qui
397 772 515 816 dabit
531 770 829 827 eleemosynam
853 784 924 826 per
938 770 1000 822 se,
1026 772 1090 814 vel
1108 786 1196 827 per*-

211 831 339 875 alium
374 844 455 877 non
493 829 782 874 nominandum
812 832 863 874 ab
892 830 981 887 ipfis
1003 855 1020 879 ,
1056 830 1082 872 fi
1109 829 1197 874 fieri

210 891 365 949 poterit
381 919 397 943 ,
427 887 494 933 sed
508 891 560 933 ab
574 890 776 947 eopotit‘is
799 889 912 947 juata
938 889 1050 933 suum
1076 889 1196 934 bene-

209 949 407 1007 placitum
436 945 713 992 assumendum
736 977 750 1002 ,
777 947 1012 1006 hujusmodi
1036 948 1194 992 satisfa-

209 1008 385 1051 aionem
416 1004 542 1051 faciat
566 1008 608 1051 in
634 1013 802 1059 totum,
830 1008 898 1052 vel
936 1008 977 1051 in
1004 1019 1162 1065 partem
1178 1035 1194 1061 ,

166 1067 186 1105 ’.
206 1077 330 1125 prout
343 1066 542 1110 Dominus
557 1065 627 1111 fibi
639 1066 852 1124 inspirabit
867 1098 879 1110 .
900 1068 945 1112 Si
958 1076 1095 1111 tamen
1111 1070 1192 1111 hoc

210 1123 294 1183 ipse
305 1124 438 1170 nollet
456 1122 590 1171 facere
603 1154 619 1180 ,
650 1127 716 1171 vel
731 1141 811 1172 non
827 1125 955 1184 poss'et
967 1154 983 1178 ,
1008 1127 1074 1171 vel
1095 1128 1191 1185 quia

207 1183 382 1229 recessus
406 1183 494 1241 ejus
517 1185 726 1230 immineat
753 1215 768 1239 ,
795 1196 869 1230 aut
895 1187 1014 1244 quia,
1041 1188 1188 1244 quibus

205 1243 312 1289 velit
334 1243 622 1296 committere,
646 1246 839 1289 notitiam
866 1258 950 1290 non
978 1246 1125 1289 habeat
1142 1245 1189 1288 fi-

202 1301 361 1348 delium
394 1303 683 1359 personarum,
711 1302 776 1348 seu
819 1318 1073 1362 quacumque
1105 1304 1186 1349 alia

201 1359 414 1407 occasione
424 1360 489 1405 rel
499 1359 608 1407 caus
600 1361 623 1405 Ι
635 1391 651 1415 ,
661 1362 916 1408 declaramus
933 1366 973 1408 δι
984 1365 1158 1408 dicimus
1171 1392 1188 1418 ,

202 1419 316 1481 quod
334 1419 377 1464 in
399 1419 517 1466 nullo
555 1422 709 1478 regule
734 1422 892 1480 puritas
923 1421 1188 1481 infringitur,

204 1480 885 1598 2⁰.z‡⁰⁰ff2‡33222‘ssz‘25553-fi:
911 1482 1195 1588 ‘titanae

204 1592 206 1594 ,
323 1567 340 1594 2

204 1612 298 1645 rum
313 1597 382 1645 fibi
393 1610 543 1646 curent
553 1600 654 1646 dare
668 1556 861 1646 notitiain
878 1571 907 1655 ,’
919 1603 984 1647 vel
1008 1557 1165 1660 aliqiios
1178 1630 1194 1654 ‚

205 1657 274 1702 seu
293 1657 470 1715 aliquem
480 1661 694 1705 nominare
706 1691 723 1715 ,
753 1671 823 1705 aut
837 1663 964 1706 etiam
979 1663 1195 1719 presenta-

202 1730 272 1766 re,
301 1717 370 1761 cui
387 1719 458 1763 vel
472 1719 619 1778 quibus
634 1747 650 1772 ,
677 1719 703 1765 fi
719 1720 1024 1778 eleemosynam
1040 1719 1194 1766 facien·

203 1778 236 1821 ti
254 1774 486 1832 placuerit,
517 1780 721 1823 committi
756 1778 872 1833 possit
886 1781 1081 1825 executio
1126 1795 1195 1824 τε·

204 1834 420 1881 dictorum
437 1865 454 1890 ,
480 1851 527 1884 ac
546 1836 667 1896 ipfius
680 1840 878 1884 habeatur
894 1838 1063 1886 affensus
1080 1796 1197 1898 ἄρα

169 1912 174 1918 ·
205 1893 559 1952 subrogationibus
595 1898 702 1944 infra
726 1899 914 1959 scriptis,
944 1902 1003 1944 ita
1030 1912 1190 1955 tamen,

205 1953 318 2019 quod
346 1968 470 2012 penes
497 1957 625 2015 ipsum
646 1958 819 2030 dantem
842 1959 1031 2005 dominio
1053 1989 1070 2015 ,
1099 1974 1197 2017 pro·

209 2013 1198 2130 ffissl‘ssossss‹ffiffi‘ffi‘v’ssiafflissffi‘ffuzsiffi

209 2129 370 2185 semper
386 2128 512 2187 usque
533 2131 583 2175 ad
597 2134 907 2176 conversionem
925 2131 1043 2188 ipsius
1058 2133 1096 2174 in
1113 2144 1198 2174 rem

208 2187 476 2242 deputatam,
504 2188 656 2242 plene,
689 2189 852 2236 libere,
878 2201 927 2227 ae
956 2190 1115 2239 integre
1131 2201 1198 2227 re·

203 2244 496 2294 manentibus,
529 2243 568 2285 in
597 2240 679 2298 ipsa
705 2243 879 2299 pecunia
905 2241 1197 2284 nihilomnino

203 2304 372 2347 Fratres
399 2300 500 2360 juris
526 2301 699 2344 habeant
717 2330 733 2355 ,
762 2315 838 2345 nee
880 2299 1197 2344 administratio-

204 2375 301 2407 nem
316 2360 381 2406 stu
400 2360 741 2417 dispensationem
755 2374 772 2416 3
802 2374 877 2405 nec
897 2370 1044 2404 contra
1059 2357 1200 2416 perso·

203 2435 299 2466 nam
311 2420 565 2465 nominatam
582 2420 648 2464 vel
666 2435 746 2466 non
765 2420 1016 2465 nominatam
1043 2421 1094 2463 ab
1108 2422 1168 2461 eis
1183 2444 1199 2468 ,

203 2478 486 2538 cujuscumque
526 2480 779 2524 conditionis
804 2478 948 2523 existat
973 2509 989 2532 ,
1021 2480 1060 2522 in
1093 2477 1200 2536 judi·

204 2541 272 2585 cio
304 2539 368 2582 vel
394 2551 539 2592 extra,
570 2541 773 2601 actionem
794 2567 810 2592 ,
840 2539 1168 2596 persecutionem
1184 2566 1199 2589 ,

207 2608 282 2643 aut
299 2598 467 2655 aliquod
484 2600 691 2642 intentent
706 2598 767 2656 jus
783 2628 798 2651 ‚
838 2598 1198 2656 qualitercumque

203 2655 351 2716 person
362 2671 385 2700 a
401 2658 587 2713 predicta
602 2657 641 2701 in
653 2658 936 2703 commistione
963 2657 1196 2714 hujusmodi

202 2716 243 2762 se
261 2718 436 2761 habeat:
469 2716 592 2760 liceat
608 2727 747 2761 tamen
778 2718 987 2764 Fratribus
1015 2716 1099 2760 suas
1126 2731 1197 2759 ne·

203 2774 408 2823 ceffitates
426 2775 651 2827 insinuare,
682 2792 728 2821 ac
747 2776 1011 2835 specificare,
1043 2777 1197 2822 velex-

204 2849 358 2895 ponere
373 2837 551 2893 person:
574 2836 801 2892 predicte,
830 2853 877 2882 ac
904 2852 996 2881 eam
1019 2851 1194 2894 rogare,

203 2894 319 2954 quod
333 2895 460 2940 solva
474 2924 490 2948 ,
520 2892 676 2952 poffunt
699 2897 824 2941 etiam
837 2897 1049 2956 personam
1079 2910 1187 2939 eam-

204 2955 303 3001 dem
326 2955 535 3000 exhortari
562 2955 823 3000 aeinducere
838 2985 854 3011 ,
882 2956 993 3016 quod
1015 2955 1191 3000 fideliter

204 3015 248 3060 in
261 3029 307 3060 re
318 3012 524 3059 commiffa
541 3013 581 3058 se
596 3016 745 3059 habeat
759 3045 776 3068 ,
805 3018 847 3060 ds
870 3018 1012 3063 anime
1035 3015 1112 3060 sua
1134 3014 1191 3058 sa·

203 3073 283 3119 luti
311 3074 351 3118 in
370 3071 578 3119 commissa
608 3074 678 3118 fibi
692 3075 939 3122 executione
962 3075 1198 3132 provideat,

203 3135 264 3179 ita
278 3143 418 3179 tamen
431 3161 448 3185 ,
477 3135 588 3191 quod
603 3134 656 3178 ab
670 3134 783 3179 omni
809 3133 992 3191 eiusdem
1017 3137 1198 3193 pecuniae

204 3194 556 3239 administratione
569 3223 584 3247 ,
615 3193 680 3239 seu
693 3194 1019 3252 dispensatione,
1045 3196 1088 3238 δι
1101 3209 1199 3238 eon-

204 3262 270 3299 tra
283 3254 514 3311 predictam
531 3256 741 3310 personam
757 3256 916 3298 anione
929 3254 995 3299 seu
1013 3255 1198 3310 persecu·

205 3313 351 3372 tione(
366 3324 412 3357 ut
427 3315 662 3371 predictum
676 3315 734 3358 est
751 3317 952 3373 >Fratres
977 3314 1196 3359 abstineant

209 3374 467 3418 omnimodo
482 3404 496 3418 .

245 3457 249 3461 ¹
326 3435 369 3479 Si
396 3436 497 3478 vero
514 3435 723 3491 personam
754 3434 982 3491 huiusmodi
1011 3434 1197 3478 nomina-

217 3496 326 3546 tam,
353 3494 521 3538 relnon
548 3496 797 3539 nominatam
823 3497 846 3540 a
875 3496 1083 3540 Fratribus
1115 3508 1198 3549 quo

217 3551 342 3598 &imis
370 3567 444 3610 per
476 3554 516 3599 se
528 3553 656 3611 poffet
671 3557 847 3613 exequi,
875 3556 987 3614 quod
1013 3554 1200 3613 praediei-

218 3615 284 3652 1⁸¹¹·
309 3638 325 3663 ,
350 3614 572 3672 contigerit
600 3630 674 3671 per
711 3616 933 3672 absentiam
968 3644 983 3666 ,
1027 3614 1200 3658 infirmi·

218 3672 345 3712 ῒίῑθω
356 3699 371 3722 ,
382 3672 650 3726 voluntatem,
665 3674 735 3720 seu
747 3677 935 3722 locorum
950 3674 1198 3726 distantiam,

219 3724 271 3766 δᾶ
289 3733 478 3788 ‘lust-ipse
495 3734 629 3778 nollet
646 3739 872 3792 accedere,
903 3739 946 3781 in
969 3737 1117 3793 quibus
1142 3733 1203 3778 es·

218 3784 279 3826 set
298 3784 441 3832 s0¹²¹¹50
462 3793 529 3839 feu
544 3794 763 3839 satisfactio
794 3796 977 3841 facienda
991 3827 1007 3849 ,
1040 3797 1104 3840 'vel
1129 3807 1202 3851 per

221 3843 475 3895 occafiossem
513 3855 691 3911 aliquam
728 3857 916 3914 impediri
953 3856 1077 3900 liceat
1103 3860 1202 3911 Fra,

2068 209 2170 294 61

1261 361 1389 400 tribus
1403 372 1496 399 enm
1513 356 1772 399 conscientie
1804 357 2006 411 puritate,
2036 366 2238 416 quandam

1258 415 1381 458 aliam
1397 414 1606 469 personam
1625 414 1916 469 subrogandam
1931 418 1980 457 ad
1998 425 2181 471 praemiffa
2197 427 2237 467 in

1256 474 1535 525 nominando,
1563 475 1605 515 ἃ,
1629 472 1717 514 aliis
1742 500 1755 512 .
1783 476 1825 514 Si
1854 474 1904 514 ad
1938 477 2114 528 primum
2141 481 2238 522 dan-

1258 547 1342 578 tem
1368 547 1448 576 non
1460 532 1607 590 poffint
1625 532 1689 574 vel
1704 530 1835 574 nolint
1862 532 2011 574 habere
2039 535 2241 579 recursum

1255 608 1352 638 cum
1369 593 1437 636 ista
1453 591 1625 648 persona
1641 587 1776 634 facere
1788 618 1805 640 ,
1837 590 1936 632 ficut
1965 586 2079 646 supra
2106 593 2242 636 decla-

1255 653 1433 697 ravimus
1445 653 1502 695 eis
1518 652 1645 696 licere
1656 664 1748 694 cum
1764 650 1922 704 prima;
1948 648 2122 692 duarum
2134 652 2240 694 enim

1255 710 1515 770 personarum
1532 710 1796 755 ministerium
1823 723 1898 764 per
1927 709 2032 750 viam
2054 708 2243 764 subroga-

1256 772 1380 815 tionis
1406 771 1487 828 (ut
1516 770 1747 827 praedietum
1765 768 1849 818 est,
1875 769 1897 825 )
1923 767 2177 810 communius
2203 770 2243 811 ὅτ.

1255 830 1481 888 generalius
1496 831 1659 874 videtur
1673 827 1782 885 poss'e
1795 827 1836 869 in
1852 827 2137 884 praedictorum
2149 839 2244 868 exe-

1255 889 1424 934 cutione
1446 887 1659 938 sufficere,
1691 902 1785 931 cum
1815 887 2000 943 praedieta
2029 884 2243 929 satisfactio

1256 950 1518 1010 presumatur
1533 948 1641 1006 poffe
1653 948 1851 992 celeriter
1878 946 2094 1003 expediri.
2121 945 2242 988 Sita-

1255 1023 1349 1054 men
1367 1010 1574 1054 interdum
1597 1020 1767 1066 propter
1781 1007 1965 1051 locorum
1980 1005 2213 1048 distantiam
2229 1030 2246 1055 ,

1252 1072 1295 1114 in
1307 1070 1455 1128 quibus
1471 1066 1684 1114 satisfactio
1697 1066 1796 1110 eil'et
1811 1065 1992 1110 facienda
2005 1091 2020 1116 ,
2045 1065 2086 1107 δι
2099 1062 2246 1106 condi-

1253 1133 1388 1174 tiones
1403 1131 1469 1174 seu
1487 1128 1804 1173 circumstantias
1821 1126 1921 1168 alias
1937 1152 1952 1176 ,
1979 1124 2093 1167 casus
2109 1136 2247 1166 emer·

1250 1199 1403 1249 geret,
1430 1191 1469 1234 in
1500 1204 1581 1248 quo
1598 1187 1810 1230 videretur
1839 1186 2020 1241 plurium
2046 1183 2246 1239 persona·

1250 1266 1340 1294 rum
1366 1246 1711 1306 subrogandarum
1743 1245 2009 1288 ministerium
2034 1252 2244 1299 opportu-

1247 1322 1371 1362 num;
1401 1310 1525 1352 liceat
1542 1306 1633 1363 ipfis
1647 1306 1854 1349 Fratribus
1870 1306 1910 1347 in
1926 1305 2002 1346 hoc
2020 1302 2111 1345 casu
2134 1301 2245 1354 juxta

1248 1370 1401 1426 negotii
1418 1369 1658 1425 qualitatem
1673 1365 1856 1417 (servato
1868 1364 1998 1406 modo
2024 1359 2211 1418 praedie'to
2226 1361 2247 1415 )

1249 1430 1385 1487 plures
1422 1426 1614 1483 personas
1640 1423 1868 1474 assumere,
1899 1422 2114 1466 nominare
2144 1417 2246 1470 ,seu

1251 1486 1495 1546 presentare
1517 1488 1570 1528 ad
1596 1483 1701 1527 istud
1728 1483 1999 1526 ministerium
2027 1491 2243 1535 exequen-

1252 1548 1354 1591 dum
1369 1575 1383 1589 .

1373 1607 1405 1649 1²
1411 1616 1427 1646 t
1442 1605 1535 1663 quia
1549 1611 1717 1661 oportet
1733 1603 1773 1645 δι
1786 1598 1955 1657 expedit
1971 1600 2161 1641 Fratrum
2179 1609 2248 1639 ne-

1253 1666 1498 1712 cessitatibus
1524 1691 1540 1715 ,
1566 1677 1649 1706 non
1693 1660 1822 1705 solum
1865 1659 1972 1707 illis,
2005 1671 2080 1714 pro
2103 1659 2249 1715 quibus

1255 1728 1336 1787 jam
1362 1722 1461 1770 esset
1491 1723 1638 1768 solutio
1675 1723 1743 1765 stu
1777 1718 1997 1764 satisfactio
2034 1715 2249 1765 facienda,

1256 1789 1340 1842 (ut
1362 1787 1477 1841 supra
1495 1782 1681 1840 proxime
1712 1782 1866 1824 difitum
1892 1779 1948 1822 cst
1979 1779 1999 1835 )
2025 1776 2092 1819 sed
2123 1777 2251 1820 etiam

1256 1845 1565 1891 imminentibus
1596 1871 1611 1894 ,
1640 1843 1722 1883 five
1768 1839 1871 1883 tales
1910 1835 2163 1882 neceffitates
2189 1836 2252 1875 in-

1257 1915 1451 1964 gruentes
1466 1903 1704 1946 immineant
1717 1926 1732 1949 ,
1744 1912 1831 1955 qua:
1846 1897 1963 1941 brevi
1986 1908 2172 1951 tempore
2186 1906 2255 1935 ex·

1258 1965 1389 2022 pediti
1407 1963 1570 2007 valeant
1585 1990 1599 2013 ,
1628 1960 1709 2004 five
1723 1958 1854 2010 tales,
1881 1956 1979 2000 licet
1995 1967 2128 2010 pauca
2138 1966 2254 1994 com-

1258 2024 1474 2082 parative,
1500 2034 1674 2080 quarum
1691 2019 1866 2076 provisio
1892 2030 1942 2060 ex
1973 2011 2254 2078 suiconditio·

1258 2095 1311 2122 ne
1325 2083 1543 2135 neeeflario
1562 2083 1735 2123 tractum
1750 2077 1947 2133 temporis
1974 2075 2126 2126 babet;
2154 2082 2197 2115 ut
2214 2083 2253 2112 in

1258 2137 1371 2180 libris
1386 2135 1609 2179 scribendis
1622 2163 1638 2185 ,
1666 2136 1861 2176 Ecclefiis
1875 2159 1891 2183 ,
1917 2133 1988 2174 seu
2009 2130 2187 2175 aedificiis
2201 2128 2253 2170 ad

1257 2194 1374 2234 usum
1403 2194 1707 2235 habitationum
1735 2190 1918 2247 ipsorum
1943 2188 2256 2238 construendis,

1258 2248 1374 2289 libris
1388 2249 1430 2287 δι
1446 2249 1591 2299 pannis
1606 2249 1645 2286 in
1663 2248 1764 2287 locis
1780 2249 1952 2288 remotis
1974 2247 2159 2289 emendis
2173 2273 2188 2297 ,
2213 2246 2255 2287 &

1261 2305 1349 2348 aliis
1366 2304 1583 2351 similibus,
1612 2301 1637 2344 fi
1652 2315 1738 2359 quae
1749 2303 2007 2344 occurrerint
2022 2329 2036 2350 ,
2049 2318 2143 2345 cum
2164 2317 2256 2344 mo-

1259 2365 1473 2409 deramine
1486 2361 1743 2420 supradieto,
1775 2360 1995 2404 salubriter
2020 2362 2256 2418 provideri,

1262 2424 1364 2468 ficut
1390 2426 1431 2467 in
1447 2424 1527 2468 istis
1541 2421 1872 2469 neceffitatibus,
1894 2420 2009 2463 clare
2042 2420 2254 2478 distingui·

1261 2498 1382 2537 mus,
1417 2482 1468 2527 fic
1498 2483 1539 2525 in
1566 2483 1623 2524 eis
1637 2483 1802 2524 Fratres
1833 2477 1938 2535 poss'e
1967 2480 2057 2523 tuti
2085 2482 2124 2522 &
2144 2478 2254 2527 salva

1259 2543 1511 2588 conscientia
1528 2540 1754 2598 procedere
1784 2539 2075 2593 declaramus3
2105 2538 2256 2583 videli-

1256 2613 1328 2647 cet
1345 2633 1358 2656 ,
1372 2613 1419 2646 ot
1433 2601 1644 2659 ingruenti
1666 2600 1734 2643 vel
1752 2599 1978 2643 imminenti
1998 2597 2251 2650 necestitate,

1259 2676 1346 2721 qua·
1360 2663 1479 2707 brevi
1507 2674 1725 2715 tempore,
1752 2659 1818 2703 vel
1845 2672 1932 2716 quae
1962 2659 2172 2702 interdum
2199 2672 2251 2702 ex

1257 2724 1465 2779 aliquibus
1492 2719 1804 2765 circumstantiis
1834 2732 1918 2762 non
1943 2719 1995 2761 iic
2027 2719 2142 2761 brevi
2170 2719 2248 2775 (ut

1259 2783 1405 2842 supra,
1428 2785 1470 2826 in
1488 2779 1675 2837 proximo
1699 2778 1793 2823 casu
1820 2780 1976 2822 dietum
1993 2778 2051 2821 est
2070 2779 2087 2836 )
2114 2779 2249 2821 valeat

1254 2844 1444 2899 expediri
1462 2873 1475 2896 ,
1489 2851 1572 2886 tam
1585 2840 1723 2898 quoad
1740 2840 1907 2883 dantem
1924 2837 2247 2894 eleemosynam,

1253 2903 1372 2962 quam
1400 2902 1536 2962 quoad
1558 2900 1818 2946 nominatum
1861 2898 1928 2942 vel
1953 2898 2246 2947 substitutum,

1251 2966 1293 3008 in
1306 2965 1494 3008 omnibus
1506 2963 1548 3004 δι
1562 2975 1637 3018 per
1649 2960 1785 3001 omnia
1799 2958 1924 3015 (ficut
1939 2957 1979 2999 in
1994 2958 2174 3000 articulo
2189 2956 2253 2999 so-

1258 3024 1430 3068 lutionis
1445 3037 1520 3080 pro
1531 3018 1833 3064 neceffitatibus
1855 3018 2077 3072 preteritis
2092 3016 2249 3061 facien-

1255 3084 1344 3132 dae,
1376 3084 1494 3140 supra
1521 3079 1709 3138 proxime
1734 3077 2068 3136 declaravimus)
2094 3089 2246 3134 proce-

1258 3142 1383 3186 datur
1399 3172 1411 3184 .

1379 3204 1428 3245 ln
1451 3214 1499 3244 ea
1525 3200 1629 3243 vero
1654 3197 1890 3241 necestitate
1914 3226 1929 3246 ,
1954 3206 2247 3253 quamtumque

1259 3260 1572 3318 presentialiter
1604 3259 1818 3313 ingruenti
1844 3285 1858 3309 ,
1889 3270 1975 3313 quae
2015 3266 2152 3299 tamen
2192 3267 2244 3296 ex

1258 3321 1461 3379 qualitate
1472 3317 1560 3371 sui,
1586 3328 1633 3360 ut
1651 3317 1916 3374 predicitur,
1943 3316 2120 3356 tractum
2136 3323 2242 3356 tem-

1258 3383 1370 3438 poris
1383 3381 1505 3424 habet
1520 3391 1722 3421 annexum
1733 3389 1750 3430 3
1760 3378 1853 3433 quia
1869 3378 1909 3418 in
1922 3388 1975 3417 eo
1986 3375 2077 3416 easu
2091 3371 2243 3415 veroli-

1258 3441 1356 3484 mile
1370 3440 1428 3484 est
1442 3469 1459 3492 ,
1478 3436 1590 3496 quod
1607 3448 1695 3480 tum
1722 3437 1881 3480 ratione
1906 3433 2101 3476 distantiae
2127 3434 2244 3476 loco-

1259 3515 1347 3544 rum
1366 3530 1380 3550 ,
1411 3502 1534 3554 quim
1549 3496 1761 3554 expeditio
1792 3494 2035 3539 necessitatis
2062 3493 2178 3548 ipsius
2192 3506 2241 3534 ex

1259 3561 1318 3604 sui
1333 3560 1579 3603 conditione
1607 3557 1861 3614 requireret,
1891 3564 1979 3596 tum
2007 3554 2133 3595 etiam
2161 3552 2239 3594 cir·

1261 3619 1593 3664 cumstantiarum
1632 3615 1755 3673 ipfius
1801 3614 2040 3658 neccffitatis
2084 3612 2240 3654 ratione

1266 3678 1462 3736 pensata,
1494 3677 1736 3733 frequenter
1766 3674 1879 3719 casus
1906 3674 2138 3716 acciderent
2156 3697 2170 3719 ,
2196 3670 2235 3710 in

1264 3741 1411 3796 quibus
1438 3739 1488 3781 ad
1505 3736 1809 3794 expeditionem
1837 3732 2080 3779 neceffitatis
2106 3725 2236 3781 hujus-

1265 3799 1633 3854 modioporteret,
1659 3796 1770 3853 quod
1798 3810 1871 3851 per
1895 3793 2071 3837 diversas
2101 3797 2235 3831 manus

1263 3861 1505 3916 &personas
1518 3856 1704 3902 tranfiret
1719 3856 1884 3913 pecunia
1898 3879 1913 3902 ,
1934 3846 2239 3959 neceffitajtti'sllu-
