2444 4192
767 119 928 208 Sub
997 117 1394 204 Benedmo
1455 119 1549 206 X
1567 117 1609 203 I
1627 120 1730 207 V.

240 284 418 327 batiouis
437 277 679 325 Confeffarii
692 293 765 337 per
780 279 859 322 loci
875 277 1139 321 ordinarium
1156 277 1213 323 fa·
1276 277 1504 320 ordinarios
1519 307 1535 329 ,
1547 278 1588 320 δι
1603 281 1822 335 Delegatos
1837 280 1912 323 ὅτε.
1937 279 2034 325 Non
2049 279 2248 324 obstanti-¹

236 342 405 393 cieudae,
420 342 503 385 alio
521 342 642 384 modo
657 339 906 394 intelligere,
917 339 1036 394 quim
1052 351 1119 391 eo,
1131 353 1214 395 quo
1276 337 1348 378 bus
1363 365 1376 388 ,
1391 347 1586 393 quatenus
1599 351 1701 395 opus
1717 346 1761 380 ut
1777 367 1794 390 ,
1822 341 1955 382 nostra
1971 368 1987 392 ,
2009 341 2050 382 δι
2066 340 2246 384 cancel·

305 128 466 243 506

236 398 1210 513 2222222222222122222222„22:¹22

236 521 323 563 sum
344 519 401 562 est
418 548 434 572 ,
458 519 757 562 decreverunt.
789 485 978 576 Qorut'u
1008 521 1098 560 Nos
1110 531 1214 576 quo·

233 592 314 637 que
340 579 510 635 vestigiis
534 578 802 625 inlinentes,
827 574 1034 631 proefitam
1061 577 1209 619 condi-

233 641 389 682 tionem
420 639 460 679 in
485 635 629 680 eodem
658 634 779 690 plane
811 631 920 678 senffi
947 660 963 684 ‚
992 649 1113 691 quem
1145 636 1206 678 illi

232 696 518 746 tradiderunt,
545 695 595 736 ab
619 695 863 738 omnibus&
889 692 1049 749 lingulis
1072 694 1207 751 hujus-

229 755 344 799 modi
370 754 536 797 lndulto
565 752 632 794 sub
666 766 714 795 ea
742 752 980 796 conditione
1009 757 1207 798 concesso

228 813 441 857 utentibus
458 810 766 867 ,accipiendam
795 814 835 855 &
861 811 1098 856 servandam
1124 813 1208 856 esse

232 874 442 915 {latuimus
454 898 468 920 ‚
481 882 605 928 atque
618 871 852 915 mandamus
871 886 887 926 3
914 872 1199 929 quicumque-a

228 931 292 973 illi
323 931 477 974 fuerint
503 956 519 979 ‚
549 929 619 985 qui
641 930 681 972 iu
714 930 797 972 vim
821 930 1018 988 ejusmodi
1044 931 1203 974 Indulti

230 987 533 1032 Confessarium
556 988 625 1031 fibi
647 989 826 1044 eligent,
854 990 935 1036 five
947 990 1170 1033 Saeculares
1185 1019 1202 1044 ,

223 1051 303 1092 {ive
318 1047 755 1104 Regulares‚cujulibct
769 1050 939 1094 Ordinis
950 1051 992 1092 δι
1004 1049 1201 1099 Instituti,

223 1119 308 1150 tam
335 1107 686 1158 mendicantium,
709 1109 832 1165 quim
860 1123 942 1155 non
957 1109 1199 1152 Mendican-

222 1168 327 1209 tium
346 1166 626 1217 ,&Ordinum
640 1168 884 1211 Militat-ium
902 1199 916 1221 ‚
930 1168 1053 1213 etiam
1085 1166 1201 1210 Mili-

220 1223 535 1280 tiaeri-lospitalis
550 1227 683 1270 Sancti
710 1229 876 1284 Joannis
901 1224 1199 1281 Hierosolymi-

221 1285 337 1333 tani,
352 1298 519 1327 necnon
534 1285 749 1329 societatis
757 1287 850 1343 Jesu
864 1315 880 1338 ‚
892 1298 1014 1344 atque
1026 1284 1196 1329 alterius

221 1342 792 1447 ῗέῗὲᾞῗῖῗέἓξῖἕῗῖἶὲῗίῖέ
804 1345 1203 1447 '‘33555312‘3‘2‘3·

222 1473 308 1515 quo
318 1490 332 1513 ‚
349 1459 413 1504 seu
427 1461 563 1518 aliqua
575 1489 590 1512 ‚
605 1462 786 1516 specialis
800 1433 823 1515 ,⁹
834 1464 876 1505 δι
889 1460 1064 1518 expreffa
1078 1474 1197 1503 men·

222 1520 286 1560 tio
299 1519 685 1575 quomodocumque
700 1520 884 1562 facienda
904 1520 1016 1561 foret
1031 1547 1043 1558 .
1072 1519 1197 1558 Ideo·

225 1590 305 1632 que
318 1577 578 1620 confeffiones
591 1579 629 1618 δι
642 1577 916 1619 abfblmiones
943 1575 982 1615 in
997 1572 1198 1628 praemiffis

224 1633 377 1675 casibus
392 1635 514 1676 aliter
530 1633 776 1689 inposterum
791 1627 911 1676 laetas
924 1633 964 1675 δι
978 1631 1196 1687 respective

223 1692 381 1735 auditas
394 1693 456 1735 seu
469 1692 697 1750 impertitas
711 1693 846 1736 irritas
867 1691 959 1735 fore
986 1692 1028 1734 &
1050 1691 1196 1733 invali-

223 1752 296 1793 das
311 1751 562 1795 declaramus
576 1781 593 1803 ,
622 1752 662 1794 ἃ
688 1753 937 1795 contrariam
956 1763 1196 1808 quamcum-

221 1823 299 1866 que
312 1811 578 1866 opinionem,
604 1809 766 1869 ejusque
793 1811 975 1868 praxim,
1000 1808 1198 1865 deinceps

218 1870 483 1926 probibemus
494 1898 511 1922 ,
524 1884 572 1913 ac
588 1870 851 1927 reprobamus
863 1897 879 1920 ‚
893 1881 1101 1925 tamquam
1123 1882 1196 1912 ex·

218 1928 393 1985 planata
426 1929 550 1972 toties
572 1929 624 1973 ab
647 1929 885 1986 Apostolica
912 1928 1019 1972 Sede
1051 1929 1197 1972 verbo·

217 1987 632 2044 rumintelligentia·‚
656 2002 702 2030 ac
716 1989 845 2033 menti
874 1988 1017 2031 nostrae
1035 2017 1049 2040 ,
1073 2001 1194 2044 quam

217 2044 448 2088 adomnem
463 2048 537 2088 hac
558 2045 680 2103 super
706 2062 753 2091 re
779 2047 1093 2104 ambiguitatem
1110 2045 1195 2089 tol-

211 2103 378 2147 lendam
409 2118 482 2162 per
497 2104 704 2162 presentes
729 2105 881 2153 claritis
906 2105 1196 2165 exposuimus,

213 2163 378 2218 penitus
401 2162 710 2210 adversantem·

329 2222 539 2268 Postremo
567 2225 671 2269 illud
702 2226 954 2269 monendum
990 2225 1191 2270 existima-

215 2295 305 2327 mus
319 2308 335 2331 ‚
350 2282 451 2326 nibil
473 2284 571 2328 blca
591 2283 722 2331 Nobis
735 2284 880 2335 statui,
910 2295 983 2329 aut
1008 2297 1192 2341 pronun·

218 2342 314 2387 tiari
338 2340 459 2399 super
473 2357 525 2387 eo
539 2372 555 2398 ,
568 2358 617 2387 an
632 2342 786 2388 scilicet
811 2346 850 2387 in
866 2359 946 2389 uno
961 2355 1031 2388 aut
1048 2345 1193 2388 altero

214 2400 392 2446 indulto
405 2416 530 2446 unum
552 2415 622 2447 aut
636 2403 809 2447 alterum
825 2402 1089 2461 personarum
1116 2417 1191 2461 ge·

215 2474 290 2505 nus
303 2462 630 2518 comprehendi,
655 2464 698 2506 δι
712 2476 891 2520 quaenam
918 2463 1085 2508 Indulta
1102 2463 1191 2521 spe-

212 2520 373 2564 cialiter
389 2522 662 2579 chularibus
680 2521 879 2580 suffragari
891 2548 908 2574 ,
937 2524 1003 2567 vel
1019 2537 1102 2567 nou
1116 2520 1190 2566 sui:

214 2576 368 2636 fragari
383 2605 399 2628 ‚
413 2582 654 2625 censendum
678 2584 725 2626 fit
738 2595 756 2637 3
771 2583 852 2627 boc
866 2583 975 2627 enim
988 2596 1039 2626 ex
1053 2580 1190 2625 unius-

215 2637 581 2739 Sujusqueslndulti
606 2652 751 2742 tentare
779 2643 975 2743 acaerbia
992 2641 1194 2741 collige?-

250 2709 318 2739 um
344 2710 388 2739 re
410 2710 421 2737 ι
480 2711 611 2741 tumus
635 2712 647 2723 ·
709 2714 809 2743 rmts
874 2713 966 2742 men
995 2713 1143 2743 manen
1163 2712 1197 2740 t·

220 2757 296 2799 bus
311 2781 326 2806 ‚
347 2756 390 2797 δι
409 2710 610 2812 ρυεῖρεωὸ
630 2728 854 2806 mansuris,
883 2756 994 2815 quod
1021 2756 1070 2799 ad
1104 2755 1196 2800 Bul·

219 2813 302 2857 lam
314 2815 521 2875 Cruciatn
534 2816 745 2871 pertinet,
769 2815 947 2874 plurium
966 2814 1197 2861 Prndeces·

218 2869 354 2914 sorum
368 2871 596 2917 nostrorum
623 2874 999 2924 declarationibus,
1024 2874 1195 2918 eandem

220 2930 373 2975 scilicet
389 2931 549 2974 bullam
559 2959 578 2983 ‚
598 2932 795 2989 quantiam
821 2933 872 2976 ad
886 2933 1106 2977 articulum
1119 2932 1195 2977 eli·

222 2989 343 3047 gendi
356 2986 654 3035 Confeffarinm
665 3018 681 3042 ‚
712 2990 832 3050 seque
843 2993 864 3035 ὲ
876 2990 1030 3036 cafibua
1062 2987 1194 3036 reser-

223 3050 320 3092 vatis
333 3044 486 3093 absolvi
511 3047 716 3105 faciendi,
738 3065 988 3110 nequaquam
1016 3052 1192 3110 Regula·

222 3109 331 3153 ribus
354 3107 589 3166 suffragari3
613 3109 742 3168 Quod
776 3115 862 3155 Noa
896 3113 1020 3156 etiam
1045 3124 1196 3169 perpe-

221 3169 294 3212 tuo
318 3167 540 3212 tenendum
571 3179 693 3226 atque
719 3169 976 3216 sentiendum
992 3202 1004 3224 ‚
1033 3184 1196 3216 eorum·

221 3227 314 3270 dem
340 3226 671 3273 predecessorum
708 3229 943 3275 nostrorum
973 3231 1197 3289 exemplo,

221 3286 407 3331 {imiliter
420 3286 673 3332 declaramus
686 3316 705 3341 ,
720 3290 760 3332 ὰ
785 3292 1034 3334 contrariam
1057 3304 1195 3349 quam-

223 3359 395 3448 2222.e
417 3347 697 3452 2:222222
799 3345 1195 3466 5222222202·

385 3434 401 3458 ἱ
710 3434 726 3457 ἱ
1064 3439 1078 3454 ο

341 3468 616 3512 Decernentea
628 3466 791 3512 easdem
814 3467 1026 3526 presentet
1040 3466 1194 3514 nostrat

222 3522 411 3577 litteras,
441 3528 479 3569 ει
495 3530 535 3569 in
559 3527 618 3570 cia
639 3536 835 3573 contenta
855 3542 1188 3589 quecumque-³2

220 3582 344 3628 etiam
359 3597 406 3627 ex
426 3598 494 3635 co,
506 3585 617 3644 quod
634 3586 810 3645 quilibet
823 3588 863 3633 in
875 3589 1076 3646 pramissia
1087 3615 1104 3640 ‚
1121 3587 1190 3633 seu

217 3654 359 3687 corum
387 3642 553 3699 aliquo,
583 3644 645 3702 jua
673 3674 689 3699 ,
720 3647 784 3693 vel
820 3647 1005 3695 interesse
1037 3649 1192 3695 haben·

214 3710 276 3746 tea
305 3701 384 3747 &c-
415 3704 564 3760 sicque
594 3707 635 3749 et
663 3720 746 3752 non
777 3707 898 3754 aliter
924 3709 964 3754 in
985 3706 1188 3769 proemiffla

208 3757 394 3818 censeri,
415 3772 607 3822 atquem
633 3778 708 3822 per
722 3766 1000 3828 quolcumque
1015 3769 1187 3829 judices

1272 396 1379 438 lariae
1406 398 1645 452 Apostolicae
1678 396 1840 453 Regula
1858 426 1873 450 ‚
1899 399 1950 441 de
1961 400 2060 454 Jure
2081 399 2245 458 quaefito

1273 469 1355 498 non
1369 455 1560 499 tollendo
1571 458 1651 499 &c-

1388 514 1589 558 Volumus
1605 514 1767 571 insuper
1780 540 1796 564 s
1810 516 1851 558 &
1864 513 2007 558 eadem
2021 519 2241 562 auctorita-

1272 583 1315 616 te
1342 574 1529 630 praedicta
1547 577 1784 617 mandamus
1797 604 1814 625 ,
1842 584 1885 616 ut
1900 575 2050 617 eaedem
2070 576 2245 631 praelen-

1268 644 1331 677 tes
1346 660 1362 685 ,
1381 635 1423 676 δι
1445 634 1486 677 in
1509 635 1567 677 eis
1592 642 1782 677 contenta
1809 647 2071 690 quaecumque
2085 634 2134 678 ad
2150 649 2243 679 om-

1267 693 1376 735 nium
1406 694 1597 737 notitiam
1623 692 1782 736 facilius
1812 692 2074 736 deducantur
2100 721 2118 744 ,
2161 708 2236 738 uec

1265 748 1475 808 quisquam
1520 753 1572 796 de
1598 753 1656 794 eis
1684 753 1955 807 ignorantiam
1987 752 2240 808 pretendere

1266 810 1401 854 valeat
1414 838 1429 861 ,
1443 810 1546 866 ipsas
1559 813 1786 868 presentes,
1801 814 1866 854 seu
1883 825 2022 854 earum
2037 811 2240 854 transum-

1263 880 1361 926 pta,
1383 870 1433 914 ad
1449 869 1594 913 valvas
1611 870 1795 912 Ecclefiae
1822 870 2138 926 sanetiJoannis
2163 873 2241 916 La-

1262 928 1483 972 teranenfis
1496 929 1721 985 &tc-thue
1734 930 1973 973 earumdem
1983 927 2238 986 presentium

1262 986 1530 1043 transumptis
1542 988 1622 1029 &c-

1379 1046 1496 1089 Nulli
1531 1060 1636 1102 ergo
1665 1047 1835 1090 omnino
1866 1045 2075 1091 hominurn
2106 1047 2234 1092 liccat

1261 1107 1367 1148 hanc
1395 1105 1583 1160 pagiuam
1619 1106 1849 1149 nostrarum
1888 1105 2238 1158 confirmationis,

1259 1165 1570 1221 approbationis
1595 1193 1610 1216 ‚
1640 1167 1916 1208 innovationis
1943 1195 1958 1217 ,
1986 1165 2237 1217 voluntatis,

1259 1223 1442 1266 mandati
1457 1252 1472 1275 ,
1493 1223 1631 1267 statuti
1643 1251 1659 1275 ‚
1672 1224 1860 1274 decreti,
1889 1226 1929 1267 &
1942 1224 2238 1270 declarationis

1256 1281 1514 1339 infringere,
1547 1282 1610 1326 vel
1639 1283 1678 1326 ei
1702 1283 1798 1327 ausu
1824 1286 2040 1328 temerario
2062 1286 2238 1328 contrai-

1257 1356 1303 1385 re
1316 1371 1328 1383 .
1350 1343 1391 1384 Si
1417 1342 1504 1398 quis
1518 1350 1654 1384 autem
1669 1342 1748 1385 hoc
1762 1351 1971 1387 attentare
1984 1342 2239 1401 praesumpse-

1257 1401 1343 1451 rit,
1372 1400 1698 1455 indignationem
1720 1402 2027 1455 Omnipotentis
2053 1402 2126 1445 Dei
2143 1431 2159 1456 ,
2187 1418 2237 1447 ac

1257 1461 1473 1501 Beatorum
1501 1459 1610 1499 Petri
1641 1485 1656 1507 ,
1681 1459 1722 1498 8(
1754 1459 1870 1499 Pauli
1901 1457 2237 1513 Apostolorum-o

1256 1515 1342 1569 ejus
1358 1515 1396 1556 se
1421 1515 1584 1554 noverit
1611 1512 1889 1561 incursurum,

1377 1572 1530 1613 Datum
1559 1572 1703 1614 Romae
1724 1572 1832 1627 apud
1851 1574 2039 1617 Sanctam
2064 1575 2236 1621 Mariam

1259 1627 1460 1684 Maiorem
1487 1632 1613 1673 Anno
1637 1633 1939 1677 locam-tionis
1980 1635 2236 1687 Dominicae,

1256 1687 1476 1731 minefimo
1521 1687 1876 1746 septingentefimo
1933 1693 2238 1752 quadragefimo

1256 1758 1431 1804 quarto,
1450 1750 1582 1792 Nouis
1599 1750 1765 1808 Augusti
1778 1777 1794 1802 2
1811 1750 2079 1798 Pontificatfis
2095 1755 2237 1801 Nostri

1257 1810 1385 1851 Anno
1411 1810 1606 1870 Qarto.

1315 1926 1424 1970 Bau.
1434 1927 1564 1983 praed.
1576 1935 1670 1971 tom.
1679 1941 1711 1972 1.
1717 1927 1804 1989 fol.
1808 1943 1830 1987 3
1837 1931 1909 1979 58.

1252 2168 1448 2216 Beatum
1474 2164 1683 2216 Fidelem
1707 2167 1735 2217 a
1757 2169 2073 2240 Sigmaringa,
2088 2168 2234 2221 Ordi-

1320 2238 1391 2286 nis
1427 2239 1523 2287 FF.
1558 2238 1801 2290 Minorum
1838 2243 2231 2310 Capucinorum,

1321 2304 1656 2368 Profefforem‚
1685 2308 1914 2361 Miffionis
1950 2309 2232 2381 Apostolicae

1318 2379 1367 2428 in
1385 2379 1565 2429 Rhaetia
1583 2377 1930 2440 Proefestum,ac
1944 2386 2092 2434 Sacra
2104 2385 2230 2434 Con-

1322 2452 1606 2521 gregationis
1640 2451 1698 2503 de
1741 2453 2043 2523 Propaganda
2085 2454 2234 2505 Fide..

1326 2525 1731 2592 Protomartyrem
1749 2527 1991 2576 canonizat
2003 2561 2017 2576 .

1257 2647 1784 2717 nnunmcrus
1821 2662 2230 2719 EP1SCOPUS

1433 2805 1604 2848 Saavua
1635 2804 1889 2848 Senvonuat
1924 2804 2008 2846 Det
2023 2829 2039 2846 .

1402 2931 1472 2977 Ad
1484 2940 1720 2991 perpetuant
1746 2930 1811 2977 rei
1835 2932 2088 2978 nemorian-

1407 3053 1501 3096 lnea
1516 3051 1672 3106 eleeta',
1691 3065 1814 3108 quam
1833 3053 2032 3113 plantavit
2057 3052 2227 3099 dextera

1425 3112 1591 3156 Domini
1607 3141 1623 3165 ,
1639 3110 1755 3169 cujus
1772 3116 1888 3160 unica
1906 3112 2000 3156 vitis
2011 3111 2198 3158 Christus
2213 3139 2230 3166 ,

1259 3179 1321 3214 tot
1337 3183 1474 3216 autem
1490 3170 1697 3224 palmites,
1710 3181 1915 3232 quotquot
1931 3173 1972 3216 in
1986 3171 2152 3217 Christo
2162 3184 2230 3216 ra-

1255 3230 1380 3273 dicati
1398 3229 1542 3276 fideles
1555 3231 1636 3274 etc.
1669 3229 1888 3279 stoa-enm
1902 3231 2015 3290 hujm
2041 3232 2229 3275 Demea·

1256 3291 1304 3333 111
1319 3290 1484 3334 debetur
1497 3295 1542 3335 dn
1555 3301 1703 3336 tam-vt
1718 3291 1834 3353 usca
1851 3292 2122 3351 supplemata
2134 3290 2227 3334 nut-

1251 3350 1521 3411 eamme-sa
1540 3378 1554 3392 .

1988 3827 2156 3885 Beatum
