2444 4192
330 186 432 297 58

239 344 415 400 Regulae
428 343 712 389 modificatum
726 374 740 397 ‚
755 342 820 386 seu
835 341 1112 397 specificatum
1128 347 1241 403 prin-

239 405 393 460 cipium
407 405 579 449 reducat
589 405 853 457 ur‚vide1icet
871 402 924 444 ad
936 404 1240 448 observantiam

240 464 535 522 Evangelii(ut
549 464 879 522 praedicitur)per
897 460 1023 516 ipsam
1038 463 1240 518 Regulam

883 188 1048 276 Sub
1111 187 1449 277 Nicolao
1513 188 1697 276 III.

1302 346 1428 388 aliter
1457 353 1681 396 tenentur,
1710 345 1830 399 quam
1855 356 1907 385 eo
1935 340 2060 384 modo
2083 368 2098 392 ,
2131 354 2214 395 quo
2242 340 2284 383 in

1301 405 1467 461 Regula
1488 404 1570 460 ipsa
1586 406 1809 448 traduntur
1824 430 1837 452 ‚
1871 413 1916 444 ut
1933 402 2089 444 scilicet
2115 411 2284 444 tenean-

1302 474 1372 506 tur
1386 464 1438 506 ad
1463 477 1611 507 eorum
1631 461 1932 506 observantiam
1947 488 1962 511 ,
1979 476 2067 517 quae
2080 463 2122 503 in
2136 461 2282 504 eadem

236 521 381 567 inillis
398 526 531 568 tribus
546 519 898 572 modificatam,vel
912 520 1242 572 determinatam,
1302 523 1467 577 Regula
1477 524 1616 580 ,iplis‚
1630 524 1700 566 sub
1729 521 1866 564 verbis
1888 519 2145 575 obligatoriis
2173 520 2283 562 indi.

239 579 310 624 seu
324 583 611 640 specificatam:
625 597 720 625 cum
742 595 821 624 non
846 580 890 622 fit
909 580 1159 632 vemfimile,
1175 581 1236 635 ip-

236 639 327 684 sum
339 647 529 688 sanetum
547 672 561 693 ‚
589 644 760 685 verbum
792 640 841 681 ab
864 636 948 694 ipso
967 638 1089 681 semel
1103 653 1238 682 cum.»

237 702 414 758 quadam
431 704 524 745 mod
530 695 818 750 ificatione‚seu
831 694 1126 753 specificatione
1136 712 1233 755 pro-

239 761 409 818 latum(
427 762 525 803 licet
540 759 648 816 quali
666 757 938 802 subcinctoria
959 758 1185 814 repetitum
1210 757 1233 814 )

237 821 414 864 voluiffe
438 821 477 861 in
503 819 570 862 sua
597 816 844 874 repetitione
872 843 887 866 ,
913 816 1012 860 data
1050 815 1122 860 fibi
1157 830 1233 872 pet·

237 892 334 922 eum
354 878 661 921 modificatione
675 906 690 929 ,
706 878 773 920 vel
789 875 1148 927 determinatione,
1163 875 1231 917 seu

232 938 542 996 specificatione
559 965 575 989 ,
599 938 677 981 line
698 948 814 981 certa
842 935 959 979 causa
984 949 1157 986 carere,
1190 936 1232 977 δι

234 999 444 1052 utriusque
454 995 553 1051 juris
572 1007 812 1053 argumenta
834 1000 923 1040 Nos
939 995 1127 1037 doceant
1139 1022 1154 1044 ‚
1168 1008 1232 1045 ea,

235 1072 324 1113 quae
338 1056 375 1096 in
392 1055 625 1112 principio,
638 1057 690 1098 ad
707 1056 891 1100 medium
906 1085 921 1108 3
949 1056 990 1097 δι
1015 1054 1065 1098 ad
1082 1052 1203 1098 finem
1217 1078 1233 1102 2

234 1117 308 1159 illa
324 1117 423 1158 vero
436 1142 451 1165 ‚
466 1128 554 1166 quae
570 1115 613 1157 in
630 1115 770 1157 medio
785 1140 800 1163 ,
816 1115 868 1157 ad
882 1114 1005 1157 finem
1022 1142 1037 1164 ,
1051 1124 1231 1170 atque-2

234 1174 483 1233 principium
502 1186 518 1225 3
558 1175 599 1215 δι
614 1188 690 1225 ea,
714 1188 802 1230 quae
826 1174 866 1216 in
891 1172 989 1224 fine,
1004 1174 1056 1217 ad
1071 1182 1233 1216 utrum-

234 1249 317 1290 que
337 1262 351 1285 ,
367 1233 431 1276 vel
447 1247 498 1274 eo
506 1247 597 1275 rum
613 1233 794 1277 alterum
806 1232 903 1290 saepe
917 1233 1075 1277 referri.
1091 1235 1146 1276 Et
1161 1233 1234 1276 da-

234 1292 413 1347 to,quod
434 1291 621 1336 absolute
637 1292 1028 1345 diceretur‚0mnino
1035 1297 1233 1349 promitto

232 1350 425 1395 sannam
444 1352 706 1409 Evangelium
723 1353 934 1411 obfirvare
947 1384 964 1406 ,
977 1353 1047 1395 nifi
1077 1350 1231 1410 profess

232 1410 300 1455 sor
331 1410 561 1467 hujusmodi
603 1413 840 1456 intenderet
862 1412 900 1455 se
923 1413 975 1456 ad
1003 1414 1229 1457 omnium

1295 592 1478 625 cuntur.
1510 587 1771 627 Caeterorum
1811 581 1912 622 vero
1951 580 2278 628 observantiam,

1294 656 1382 699 quae
1396 641 1466 685 sub
1495 643 1631 686 verbis
1656 639 1892 683 monitoriis
1909 667 1926 689 ,
1955 638 2281 689 exhortatoriis,

1294 700 1598 745 informatos-iis
1612 730 1626 753 ,
1640 705 1679 744 &
1695 699 1959 743 instructoriis
1975 723 1990 745 ,
2023 698 2091 740 seu
2113 697 2282 755 quibus-

1293 773 1471 817 cumque
1497 761 1585 804 aliis
1604 763 1871 803 continentur
1896 785 1912 808 ,
1935 767 2107 800 eatenus
2148 756 2278 811 magis

1292 820 1498 863 condecet
1518 819 1571 862 de
1584 820 1698 862 bono
1711 847 1726 869 ‚
1746 821 1787 861 &
1816 830 1930 871 aequo
1951 829 2026 857 eos
2051 815 2273 870 prosequi,

1291 880 1375 934 quo
1405 879 1637 922 imitatores
1667 880 1772 921 tanti
1789 877 1919 918 Patris
1934 874 2093 928 effesti,
2120 871 2277 917 Christi

1292 939 1454 983 semitas
1472 938 1621 982 ataias
1636 939 1855 994 elegerunt
1867 964 1880 977 .

1436 1055 2012 1100 ARTICULUS
2074 1054 2147 1095 11.

1295 1177 1361 1219 De
1372 1174 1624 1235 olfirvantt‘a
1643 1172 1905 1228 paupertatis
1918 1199 1935 1224 ‚
1961 1169 2012 1219 θ’
2026 1169 2277 1214 abdicatione

1630 1235 1902 1288 proprietatis
1919 1260 1933 1273 .

1391 1355 1534 1404 Orro,
1553 1366 1646 1396 curn
1671 1351 1752 1408 ipsa
1782 1349 1942 1406 Regula
1969 1345 2158 1404 expresse
2173 1360 2277 1390 con·

1414 1415 1545 1458 tineat
1563 1441 1579 1465 ,
1592 1413 1704 1468 quod
1721 1415 1888 1457 Fratres
1911 1408 2104 1464 nihufibi
2131 1415 2280 1471 appra-

232 1470 497 1515 consiliorum
529 1470 835 1516 observantiam
858 1472 1044 1530 obligare
1069 1474 1091 1529 (
1111 1472 1226 1530 quod
1278 1475 1421 1531 priene
1451 1502 1466 1527 ,
1497 1485 1565 1516 nec
1593 1473 1744 1515 domum
1773 1499 1789 1523 ,
1813 1485 1881 1513 nec
1906 1472 2033 1514 locum
2053 1495 2069 1518 ‚
2099 1479 2168 1510 nec
2197 1466 2278 1508 alt-

232 1530 305 1572 vix
320 1559 335 1582 ‚
349 1541 417 1572 aut
432 1544 640 1588 nunquam
653 1531 782 1589 posset
807 1534 858 1575 ad
875 1533 1058 1577 litteram
1084 1532 1225 1578 obser-

231 1602 332 1632 vare
346 1619 361 1641 ,
377 1602 550 1646 propter
562 1593 674 1648 quod
690 1594 784 1637 talis
801 1592 1009 1650 promiffio
1026 1592 1224 1651 illaquea-

231 1663 283 1692 te
297 1648 529 1705 profitentis
543 1653 727 1694 animum
750 1654 1002 1712 videretur)
1028 1652 1142 1697 clare
1167 1654 1225 1697 vi-

231 1707 361 1751 detur
376 1710 680 1765 promissionem
695 1714 922 1770 hujusmodi
947 1717 999 1756 ad
1012 1713 1139 1758 alium
1157 1715 1225 1757 in-

230 1767 453 1811 telleetum
483 1770 633 1827 absque
671 1772 899 1817 intentione
943 1774 1224 1831 promittentis

209 1841 316 1893 ‚non
333 1827 488 1874 debere
500 1831 740 1889 perstringi,
766 1832 835 1875 nili
863 1843 908 1876 ut
929 1832 1224 1879 observantia„

230 1888 452 1943 Evangelii
465 1892 517 1934 lic
532 1919 549 1942 ‚
562 1889 663 1934 ficut
675 1892 830 1936 tradita
846 1894 1053 1949 reperitur
1064 1896 1086 1937 a
1099 1895 1225 1939 Chri·

232 1945 296 1990 fio
308 1974 324 1998 ,
343 1946 561 2002 videlicet,
575 1951 684 2006 quod
698 1963 897 2009 pracepta
921 1963 968 1997 ut
994 1963 1195 2012 praecepta
1208 1983 1226 2007 ,

232 2004 455 2049 &confina
474 2020 521 2051 ut
542 2009 711 2052 confilia
733 2013 756 2055 a
785 2015 1122 2069 promittentibus
1144 2017 1223 2056 ob·

235 2065 472 2108 serventur.
502 2070 638 2119 Quem
662 2070 920 2114 intelleflum
939 2074 1065 2113 etiam
1087 2074 1129 2111 in
1152 2067 1225 2111 eis·

230 2124 328 2165 dem
352 2126 486 2165 verbis
513 2124 721 2173 habuiffe‚
745 2128 855 2167 idem
879 2129 1030 2167 Beatus
1058 2125 1224 2168 Franci-

228 2180 321 2223 scus
336 2180 375 2221 in
393 2179 495 2224 serie
516 2180 573 2224 sui
596 2179 812 2237 processus
840 2184 880 2228 in
902 2185 1064 2239 Regula
1080 2195 1224 2239 paten-

228 2248 297 2282 ter
310 2238 510 2292 ostendit,
520 2254 615 2282 cum
631 2242 770 2298 aliqua
785 2242 1036 2296 Evangelica
1050 2240 1222 2283 confilia

230 2298 402 2342 inducat
416 2324 431 2347 ,
444 2307 490 2340 ut
504 2296 687 2352 confina,
705 2300 776 2342 sub
792 2296 926 2343 verbis
951 2298 1192 2342 monitionis
1205 2326 1223 2349 ‚

230 2357 537 2400 exhortationis
558 2384 575 2408 ‚
599 2358 642 2400 δι
674 2357 834 2401 confilii
854 2372 871 2412 3
895 2359 1093 2402 nonnulla
1122 2358 1221 2402 veto

232 2415 306 2461 snb
332 2415 643 2472 prohibitione,
668 2430 715 2459 ac
741 2420 871 2461 verbo
884 2421 1076 2476 praecepti
1097 2431 1114 2471 3
1147 2430 1221 2474 per

234 2476 349 2534 quod
366 2484 477 2531 patet
489 2503 505 2526 ‚
520 2474 632 2532 quod
645 2489 734 2520 non
750 2474 829 2521 fnit
855 2477 1064 2534 loquentis
1086 2477 1221 2521 inten—

232 2536 297 2579 tio
309 2562 324 2585 ,
338 2536 451 2590 quod
466 2536 629 2578 Fratres
642 2549 693 2579 ex
716 2534 959 2594 profesfione
986 2535 1221 2595 hujusmodi

233 2594 407 2650 Regula
421 2593 472 2635 ad
490 2594 627 2637 omnia
640 2597 810 2641 confilia
823 2626 839 2649 ‚
864 2596 968 2640 licut
995 2598 1045 2642 ad
1070 2610 1221 2653 praece·

235 2665 309 2713 pta
327 2654 578 2709 Evangelica
604 2665 883 2707 tenerentur,
908 2654 978 2701 sed
1011 2657 1142 2703 solum
1167 2656 1219 2701 ad

235 2714 310 2758 illa
324 2711 494 2756 eonfilia
510 2742 525 2766 ,
546 2729 633 2772 qua:
648 2716 687 2760 in
702 2717 845 2761 eadem
876 2716 1042 2775 Regula
1066 2731 1221 2774 prece-

232 2772 390 2831 ptorie,
404 2772 467 2816 vel
488 2775 728 2820 inhibitorie
741 2805 756 2829 ,
773 2778 840 2821 seu
858 2775 931 2821 sub
948 2776 1083 2822 verbis
1099 2778 1219 2836 aequi·

235 2832 494 2891 pollentibus
510 2834 599 2878 sunt
614 2834 796 2893 expressa
810 2864 823 2879 .

313 2891 435 2936 Unde
453 2896 541 2937 Nos
557 2894 607 2937 ad
633 2898 827 2940 Pratrum
852 2894 1034 2951 ejusdem
1052 2896 1224 2942 Ordinis

235 2950 507 2995 conscientias
518 2952 701 3008 plenarie
710 2955 946 3001 serenandas
956 2955 1230 3010 declaramus,

235 3013 416 3080 quod-ex
440 3012 685 3069 proseilione
712 3015 895 3072 ejusdem
923 3018 1091 3075 Regulae
1130 3020 1228 3062 Fra·

237 3084 324 3116 tres
352 3071 419 3127 ipfi
435 3072 485 3115 ad
501 3086 550 3116 ea
564 3077 721 3120 tantum
739 3077 988 3133 Evangelica
1005 3078 1225 3122 observan-

236 3132 293 3176 da
315 3132 481 3175 consilia
496 3133 587 3179 sunt
602 3136 782 3180 adstricti
795 3164 812 3189 ,
834 3150 920 3193 quoe
936 3138 975 3181 in
992 3136 1072 3193 ipsa
1087 3140 1226 3194 Regu·

236 3192 276 3236 la
296 3193 644 3260 preceptoriesseu
659 3196 989 3250 inhibiturie‚seu
1005 3196 1075 3241 sub
1091 3197 1227 3242 verbis

239 3251 600 3309 cquipollentibus
616 3257 904 3313 exprimuntur
916 3287 928 3300 .
944 3258 1011 3302 Ad
1030 3257 1228 3302 nonnulla

242 3313 344 3354 vero
368 3311 445 3355 alia
468 3326 541 3369 per
556 3315 825 3372 Evangelium
852 3315 949 3362 data
963 3317 1227 3371 confilia‚eo

244 3372 368 3428 magis
400 3371 620 3421 secundum
643 3376 892 3433 exigentiam
924 3379 978 3421 sni
1009 3377 1130 3422 status
1162 3387 1224 3421 te·

243 3442 393 3473 nentur
422 3432 636 3492 plusquam
661 3434 799 3479 ceteri
826 3437 1045 3481 Christiani
1078 3467 1092 3490 ‚
1169 3439 1225 3485 uo

244 3502 315 3546 per
331 3489 470 3533 statum
493 3494 755 3549 perfeetionis
770 3523 785 3547 ,
810 3510 934 3553 quem
964 3511 1037 3553 per
1067 3510 1144 3553 pro
1163 3496 1225 3541 es-

244 3548 396 3592 swflem
426 3550 653 3605 hujusmodi
671 3552 979 3612 alsumpserunt‚
998 3557 1036 3599 se
1063 3557 1226 3600 obtule·

245 3618 343 3653 rant
377 3606 558 3654 Domino
594 3614 871 3660 holocaustum
908 3615 1224 3661 medullatum.»

243 3680 317 3726 per
330 3676 614 3730 eontemptum
633 3677 812 3720 omnium
828 3675 1139 3720 mundanorum.
1155 3676 1222 3719 Ad

243 3738 379 3771 omnia
399 3740 568 3778 autem,
600 3747 687 3788 quoe
720 3736 756 3777 in
782 3736 862 3788 ipsa
890 3734 1051 3793 Regula
1084 3737 1223 3780 conti·

244 3796 394 3833 nentur
406 3813 423 3839 ,
437 3799 519 3832 tam
534 3802 748 3846 praeopta,
765 3800 886 3849 quim
902 3796 1217 3865 confilia‚qu1m

1286 1547 1407 1591 quam
1433 1546 1546 1586 rem3
1572 1533 1700 1589 sitque
1725 1530 1987 1574 declaratum
2011 1542 2084 1587 per
2101 1522 2278 1570 eundem

1287 1590 1636 1638 Praedecefforem
1653 1591 1831 1635 nostrum
1854 1591 2111 1647 Gregorium
2131 1587 2211 1629 IX.
2234 1585 2278 1626 δι

1286 1654 1511 1698 nonnullos
1536 1653 1668 1702 alim,
1689 1653 1768 1695 hoc
1789 1649 1939 1694 servari
1971 1649 2125 1692 debere
2154 1656 2276 1689 tam-2

1288 1716 1331 1758 in
1362 1712 1561 1770 speciali,
1594 1714 1718 1766 quim
1747 1711 1788 1753 in
1814 1702 2276 1771 communi3quimfic

1286 1776 1441 1816 aretam
1456 1770 1763 1817 abdicationem
1778 1768 1985 1814 venenofis
1998 1767 2275 1811 obtrectatio-

1289 1835 1408 1878 nibus
1433 1834 1665 1890 aliquorum
1704 1828 1898 1874 insensata
1924 1826 2134 1871 damnavit
2165 1822 2275 1865 astu-

1287 1896 1344 1938 tia
1361 1908 1375 1937 ε
1388 1908 1439 1937 ne
1458 1896 1644 1937 Fratrum
1658 1889 1897 1934 eorumdem
1913 1883 2172 1945 perfeetionis
2186 1881 2281 1925 cla-

1285 1955 1386 1997 ritas
1414 1953 1561 1996 talium
1591 1949 1794 2007 imperitis
1827 1949 2084 1991 sermonibus
2115 1944 2275 2008 lacere·-

1285 2025 1353 2056 tur
1367 2039 1382 2061 ,
1400 2013 1574 2054 dicimus
1591 2038 1608 2060 ‚
1627 2008 1740 2062 quod
1767 2007 1976 2049 abdicatio
2003 2007 2282 2058 proprietatis.

1285 2067 1517 2123 hujusmodi
1533 2067 1713 2108 omnium
1740 2076 1897 2114 rerum,
1920 2061 2062 2105 tamin
2079 2056 2275 2116 speciali,

1283 2128 1409 2181 quim
1422 2124 1465 2167 in
1482 2123 1690 2167 communi
1705 2132 1878 2178 propter
1903 2123 2036 2165 Deum
2050 2147 2067 2172 ,
2099 2118 2279 2165 merito·

1282 2185 1347 2224 ria
1367 2182 1423 2224 est
1435 2210 1453 2231 ,
1480 2185 1520 2223 sc
1552 2183 1682 2222 [aneta
1696 2207 1714 2230 ‚
1735 2192 1861 2232 quam
1884 2181 2071 2222 Christus
2085 2205 2101 2227 ,
2124 2180 2274 2222 viam-a

1284 2237 1549 2294 perfectionis
1573 2237 1824 2288 ostendens,
1850 2237 1982 2280 verbo
2007 2236 2154 2279 docuit
2179 2264 2197 2286 ,
2225 2237 2275 2281 δε

1283 2298 1478 2353 exemplo
1491 2296 1668 2340 firmavit
1684 2323 1700 2348 ‚
1724 2308 1929 2354 quamque
1955 2295 2076 2353 primi
2105 2293 2272 2339 Funda-

1282 2369 1392 2402 tores
1406 2356 1621 2400 Militantis
1639 2355 1844 2407 Ecclefiae,
1858 2365 1984 2414 prout
1995 2355 2046 2399 ab
2064 2354 2150 2412 ipso
2172 2352 2270 2397 fon·

1282 2430 1326 2461 te
1350 2417 1594 2467 hauserant,
1623 2415 1816 2460 volentes
1842 2412 2025 2473 persea&
2056 2416 2265 2467 vivere-a,

1283 2491 1356 2536 per
1370 2477 1566 2522 doctrine
1578 2491 1624 2519 ac
1645 2476 1737 2520 vitoe
1764 2476 1948 2535 ipsorum
1960 2475 2106 2520 alveos
2128 2475 2169 2518 in
2190 2487 2264 2518 eos

1282 2535 1532 2582 derivarunt
1550 2558 1567 2579 .·

1401 2601 1493 2643 Nec
1526 2596 1590 2640 his
1611 2594 1822 2655 quisquam
1861 2603 1981 2653 putet
2004 2595 2236 2641 obsistet-ea
2250 2622 2266 2647 ‚

1281 2657 1396 2718 quod
1426 2657 1635 2701 interdum
1662 2655 1821 2702 dicitur
1853 2654 2066 2701 Christum
2101 2654 2268 2699 loculos

1281 2714 1453 2763 habuill'e
1468 2731 1587 2762 snam
1611 2718 1663 2760 fic
1675 2715 1786 2777 Jesus
1800 2712 2142 2769 Christus,cuius
2165 2727 2265 2770 pcr-

1284 2778 1387 2823 fet‘ta
1403 2779 1494 2822 sunt
1506 2790 1634 2835 opera
1650 2803 1665 2827 ,
1682 2780 1724 2821 in
1745 2776 1822 2820 suis
1835 2776 1988 2820 actibus
2003 2775 2108 2818 viam
2123 2770 2264 2830 perfe-

1283 2838 1427 2884 ctionis
1451 2837 1635 2882 exercuit
1652 2865 1667 2889 ‚
1696 2836 1808 2894 quod
1836 2834 2046 2879 interdum
2078 2832 2267 2877 infirmo-

1290 2913 1382 2945 rum
1408 2893 1788 2956 imperfectionibus
1815 2892 2146 2939 condescendens
2174 2919 2190 2943 ,
2220 2892 2263 2935 ac

1290 2960 1399 3005 viam
1413 2957 1674 3017 persefiionis
1689 2955 1929 3009 extolleret,
1945 2955 1987 2999 δι
2002 2951 2265 3011 imperfecto-

1289 3033 1380 3064 rum
1392 3017 1574 3063 infirmas
1587 3018 1748 3061 semitas
1764 3029 1847 3060 non
1872 3014 2116 3059 damnaret:
2133 3012 2185 3057 fic
2198 3011 2264 3055 in-

1288 3078 1502 3123 firmorum
1518 3077 1733 3136 personam
1760 3073 1944 3120 Christus
1958 3073 2128 3131 suscepit
2145 3073 2186 3117 in
2203 3071 2264 3116 lo-

1288 3138 1392 3183 culis
1409 3151 1424 3192 3
1441 3138 1491 3182 lic
1521 3140 1560 3181 in
1583 3136 1794 3182 nonnullis
1816 3132 1910 3179 aliia
1930 3133 2091 3178 infirma
2117 3133 2263 3176 huma-

1288 3212 1348 3243 ηε
1361 3199 1493 3242 carnis
1515 3196 1716 3243 affumens
1740 3195 1762 3253 (
1777 3205 1901 3253 prout
1928 3192 2179 3250 Evangelica
2197 3203 2263 3235 te·

1287 3258 1416 3303 statur
1444 3256 1640 3315 historia)
1666 3269 1747 3300 non
1772 3254 1927 3299 tantum
1944 3267 2070 3297 carne
2093 3281 2109 3305 ,
2136 3250 2259 3295 sed&

1285 3330 1428 3362 mente
1449 3314 1745 3361 condescendit
1761 3312 1928 3358 infirmis
1945 3326 1960 3357 ε
1988 3314 2040 3356 fic
2067 3312 2172 3355 enim
2189 3313 2259 3354 hu-

1286 3391 1448 3421 manam
1475 3387 1662 3421 naturam
1686 3372 1888 3430 affumpsit
1914 3401 1931 3425 ,
1973 3372 2083 3430 quod
2111 3372 2149 3414 in
2180 3370 2260 3415 suis

1285 3437 1481 3494 operibus
1515 3434 1718 3541 perfectus
1745 3434 1945 3485 existens,
1974 3431 2013 3475 in
2039 3431 2182 3476 nostris
2198 3432 2257 3474 fa-

1287 3501 1371 3541 eius
1396 3496 1510 3541 humi
1531 3497 1592 3548 is,
1621 3494 1662 3539 in
1678 3492 1860 3551 propriis
1884 3491 2105 3549 permanlit
2125 3491 2259 3535 excel·

1287 3556 1348 3601 sus
1364 3570 1376 3600 =
1393 3557 1444 3599 fic
1460 3556 1502 3599 δι
1529 3553 1688 3597 summe
1701 3552 1915 3598 charitatis
1937 3551 2174 3607 dignatione
2203 3549 2257 3594 ad

1285 3620 1394 3659 actus
1408 3613 1600 3673 quosdam
1613 3612 1759 3658 nostre
1777 3611 2069 3666 impcrl‘edtioni
2094 3604 2262 3654 consor-⁴

1285 3688 1369 3719 mes
1391 3674 1598 3718 inducitur
1612 3702 1626 3726 ‚
1640 3672 1753 3731 quod
1769 3675 1790 3718 a
1805 3670 1966 3715 summe
1997 3669 2262 3728 perfeetionis.

1284 3733 1527 3779 testitudine
1555 3747 1635 3776 non
1662 3743 1887 3778 curvatur.
1918 3731 2017 3788 Egit
2043 3745 2255 3788 namque)

1281 3791 1470 3838 Christus
1482 3819 1496 3843 ,
1510 3795 1551 3836 δι
1564 3791 1707 3836 docuit
1726 3805 1847 3848 opera
1864 3789 2152 3848 perfeetionis,
2167 3791 2254 3847 egit

244 3854 390 3891 (Ἀθη
406 3875 421 3900 s
432 3864 483 3893 cx
499 3861 601 3894 voto
614 3849 868 3908 proscfiionis
886 3853 1114 3911 hujusmodi
1134 3870 1215 3900 non
1277 3854 1400 3898 ctiam
1416 3851 1576 3898 infirma
1592 3881 1605 3907 ,
1618 3853 1718 3897 licut
1735 3852 1941 3897 interdum
1957 3855 1996 3895 ln
2014 3850 2107 3908 fuga
2122 3859 2253 3907 patet,

2083 3908 2202 3953 &ilo-
