2444 4192
877 159 1040 243 Sub
1098 163 1342 243 Leone
1385 158 1502 241 X.

212 302 423 360 Personas
434 332 452 357 ,
485 297 544 348 ad
558 313 753 367 quarum
771 299 1002 352 instantias
1017 309 1171 355 Eccle-

275 373 344 425 fi'ae
378 375 640 421 Domorum
670 368 864 420 Ordinis
896 374 1169 424 Minoritani

276 440 536 492 Interdido
555 440 867 510 supponuntur
880 473 896 496 ,
936 444 1173 494 Fratribus

273 511 331 561 de
354 511 483 561 vissu
507 547 524 570 ,
553 510 739 580 aliisque
759 509 892 559 rebus
918 511 1170 562 necessariis

276 583 524 650 providere
549 582 712 634 debere
739 578 909 631 sancit.

202 710 372 755 Dilectis
387 711 500 756 Filiis
513 739 529 766 ,
542 709 732 770 Generali
743 739 760 764 ,
770 712 810 754 &
824 707 1023 754 universis
1035 710 1076 752 δι
1088 710 1164 754 fin·

268 771 376 828 gulis
392 771 717 816 Provincialibus
732 767 923 829 Ministris
934 769 974 810 δι
989 769 1088 812 Fra·

345 830 475 873 tribus
504 831 675 874 Ordinis
699 828 904 872 Minorum
914 829 1014 871 Fra-

430 895 543 931 trum
566 888 618 933 de
647 886 917 935 Observantia

334 1009 537 1059 LEO
608 1009 885 1061 PAPA
958 1010 1024 1059 X.

254 1125 421 1171 Dia-His
434 1126 553 1171 Filiis
565 1151 579 1174 ,
585 1127 760 1184 salutem
776 1125 826 1175 θ’
841 1125 1099 1184 Apostolimm

514 1184 822 1227 Benediffioncm
835 1211 849 1228 .

301 1304 380 1348 Um
408 1299 540 1344 saneta
557 1299 715 1357 Regula
730 1300 857 1344 vestra
874 1302 920 1342 sit
938 1300 1020 1344 Diii
1035 1298 1160 1342 nostri

193 1301 295 1419 C
319 1358 409 1419 Jesu
423 1358 573 1405 Christi
589 1357 878 1402 fficrosanetum
893 1358 1161 1415 Evangelium

193 1419 234 1462 in
249 1419 477 1463 humilitate
491 1420 533 1462 &
549 1428 789 1475 paupertate
820 1417 1037 1462 observare
1050 1444 1064 1468 ,
1096 1417 1160 1460 di·

191 1490 332 1532 gnum,
346 1479 441 1535 quin
461 1477 597 1535 potius
621 1478 803 1521 debitum
828 1488 1075 1535 reputamus,
1091 1489 1161 1519 ve-

190 1537 279 1579 stris
294 1536 592 1581 neceffitatibus
610 1565 623 1590 ,
640 1535 835 1595 quantum
850 1551 942 1581 cum
961 1540 1050 1580 Deo
1064 1536 1158 1591 pos·

189 1597 324 1639 firmus
339 1622 353 1645 ‚
377 1595 588 1640 subvenire
603 1625 620 1647 ,
646 1596 861 1653 praesertim
875 1623 889 1646 ,
903 1595 1001 1638 dum
1016 1595 1055 1638 id
1072 1595 1156 1636 Re-

191 1666 286 1710 gum
309 1654 623 1697 catholicorum
648 1653 828 1711 exposcit
842 1653 1036 1699 devotio.
1065 1655 1157 1695 Nu-

188 1727 265 1771 per
279 1711 474 1770 liquidem
488 1712 692 1756 relatione
708 1711 921 1756 chariffimi
935 1715 975 1757 in
989 1710 1155 1755 Christo

189 1770 283 1816 Filii
313 1771 435 1816 nostri
462 1770 604 1816 Caroli
630 1773 914 1815 Romanorum
945 1787 991 1814 ac
1006 1768 1088 1814 His
1082 1784 1151 1825 pa·

191 1829 345 1874 uiarum
374 1830 498 1888 Regis
513 1830 724 1875 Catholici
738 1830 1013 1876 Intelleximus
1024 1860 1039 1882 ,
1052 1831 1149 1886 saepe

189 1901 363 1933 numero
374 1890 614 1944 contingere
628 1889 838 1933 nonnullas
855 1890 1147 1934 Ecclefiassicas

186 1948 388 1990 'Personas
402 1946 442 1988 in
461 1947 648 1988 Romana
662 1946 812 1999 Curia,
838 1948 907 1991 vel
932 1959 1047 1990 extra
1065 1963 1151 1992 eam

190 2003 400 2060 litigantes
415 2032 430 2054 ‚
443 2015 488 2044 ac
501 2002 732 2047 definitivas
749 2002 962 2048 sententias
977 2030 992 2054 ‚
1006 2007 1046 2046 δι
1060 2008 1153 2047 eite-

190 2062 406 2106 eutoriales
422 2062 583 2106 litteras
609 2063 777 2117 desuper
793 2065 1023 2106 obtinentes
1038 2091 1053 2115 ‚
1083 2069 1153 2106 aut

189 2121 287 2164 alias
300 2123 449 2177 gratias
465 2122 769 2175 prosequentes,
783 2122 979 2165 Ecclefias
998 2125 1153 2164 Domo·

186 2192 275 2221 rum
293 2179 411 2221 vestri
435 2178 602 2219 Ordinis
619 2177 899 2229 Ecciefiastico
912 2181 1078 2232 supponi
1093 2178 1151 2220 fa-

183 2248 275 2278 cere
297 2234 545 2286 interdicto,
569 2234 719 2277 etiamsi
747 2236 903 2285 Civitas
931 2236 997 2278 seu
1019 2238 1148 2291 Oppi-

180 2293 301 2343 dum,
317 2293 355 2336 in
371 2306 452 2351 quo
471 2295 626 2335 Domus
650 2291 731 2350 ipsa
744 2293 923 2336 consistit
939 2321 954 2343 ‚
979 2293 1146 2337 minime

178 2350 479 2405 interdicatur3
501 2367 551 2395 ex
575 2365 657 2408 quo
673 2382 688 2404 ,
705 2354 791 2395 Vos
806 2381 821 2405 ,
851 2354 917 2409 qui
937 2352 1062 2396 solum
1090 2367 1142 2397 ex

180 2410 381 2455 Fidelium
395 2410 657 2466 eleemosynis
674 2413 820 2456 vietum
834 2414 1012 2469 quaeritis
1027 2438 1043 2461 ,
1059 2428 1140 2456 non

176 2483 318 2537 parum
332 2467 524 2527 suscipitis
537 2470 829 2516 detrimentum
842 2498 857 2523 ,
871 2485 964 2514 cum
981 2471 1141 2515 Fideles

175 2527 247 2584 ipfi
279 2527 331 2571 ad
355 2529 481 2573 dietas
508 2527 704 2573 Ecclefias
725 2560 742 2583 ,
775 2544 850 2587 pro
885 2531 1049 2573 Divinis
1066 2545 1141 2575 au-

178 2585 336 2632 diendis
359 2586 502 2631 officiis
525 2588 724 2633 accedere
747 2603 829 2633 non
855 2589 1058 2639 valentes,
1090 2592 1139 2634 ab

177 2659 318 2689 corum
333 2647 534 2691 consuetis
557 2646 844 2695 devotionibus
859 2676 875 2701 ‚
887 2649 924 2690 &
942 2650 1055 2692 vobis
1070 2650 1141 2694 fie-

179 2706 213 2749 ri
241 2704 369 2748 solitis
393 2705 659 2762 eleemosynis
685 2704 973 2753 retrahantur.
998 2711 1137 2762 Quare

178 2761 368 2820 praefatus
385 2763 563 2809 Carolus
576 2766 666 2810 Rex
682 2795 699 2819 ,
713 2766 784 2823 qui
795 2767 851 2807 ob
864 2767 1136 2823 exemplarem

175 2821 352 2865 vestrum
368 2820 528 2866 vivendi
543 2822 709 2867 modum
729 2852 744 2876 ‚
757 2822 807 2867 ad
821 2825 1020 2869 Ordinem
1035 2840 1137 2883 prae-

174 2879 326 2923 dictum
337 2907 353 2932 ,
382 2880 622 2937 singularem
649 2881 755 2937 gerit
782 2879 1013 2927 devotionis
1043 2883 1139 2926 affe-

175 2940 284 2983 Qum
297 2965 313 2990 2
334 2939 465 2984 Nobis
481 2937 694 2996 supplicari
711 2937 835 2994 fecit,
857 2952 903 2987 ut
916 2942 1138 2987 neceffitati

174 2999 313 3042 vestrae
327 2997 546 3054 providere
558 3027 573 3051 ,
597 2997 650 3042 de
661 2999 915 3054 benignitate
934 3002 1139 3056 Apostoli·

99 3076 101 3078 ·
176 3071 226 3101 ea
253 3056 512 3112 dignaremur
537 3085 551 3100 .
583 3061 668 3101 Nos
699 3055 924 3114 hujusmodi
962 3061 1137 3103 honestis

175 3115 528 3172 supplicationibus
542 3116 756 3167 inclinati,
773 3117 904 3160 Vobis
918 3146 934 3168 ,
960 3118 1069 3175 quod
1084 3118 1139 3162 de

176 3186 322 3219 eutero
334 3177 541 3232 perpetuis
558 3174 700 3220 futuris
714 3176 972 3232 temporibus
989 3177 1138 3220 Eccle-

177 3232 236 3276 ῆι
265 3236 497 3278 Domorum
522 3235 639 3278 vestri
671 3234 842 3278 Ordinis
866 3235 917 3277 ad
934 3232 1139 3291 cujuscun-

180 3291 1138 3409 2⁸:3³1532&ss“ffgffitssssffsssssszaffizz

181 3406 398 3453 Auditores
413 3410 616 3455 causarum
645 3413 759 3458 Sacri
776 3411 919 3456 Palatii
936 3441 951 3465 ,
978 3413 1044 3456 seu
1066 3426 1138 3455 eo-

181 3477 274 3507 rum
294 3466 630 3515 loea=tenentes
644 3498 660 3522 ‚
681 3482 749 3515 aut
761 3472 1020 3528 quoscunque
1033 3470 1136 3513 alios

176 3521 334 3589 Juflifes
346 3551 363 3576 ,
382 3527 446 3572 seu
460 3530 665 3573 ordinaria
677 3558 691 3582 ‚
709 3545 756 3574 ac
781 3531 903 3574 etiam
924 3558 940 3580 a
964 3530 1030 3573 nifi
1048 3539 1135 3571 tota

183 3583 339 3646 initas
351 3585 413 3628 vel
424 3589 630 3644 Oppidum
643 3617 658 3642 ,
675 3591 743 3634 ubi
760 3593 917 3634 Domus
932 3586 1136 3647 hujusmo-

182 3639 224 3681 ὼ
239 3641 410 3702 ‘³0¹¹‚s1st32
421 3669 436 3692 ⁵
449 3647 687 3701 Apostolicis
709 3649 1020 3693 auetoritatibus
1037 3676 1051 3698 ‚
1065 3658 1135 3690 aut

1966 188 2128 275 237

1229 307 1354 359 pofita
1367 333 1382 355 ‚
1397 300 1672 347 Ecclefiastico
1693 302 1934 355 supponatur
1948 307 2183 363 interdieto,

1229 362 1419 402 interdici
1432 373 1513 400 non
1527 357 1671 412 poffint
1682 386 1697 408 ,
1716 372 1763 398 ac
1778 360 1894 414 quod
1909 361 1950 402 in
1965 364 2021 403 eis
2035 365 2187 419 degen-

1228 428 1292 460 tes
1317 419 1480 458 Fratres
1508 414 1557 454 ad
1572 414 1689 469 iplius
1715 416 1918 458 interdicti
1945 418 2191 466 observatio.

1226 490 1322 519 nem
1337 472 1510 514 minime
1532 482 1777 516 teneantur:
1799 488 1874 517 nec
1903 488 2118 530 propterea
2133 482 2187 520 ir-

1227 533 1507 590 regularitatis
1532 533 1731 576 maculam
1762 543 1831 574 aut
1857 533 2011 589 aliquas
2032 535 2189 579 senten-

1227 594 1331 644 tias,
1342 593 1529 634 censuras
1546 593 1583 634 Sc
1595 606 1734 648 poenas
1747 592 1957 635 incurrere
1974 592 2181 647 debeant;

1222 651 1417 710 quodque
1429 651 1575 706 vobis(
1594 651 1816 694 dummodo
1835 650 1992 694 causam
2019 666 2099 695 non
2114 652 2186 693 de-

1220 712 1367 756 deritis
1382 710 1599 754 interdicto
1615 707 1914 767 hujusmodi)ut
1929 710 2055 766 januis
2070 719 2189 765 apen*

1221 773 1276 816 tis
1291 801 1306 824 ‚
1320 772 1359 812 δι
1374 770 1576 826 campanis
1590 769 1779 825 pulsatis,
1810 768 1944 813 Miffas
1958 771 1999 812 δε
2014 770 2096 812 alia
2114 770 2187 811 Di-

1221 832 1314 874 vina
1325 828 1457 872 officia
1470 829 1677 872 celebrare
1692 827 1856 871 valeatis
1868 859 1884 881 ‚
1902 828 1970 872 nifi
1993 826 2187 880 Persona,

1220 891 1271 934 ad
1287 889 1402 947 cujus
1417 888 1639 930 instantiam
1654 887 1911 930 interdictum
1926 887 2051 932 fuerit
2065 901 2189 945 appo—

1219 950 1335 992 fitum
1351 975 1366 998 2
1381 949 1420 990 in
1436 946 1586 989 eisdem
1600 946 1795 989 Domibus
1823 947 2064 1004 degentibus
2091 951 2185 992 Fra·

1219 1009 1347 1052 tribus
1366 1006 1418 1050 de
1432 1006 1639 1050 alimentis
1653 1006 1693 1048 ἀ
1706 1004 1794 1048 aliis
1823 1007 1942 1049 victui
1961 1005 2187 1050 necessariis

1218 1069 1339 1110 rebus
1370 1076 1654 1122 competenter
1680 1064 1890 1121 provideri
1912 1064 2056 1110 fecerit
2071 1095 2085 1118 ,
2120 1079 2191 1109 au-

1219 1128 1411 1170 &oritate
1430 1124 1665 1182 Apostolica
1682 1135 1823 1168 tenore
1849 1126 2104 1182 praesentium
2117 1125 2184 1167 in-

1222 1185 1471 1241 dulgemus,
1493 1199 1541 1228 ac
1565 1185 1774 1237 praesentes
1801 1200 1872 1241 per
1891 1184 2186 1242 quascunque.)

1222 1245 1319 1287 alias
1332 1242 1618 1287 concedendas
1633 1244 1793 1286 litteras
1818 1244 2068 1301 Apostolicas
2095 1242 2190 1287 nul·

1223 1304 1382 1346 latenus
1397 1301 1595 1357 suspensas
1610 1330 1625 1353 ,
1651 1314 1861 1346 revocatas
1875 1329 1890 1352 ,
1919 1301 1982 1344 seu
1997 1298 2190 1344 alteratas

1221 1361 1378 1414 censeri
1391 1388 1402 1401 .
1428 1362 1491 1402 Ac
1505 1388 1520 1411 ‚
1534 1361 1627 1417 quia
1640 1360 1807 1403 difficile
1832 1355 1958 1413 foret,
1975 1360 2188 1415 praesentes

1219 1422 1269 1465 ad
1286 1432 1529 1474 unaquaeque
1554 1420 1645 1461 loca
1658 1418 1812 1461 deferri
1828 1416 1935 1474 polle
1952 1450 1965 1470 ‚
1983 1420 2096 1476 quod
2117 1434 2187 1462 co-

1219 1493 1311 1524 rum
1346 1475 1604 1533 transumptis
1629 1504 1644 1528 ,
1673 1478 1808 1533 tigillo
1834 1477 2007 1534 alicujus
2036 1477 2183 1522 Perso-

1218 1553 1275 1583 nae
1288 1540 1365 1582 διε.
1383 1537 1615 1592 caterisque
1628 1535 1843 1581 contrariis
1866 1537 2183 1594 quibuscunque·

1334 1598 1487 1639 Datum
1521 1597 1663 1640 Romae
1674 1595 1783 1652 apud
1813 1597 1999 1639 Sanctum
2020 1598 2185 1640 Petrum

1217 1656 1283 1699 sub
1298 1656 1463 1700 Annulo
1488 1655 1632 1697 Piscat.
1659 1654 1726 1696 die
1743 1667 1816 1698 xst
1835 1655 2002 1710 11.Julii
2017 1669 2182 1700 mcxix.

1214 1712 1480 1758 Pontificatus
1495 1714 1619 1757 nostri
1633 1716 1757 1757 Anno
1770 1714 1955 1768 Septimo
1973 1745 1982 1754 .

1271 1832 1493 1885 Rodriquez
1531 1832 1574 1872 in
1606 1829 1761 1874 Collcfl.
1770 1829 1963 1886 privileg.
1980 1832 2065 1889 fil.
2082 1844 2102 1884 3
2120 1843 2182 1882 ¹4·

1330 1888 1546 1943 Wadding.
1563 1898 1602 1930 to
1608 1903 1656 1929 m.
1667 1904 1677 1931 i
1687 1890 1728 1930 6.
1737 1889 1879 1932 Annal.
1885 1889 2073 1947 f0·'·527·
2081 1892 2184 1931 Con·

1316 1949 1475 2009 sete-in
1488 1949 1571 1991 coll.
1587 1946 1777 2006 sol-155.

1211 2181 1531 2248 Indulgentias
1587 2180 1845 2232 Ordinibus
1910 2181 2182 2233 Mendican·

1278 2252 1393 2299 tium
1407 2286 1423 2308 ,
1446 2251 1661 2300 videlicet
1681 2253 2033 2303 Praedicatorum
2053 2288 2069 2311 ,
2087 2255 2180 2302 Mi-

1277 2338 1443 2369 norum
1459 2359 1472 2378 ‚
1495 2324 1804 2371 eremitarum
1840 2328 1887 2373 S.
1904 2323 2178 2392 Augustini,

1276 2394 1916 2450 carmelitarum‚Servorum
1937 2399 2058 2444 B.V.
2078 2397 2179 2443 Ma-

1274 2464 1365 2518 riae,
1381 2482 1433 2512 ac
1452 2464 1761 2514 Minimorum
1780 2465 1856 2513 vel
1876 2465 2178 2529 conjunctim,

1270 2535 1343 2583 vel
1359 2532 1541 2583 divifim
1559 2532 1781 2584 concessas
1795 2533 2056 2584 confirmat:
2082 2537 2178 2584 illa·

1271 2622 1376 2654 rum
1401 2607 1516 2655 inter
1551 2606 1697 2654 dictos
1729 2605 1933 2655 Ordines
1965 2623 2177 2655 commu·

1272 2678 1546 2726 nicationcm
1583 2676 1833 2725 concedit:
1882 2694 1936 2725 ac
1974 2680 2174 2735 fratres,

1268 2748 1496 2797 Moniales
1514 2746 1607 2800 &c.
1630 2746 1948 2817 Indulgentias
1967 2746 2174 2798 Ecclefiae

1268 2814 1346 2867 seu
1365 2821 1542 2869 Domui
1580 2822 1712 2868 B.V.
1741 2820 1903 2869 Mariae
1928 2818 1984 2868 de
2006 2819 2171 2873 Urbe,

1266 2883 1339 2937 seu
1376 2887 1433 2938 de
1462 2889 1638 2956 populo
1671 2887 1898 2936 concessas
1923 2890 1967 2936 in
2009 2907 2170 2938 eorum

1266 2956 1662 3007 Ecclefiislucrari
1679 2954 1798 3023 poffe
1827 2956 2062 3016 declarat,
2095 2957 2166 3007 sae·

1268 3028 1498 3077 cularibus
1532 3026 1588 3076 ab
1624 3024 1888 3089 hujusmodi
1930 3029 2167 3097 privilegii

1265 3095 1522 3148 extenfione
1553 3096 1772 3147 exclusis.

1337 3227 1536 3277 LEO
1608 3230 1887 3278 PAPA
1960 3230 2028 3278 X.

1314 3354 1384 3398 Ad
1396 3362 1635 3412 perpetuam
1681 3357 1742 3400 rei
1753 3355 1755 3358 ’
1776 3358 2011 3400 Memoriam
2023 3386 2038 3400 .

1319 3472 1458 3517 Udum
1474 3489 1545 3531 per
1567 3477 1655 3517 Nos
1671 3482 1858 3528 accepto,
1872 3473 1979 3527 quod
2008 3474 2161 3515 Roma-

1347 3533 1386 3575 ni
1415 3531 1631 3575 Pontifices
1664 3531 1974 3575 Praedeceffores
2006 3533 2159 3581 nostri,

1196 3590 1321 3644 aliqui
1351 3590 1402 3631 ad
1429 3593 1636 3634 Minorum
1653 3591 1747 3641 ‚alii
1773 3591 1936 3635 veroad
1957 3593 2157 3634 Ereinita-

1195 3662 1286 3689 rum
1303 3652 1343 3691 S.
1360 3649 1597 3705 Augustini,
1611 3649 1677 3691 alii
1694 3650 1744 3692 ad
1773 3652 1818 3692 Β.
1836 3651 1974 3692 Mariae
1990 3650 2042 3691 de
2056 3653 2155 3690 Car·

179 3711 229 3764 ex
244 3697 398 3763 speciali
412 3706 694 3755 commistione,
711 3722 829 3751 manu
845 3709 1009 3764 propria
1026 3709 1132 3749 Pon·
1192 3707 1302 3748 melo
1316 3735 1330 3758 ‚
1346 3706 1490 3760 reliqui
1508 3709 1559 3751 ad
1577 3708 1897 3751 Praedieatorum
1914 3709 2154 3751 ordinum)

180 3754 301 3798 tificis
318 3754 462 3812 fignata
475 3788 492 3811 ,
515 3763 607 3810 &in
621 3767 782 3820 publica
810 3767 1010 3823 signatura
1031 3780 1128 3823 pro·
1189 3767 1350 3808 fratres
1366 3767 1405 3808 δι
1422 3769 1575 3810 Domos
1589 3794 1603 3817 ‚
1617 3766 1730 3825 juxta
1757 3769 1936 3824 ipsorum
1973 3775 2065 3809 vota
2082 3763 2154 3801 de-

431 3833 452 3853 Ο

2030 3831 2096 3861 VO-
