2444 4192
775 159 936 243 Sub
997 161 1309 246 'Urbano
1384 162 1465 247 V
1483 158 1526 243 J
1538 157 1579 241 l
1595 156 1646 238 I.

249 319 366 372 super
380 309 578 369 praemiffis
591 309 702 353 edita
715 303 937 360 fundandi,
951 316 1160 369 erigendi,
1178 318 1218 358 &

249 370 759 426 instituendi,importunis
780 370 992 422 precibus,
1013 374 1078 418 set,
1093 376 1217 416 etiam

239 438 368 478 Motu
383 430 554 486 proprio
569 458 584 482 ‚
610 429 672 472 vel
687 428 784 470 alias
796 428 973 470 obtentae
987 456 1002 479 ,
1027 433 1066 472 &c
1080 442 1216 474 exton-

251 504 301 535 ιε
315 489 467 532 fuerint
481 502 494 532 ε
512 487 674 532 {dcirco
687 489 934 537 mosomum,
950 488 990 527 &
1003 490 1214 543 quascum-

248 563 329 607 que
344 549 524 592 licentiss
541 576 555 599 ‚
575 561 618 590 ac
639 545 853 589 facultates
876 542 1104 600 hujusmodi
1122 572 1136 595 ‚
1164 545 1216 586 li-

247 607 431 665 terasque
443 605 613 661 desuper
626 617 706 649 tam
716 603 789 647 sub
803 602 969 660 plumbo
979 629 994 652 s
1025 606 1146 660 quam
1175 602 1215 643 in

2015 168 2180 275 389

1278 311 1495 359 verificare
1509 341 1524 364 ,
1553 322 1626 355 aut
1637 313 1864 368 quicunque
1878 313 1914 355 in
1929 320 2124 368 praemiffis
2139 323 2239 363 inte-

1276 374 1373 417 ress'e
1388 374 1578 413 habentes
1591 398 1606 420 ‚
1622 371 1687 412 seu
1703 371 1851 412 habere
1868 375 2170 426 praetendentes,
2185 381 2236 419 ad

1273 433 1353 475 hoc
1372 428 1536 474 vocati,
1548 430 1692 478 citati,
1705 428 1746 468 δι
1758 428 1885 469 auditi
1903 443 1982 471 non
2000 431 2162 481 fuerint,
2176 449 2240 475 ne.

1274 501 1352 546 que
1365 486 1446 527 illis
1459 484 1736 528 consenserint
1751 513 1766 537 ,
1793 487 1859 529 vel
1875 488 1973 529 aliis
1987 502 2035 529 ex
2049 502 2242 543 quocum-

1275 561 1352 604 que
1366 543 1499 597 capite
1515 571 1528 593 ,
1544 555 1739 599 praetextu
1750 570 1765 593 ,
1779 545 1917 589 colore
1932 573 1946 597 ‚
1964 547 2121 602 ingenio
2134 575 2149 597 ,
2169 547 2242 589 vel

1275 604 1392 647 causa
1406 602 1457 643 de
1471 599 1765 660 subreptionis,
1789 604 1852 648 vel
1865 604 2118 660 obreptionis
2131 633 2145 656 ‚
2178 606 2243 646 seu

249 667 471 722 hujusmodi
485 663 616 708 forma
630 664 766 708 Brevis
776 663 946 719 desuper
969 661 1180 720 expeditas
1195 690 1211 711 ,
1270 660 1467 706 nullitatis
1485 661 1585 704 vitio
1601 691 1615 714 ‚
1649 673 1715 706 aut
1747 663 1982 706 intentionis
2014 663 2153 705 nostrae
2175 662 2243 705 vel

248 740 466 782 earumque
479 735 643 768 tenores
667 723 789 767 ctiam
818 723 1022 772 veriores,
1047 723 1088 764 ἂι
1115 720 1209 761 Dat.
1269 722 1353 764 alio
1366 720 1510 776 quovis
1525 720 1684 764 deseftu
1701 724 1864 775 notari,
1890 723 2145 776 impugnari,
2178 734 2241 762 re-

250 785 513 842 praesentibus
527 813 542 834 ‚
575 797 621 828 ac
646 783 670 826 fi
686 778 890 840 specificis,
922 784 960 824 &
975 780 1210 839 fingillatim
1269 780 1413 835 dargui
1426 805 1441 826 ‚
1455 774 1618 835 infringi
1634 809 1648 833 ‚
1663 783 1888 831 retraetari,
1901 783 1939 824 in
1954 780 2041 832 ius,
2058 780 2124 823 vel
2140 794 2240 822 con·

244 905 285 946 a<
300 839 1211 956 iamsi}325‘5535050’1832132225’

750 928 764 952 ‚
1195 919 1214 928 -

247 963 300 1005 tis
315 961 521 1010 habentes,
534 959 637 1016 justis
651 960 704 1003 de
712 957 835 1004 caufis
848 960 1023 1003 animum
1035 957 1215 1002 nostrum

245 1019 525 1071 moventibus,
537 1024 654 1063 Motu
672 1017 861 1075 proprio,
878 1032 959 1062 non
973 1018 1025 1061 ad
1041 1015 1216 1071 alicujus

244 1079 381 1123 Nobis
407 1076 525 1133 {uper
555 1079 634 1120 hoc
663 1077 806 1121 oblatae
836 1078 1048 1136 petitionis
1072 1074 1219 1120 instan-

244 1138 344 1180 tiam
359 1165 373 1190 ‚
388 1134 454 1179 sed
474 1149 523 1179 ex
538 1147 648 1178 certa
661 1136 824 1179 scientia
838 1165 853 1188 ‚
879 1151 926 1180 ac
944 1145 1100 1178 matura
1113 1131 1217 1177 deli-

243 1195 460 1239 beratione
485 1194 632 1236 nostris
647 1219 662 1242 ‚
690 1198 823 1250 deque
837 1194 1078 1250 Apostolicoe
1103 1202 1219 1249 pote·

243 1252 355 1299 statis
371 1250 627 1307 plenitudine
639 1263 782 1294 omnes
795 1279 811 1303 ‚
838 1254 879 1293 δι
893 1249 1150 1307 quascunque
1166 1251 1217 1292 li-

237 1310 408 1357 ‘ccntias
423 1338 438 1363 ,
450 1310 490 1351 δι
505 1307 718 1353 facultates
734 1308 986 1365 hujusmodi,
1002 1307 1218 1363 literasque

242 1370 420 1427 desuper
444 1370 528 1411 tam
543 1370 612 1414 sub
630 1367 844 1421 plumbo«,⁵
860 1368 984 1425 quim
1008 1367 1048 1410 in
1077 1366 1218 1410 eadem

246 1429 377 1472 forma
389 1427 528 1471 Brevis
539 1426 748 1484 expeditas
765 1453 780 1476 ‚
810 1427 1024 1483 omniaque
1036 1455 1051 1478 ‚
1069 1427 1112 1468 δι
1137 1423 1211 1467 fin·

247 1488 341 1547 gula
367 1488 409 1529 in
431 1486 488 1529 eis
502 1483 812 1542 quomodolibet
837 1493 1057 1535 contenta,
1081 1486 1122 1527 δι
1145 1496 1218 1526 ex-

245 1544 370 1605 pressa
386 1571 402 1595 s
430 1545 555 1589 etiam
578 1543 714 1600 quoad
735 1542 954 1586 erectiones
969 1571 985 1595 ,
1011 1539 1218 1587 fundanio.

247 1620 319 1650 nes
334 1633 348 1662 ,
360 1606 402 1647 δι
416 1603 682 1647 institutiones
701 1601 1038 1649 Monafleriorum
1049 1629 1063 1654 ,
1078 1600 1220 1645 Colle.

247 1668 407 1722 giorum
423 1688 437 1712 ‚
448 1663 671 1704 Domorum
685 1690 701 1712 ,
717 1663 1005 1703 Conventuum
1022 1689 1037 1711 ,
1062 1661 1104 1702 δι
1117 1659 1218 1702 alio-

248 1736 339 1768 rum
364 1720 614 1778 regularium
641 1719 827 1763 locorum
851 1717 1073 1772 hujusmodi
1090 1747 1105 1770 ,
1133 1731 1218 1775 quae

249 1782 361 1829 suum
374 1778 555 1823 nondum
578 1777 730 1822 sortite
759 1777 849 1821 sunt
865 1776 1048 1821 effectum
1063 1805 1077 1828 ,
1105 1787 1220 1820 teno-

250 1835 1222 1952 ἱξωῗξῗὲἱῒὲἐηῗξὶξ’ἳιέἳῖοἱῖἴῖῗηζῗῖἱῑῑῑξῧὶ

179 1975 183 1979 ’
254 1972 330 2016 que
344 1959 384 2000 δι
402 1956 544 1999 effectu
562 1953 720 2012 prorsus
735 1967 990 1997 evacuamus.

365 2010 1226 2062 PraetercsOrdinum‚etiamMedicantium‚

252 2078 458 2131 congreg.
473 2099 488 2126 ,
503 2070 814 2120 societatum&
826 2070 998 2115 sliorum
1015 2068 1225 2114 instituto-

252 2147 344 2179 rum
359 2131 612 2189 regularium
627 2130 906 2186 Superioribus
921 2155 936 2178 ,
966 2142 1225 2185 quocumque

249 2192 417 2238 nomine
428 2190 671 2244 nuncupatis
687 2214 702 2238 ‚
715 2185 944 2241 ceterisque
959 2186 1155 2240 personis,
1170 2186 1220 2228 ad

249 2263 355 2310 qnos
367 2244 544 2308 spediat,
561 2247 602 2288 in
619 2246 773 2289 virtute
801 2245 934 2288 sanctie
957 2245 1224 2295 obedientie,

249 2322 299 2355 sc
315 2308 386 2353 sub
397 2304 638 2365 privationis
669 2304 780 2349 vocis
808 2304 940 2347 afflroe
955 2331 968 2355 ,
988 2304 1028 2346 δε
1041 2303 1219 2361 pamm,

250 2381 410 2412 necnon
425 2364 654 2409 officiorum
669 2376 1001 2420 quorumcunque
1015 2393 1028 2415 ,
1042 2377 1090 2406 sc
1108 2365 1221 2406 inha-

252 2425 426 2471 bilitatis
439 2423 576 2468 ati-ills
587 2450 603 2475 ‚
633 2424 674 2467 δι
687 2422 764 2466 alia
776 2423 816 2466 in
829 2419 1012 2466 futurum
1027 2423 1221 2466 obtinen-

249 2486 302 2530 da
317 2511 333 2538 ‚
356 2497 514 2537 necnon
537 2483 661 2528 etiam
683 2480 1103 2526 excommunicationis
1135 2481 1220 2539 ipso

249 2544 359 2589 fado
381 2541 634 2589 incurrendis
659 2541 791 2599 poenis
820 2539 1101 2584 interdicimus
1125 2569 1140 2592 ‚
1182 2541 1220 2582 δι

247 2602 526 2664 prohibemus,
537 2614 589 2645 ne
603 2600 856 2644 licentiarum
869 2625 884 2649 2
899 2596 964 2643 scu
978 2597 1221 2643 facultatum

247 2666 321 2721 per
335 2663 451 2716 Non
462 2670 507 2705 ut
524 2659 732 2717 prefertur
743 2686 759 2711 ‚
771 2669 1055 2703 revocatarum
1068 2685 1083 2707 s
1098 2662 1135 2702 ει
1150 2671 1220 2700 an·

250 2719 503 2779 nullatarum
519 2745 534 2770 ,
557 2715 647 2760 ἧκ’
663 2716 745 2760 alio
768 2717 915 2773 quovis
939 2727 1139 2774 pretextu
1157 2717 1221 2761 rel

250 2779 368 2824 eaust
379 2801 395 2827 2
426 2777 550 2820 eriam
562 2777 820 2832 quantumvis
836 2776 1094 2836 privilegiata
1105 2805 1120 2827 ‚
1146 2790 1220 2819 no-

252 2833 556 2883 vazmmasterin
571 2861 586 2886 ,
600 2833 792 2886 collegia
805 2860 820 2882 ‚
835 2835 1007 2887 Bomos,
1023 2836 1219 2877 Conven-

253 2908 347 2947 tus,
375 2894 415 2936 δι
439 2893 518 2937 alia
532 2893 622 2934 loca
637 2891 836 2948 regularia
857 2889 1116 2947 huiusmodi,
1149 2889 1215 2934 nili

252 2954 306 2999 de
315 2948 491 3009 exprefl'a
500 2948 810 2994 Ordinsriorum
822 2949 983 2995 licentia
995 2977 1011 3002 ‚
1023 2963 1075 2993 se
1085 2949 1218 3005 serra-

255 3011 297 3057 ta
310 3013 352 3055 in
367 3010 583 3066 omnibus,
608 3008 647 3050 δε
673 3020 745 3065 per
768 3011 903 3052 omnia
919 3008 1122 3059 sacrorum
1139 3011 1222 3051 Ca-

255 3084 406 3116 nonum
419 3096 436 3119 ‚
466 3069 507 3111 Gt
530 3068 661 3110 Cone.
677 3066 863 3110 Trident.
880 3080 1040 3111 necnon
1054 3067 1219 3112 Consti·

254 3129 425 3187 tutionis
452 3126 524 3172 fel.
547 3124 710 3170 record.
734 3126 961 3170 Clementis
985 3127 1103 3169 vlu.
1133 3139 1220 3184 quae

254 3186 447 3247 insipit(
461 3187 654 3244 quoniam
679 3182 731 3226 ad
749 3184 999 3240 institutam)
1023 3183 1092 3226 sub
1123 3186 1221 3229 Dat.

256 3247 398 3292 Rome
418 3245 521 3304 apud
537 3244 723 3290 Sannum
750 3246 929 3288 Marcum
959 3242 1029 3285 sub
1057 3243 1221 3287 Annulo

259 3301 469 3365 PtTeatoris
482 3304 548 3348 die
563 3302 765 3359 xxiii-julii
781 3318 829 3346 M.
850 3317 975 3348 ocni.
1002 3316 1047 3345 ac
1069 3303 1221 3346 Decre-

262 3357 400 3418 torum
410 3363 464 3410 de
475 3363 669 3407 mandato
687 3360 862 3417 eiusdem
872 3361 1119 3412 Clementis,
1130 3366 1234 3405 nec*

259 3434 345 3467 non
357 3415 442 3464 (iun
455 3435 530 3466 me.
542 3420 737 3478 Gregorii
750 3424 844 3466 XV.
855 3422 974 3464 Rom.
986 3422 1106 3463 Pont.
1120 3421 1221 3464 Prae·

260 3476 687 3536 deceffisrumdefiiper
699 3481 903 3524 editorum
917 3481 1051 3523 forma
1066 3479 1222 3534 recipe-

261 3553 306 3582 re
319 3537 408 3590 ,eri
430 3540 434 3546 “
459 3551 530 3591 re,
550 3537 745 3593 fundare,
770 3539 835 3584 seu
850 3541 947 3583 alias
961 3536 1220 3596 quomodoli-

262 3602 332 3641 bet
347 3597 387 3638 in
423 3595 574 3655 ituci-e,
596 3597 660 3641 sen
674 3599 834 3656 incepta
847 3599 964 3643 linire
979 3627 994 3650 ‚
1027 3599 1067 3640 δι
1092 3596 1220 3640 absol-

262 3669 358 3699 vere
373 3652 549 3697 audeant
562 3683 578 3707 ,
607 3657 672 3700 seu
692 3658 926 3714 praesumant
941 3688 952 3700 .
988 3659 1220 3701 Decernen·

261 3728 323 3760 tes
334 3712 542 3770 praesentes
555 3710 849 3765 litteraaetiam
862 3734 910 3762 ex
924 3732 991 3768 e0,
1002 3715 1111 3773 quod
1125 3730 1221 3757 cau·

262 3776 306 3817 sae
322 3803 335 3827 ,
349 3781 518 3830 propter
527 3785 626 3828 quas
647 3772 724 3817 illae
738 3776 963 3820 emanarint
976 3803 990 3826 2
1012 3773 1216 3834 expreffae,

1273 840 1508 882 troversiam
1526 841 1678 892 vocari,
1693 841 1743 884 ad
1758 842 1953 884 terminos
1965 840 2063 898 juris
2075 839 2244 889 reduci,

1274 909 1342 940 aut
1361 907 1510 940 contra
1523 911 1591 940 eas
1606 899 1780 955 quodvis
1794 900 1931 956 gratiae
1942 926 1958 948 ‚
1991 900 2059 942 vel
2087 897 2245 954 justitiae

1274 956 1497 1001 remedium
1528 958 1764 1013 impetrari,
1794 957 1859 1001 seu
1888 957 2055 1000 concedi
2072 956 2245 1007 nullate-

1275 1030 1348 1061 nus
1362 1014 1494 1071 polse,
1508 1016 1573 1060 sed
1589 1030 1670 1067 eas,
1682 1031 1727 1060 ac
1741 1018 1894 1066 omnia,
1909 1019 1948 1059 δι
1963 1016 2112 1071 lingula
2133 1016 2171 1056 in
2185 1015 2245 1056 eis

1275 1086 1471 1120 contenta
1483 1076 1635 1131 semper
1659 1077 1699 1118 ἃ
1712 1078 1910 1133 perpetuo
1927 1076 2057 1117 valida
2073 1105 2084 1123 ‚
2097 1072 2215 1115 firma
2230 1101 2246 1123 ‚

1275 1138 1316 1178 &
1333 1134 1511 1178 efficacia
1526 1132 1631 1187 ell'e,
1645 1136 1686 1177 δι
1698 1133 1791 1179 fore
1804 1164 1819 1188 ,
1836 1134 2000 1191 suosque
2016 1134 2221 1190 plenarios
2233 1157 2248 1180 ,

1277 1195 1510 1250 &integros
1525 1192 1687 1236 effectus
1701 1192 1833 1238 sortiri
1848 1221 1863 1242 ,
1886 1196 1926 1236 &
1951 1195 2139 1236 obtinere
2158 1216 2174 1239 s
2201 1204 2249 1232 ac

1279 1255 1329 1295 ab
1346 1254 1531 1295 omnibus
1545 1281 1559 1304 ‚
1573 1255 1614 1295 ἀ
1627 1253 1788 1308 lingulis
1802 1282 1818 1308 ,
1830 1254 1881 1294 ad
1897 1267 1999 1309 quos
2016 1251 2165 1307 spectat
2181 1277 2194 1299 ‚
2207 1249 2249 1288 &-

1280 1325 1355 1366 pro
1368 1322 1552 1366 tempore
1567 1312 1872 1366 quomodolibet
1886 1311 2076 1365 spectabit
2092 1338 2106 1359 ,
2121 1311 2254 1350 invio-

1279 1369 1460 1411 labiliter
1473 1367 1717 1419 observari,
1742 1370 1872 1424 sicque
1885 1371 1925 1410 δι
1940 1382 2018 1409 non
2034 1369 2159 1409 aliter
2176 1380 2246 1419 per

1276 1425 1706 1485 quoscunqueJudices
1718 1427 1964 1472 ordinarios,
1975 1428 2013 1468 δι
2027 1427 2254 1480 delegatos,

1277 1486 1402 1530 etism
1424 1483 1635 1529 causarum
1663 1486 1805 1529 Palatii
1837 1485 2062 1542 Apostolici
2081 1485 2254 1528 Audito-

1279 1557 1368 1594 res,
1385 1557 1431 1586 sc
1445 1545 1485 1587 S.
1500 1543 1550 1602 R?
1569 1545 1618 1587 Ε.
1633 1546 1874 1588 cardinales
1891 1573 1905 1596 ,
1919 1547 2043 1586 etiam
2062 1546 2114 1587 de
2129 1544 2254 1586 latere

1281 1606 1458 1659 Legatos
1479 1630 1493 1655 ‚
1518 1604 1559 1645 δι
1573 1602 1787 1648 Νυοεὶος·,
1808 1604 1949 1659 quavis
1973 1604 2253 1646 aueloritatea

1279 1660 1667 1718 fungentefflsublata
1683 1662 1755 1712 eis,
1768 1663 1809 1704 δι
1821 1675 1963 1705 eorum
1973 1662 2142 1705 cuilibet
2159 1675 2257 1716 qua-

1278 1722 1339 1765 vis
1373 1720 1492 1763 aliter
1515 1720 1723 1776 judicandi
1755 1752 1771 1774 ,
1805 1723 1846 1763 &
1874 1720 2168 1777 interpretandi
2198 1716 2258 1760 sa·

1279 1780 1429 1824 cultate
1461 1781 1499 1822 δι
1531 1781 1772 1823 auctoritate
1789 1779 1957 1832 judicari
1971 1807 1987 1829 ,
2017 1782 2057 1820 δι
2089 1776 2254 1820 diffiniri

1279 1840 1433 1882 debere
1447 1864 1461 1888 ,
1486 1850 1532 1878 ac
1548 1838 1704 1879 irritum
1719 1866 1733 1890 ,
1758 1840 1795 1879 δι
1813 1840 1928 1880 inane
1942 1866 1957 1888 ‚
1972 1837 1997 1878 fi
2015 1836 2127 1879 secus
2140 1836 2253 1890 super

1282 1898 1343 1942 his
1371 1898 1391 1939 ὶ
1406 1909 1607 1952 quoquam
1628 1898 1769 1952 quavis
1794 1895 2039 1939 auctoritate
2053 1894 2254 1941 scienter,

1286 1956 1350 2002 vel
1380 1954 1613 2010 ign’oranter
1641 1956 1857 2010 contigerit
1884 1954 2078 1998 attentari
2095 1981 2106 1992 .
2137 1957 2260 2012 (ζωο-

1285 2018 1394 2058 circa
1423 2012 1732 2055 Venerabilibus
1762 2013 1965 2055 Fratribus
1994 2013 2232 2055 Patriarchis
2247 2037 2262 2060 a

1287 2069 1610 2127 Archiepiscopis
1623 2098 1639 2122 ‚
1658 2068 1887 2127 Epist-opis,
1911 2073 1952 2114 &
1965 2070 2054 2112 aliis
2072 2070 2256 2111 locorum

1285 2130 1510 2174 Ordinariis
1537 2141 1608 2186 per
1630 2127 1836 2185 presentes
1862 2128 2157 2173 committimus
2172 2154 2186 2176 ‚
2215 2129 2255 2170 δε

1283 2189 1517 2234 mandamus
1530 2199 1751 2243 ,quatenus
1765 2190 1851 2245 ipsi,
1863 2190 1928 2233 vel
1942 2189 2025 2232 duo
2038 2214 2052 2236 2
2068 2198 2135 2230 sut
2153 2200 2257 2230 unus

1282 2262 1425 2292 eorum
1442 2260 1516 2304 per
1534 2245 1570 2288 se
1590 2275 1603 2298 ,
1622 2247 1684 2290 vel
1702 2247 1826 2290 alium
1843 2277 1856 2300 ,
1888 2247 1952 2291 seu
1967 2248 2068 2289 alios
2089 2246 2259 2302 praesen-

1283 2319 1342 2352 tes
1353 2308 1513 2355 literas,
1530 2307 1567 2348 &
1584 2306 1623 2348 in
1639 2308 1694 2349 eis
1709 2317 1902 2350 contenta
1917 2320 2179 2362 quaecumque
2194 2302 2257 2346 so·

1284 2366 1477 2412 lemniter
1503 2366 1754 2420 publicantes
1771 2394 1784 2416 ,
1809 2363 1955 2408 faciant
1973 2366 2061 2408 illas
2076 2391 2090 2413 ,
2118 2366 2158 2406 &
2180 2363 2254 2406 illa

1280 2428 1329 2472 ab
1339 2427 1526 2468 omnibus
1538 2426 1602 2476 ,ec
1620 2423 1778 2480 lingulis
1794 2452 1808 2474 ‚
1834 2426 1883 2466 ad
1895 2438 1992 2481 quos
2007 2423 2155 2478 spectat
2169 2452 2184 2474 ‚
2212 2422 2252 2463 δε

1282 2500 1356 2543 pro
1372 2496 1556 2539 tempore
1570 2483 1757 2539 spectabit
1772 2512 1787 2535 ‚
1819 2483 2107 2526 inviolabiliter
2121 2482 2254 2522 obser.

1283 2544 1394 2597 vari,
1421 2542 1747 2592 contudietores
1762 2542 1969 2598 quoslibet
1986 2569 2001 2592 ‚
2024 2542 2065 2582 δι
2082 2540 2255 2582 rebelles

1283 2618 1356 2663 per
1371 2599 1557 2647 censuras
1570 2630 1586 2653 ,
1601 2602 1792 2659 &poenas
1811 2599 2103 2645 Eeclessasticas
2117 2624 2132 2647 ‚
2158 2597 2254 2639 alia-

1281 2677 1358 2720 que
1373 2669 1608 2718 opportuna
1623 2660 1717 2715 juris
1730 2689 1743 2711 ,
1756 2662 1797 2702 δι
1811 2658 1901 2702 fani
1920 2658 2100 2702 remedia
2114 2656 2255 2712 appel-

1282 2723 1437 2767 latione
1467 2719 1678 2776 postposita
1702 2717 2003 2772 compescendo
2027 2744 2042 2766 ‚
2063 2716 2253 2758 invocato

1278 2783 1401 2825 etiam
1418 2779 1468 2823 ad
1486 2779 1564 2822 boc
1580 2808 1596 2829 ,
1609 2777 1633 2821 fi
1647 2791 1751 2832 opus
1766 2775 1891 2821 fuerit
1903 2805 1918 2827 ‚
1931 2775 2081 2819 auxilio
2098 2774 2253 2817 brachii

1276 2838 1471 2885 saecularis
1484 2865 1495 2875 .
1526 2839 1621 2880 Non
1635 2835 1887 2878 obstantibus
1902 2833 2116 2891 praemiffis,
2128 2831 2174 2873 'ac
2188 2845 2255 2874 re-

1277 2898 1371 2955 gula
1386 2893 1520 2938 nostra
1544 2894 1598 2936 de
1625 2892 1711 2947 iure
1733 2891 1898 2949 quaelito
1935 2905 2018 2934 non
2041 2889 2252 2939 tollendo,

1276 2959 1317 3000 δι
1340 2968 1397 2999 re:
1424 2965 1511 2996 me:
1536 2950 1728 2995 Bonifacii
1759 2953 1871 3006 Papa·
1905 2949 2027 2991 vlu.
2066 2946 2250 2990 [imiliter

1280 3009 1576 3059 Praedecell’oris
1592 3007 1715 3051 nostri
1742 3007 1796 3060 de
1806 3021 1910 3058 una,
1942 3008 1978 3049 &
2009 3007 2047 3048 in
2060 3006 2251 3048 Concilio

1280 3069 1454 3128 generali
1470 3069 1581 3112 edita
1598 3068 1650 3110 de
1665 3066 1817 3109 duabus
1844 3065 1961 3108 dietis
1975 3094 1990 3116 ,
2021 3063 2251 3108 dummodo

1281 3131 1388 3174 ultra
1417 3133 1503 3173 tres·
1515 3128 1644 3171 dietas
1658 3126 1801 3183 aliquis
1821 3124 2061 3168 austeritate
2082 3123 2250 3176 presen—

1281 3191 1383 3234 tium
1409 3188 1459 3232 ad
1487 3185 1680 3244 judicium
1707 3199 1788 3228 non
1803 3187 1989 3228 trahatur
2003 3208 2017 3230 ,
2047 3178 2250 3237 aliisqug,

1280 3245 1649 3293 constitutionibus
1679 3274 1695 3296 ,
1725 3246 1766 3287 ἃ,
1796 3240 2119 3286 ordinationibus
2136 3243 2250 3296 Apo-

1280 3306 1432 3352 stolicis
1444 3332 1459 3355 ‚
1489 3321 1536 3349 sc
1551 3317 1789 3362 quorunque
1803 3301 2003 3346 Ordinum
2018 3328 2034 3350 ,
2059 3301 2250 3356 Congre-

1281 3367 1488 3422 gationum
1501 3391 1516 3415 ‚
1547 3363 1798 3408 Societatum
1824 3389 1839 3412 ‚
1869 3362 1909 3401 δι
1942 3359 2217 3402 institutorum
2231 3389 2247 3410 ,

1281 3425 1564 3479 Regularium‚
1575 3422 1698 3465 etiam
1712 3420 1959 3477 juramento,
1974 3416 2248 3461 confirmatio-

1281 3499 1329 3527 ne
1345 3482 1574 3537 Apostolica
1590 3510 1605 3533 ‚
1620 3480 1682 3523 vel
1696 3479 1832 3533 quavis
1846 3477 2039 3519 firmitate
2065 3475 2144 3518 alia
2178 3490 2244 3517 ro·

1278 3542 1426 3585 boratis
1442 3541 1612 3584 Statutis
1628 3568 1643 3590 ,
1656 3540 1695 3580 &
1709 3535 2060 3580 confinetudinibus
2077 3564 2091 3587 ‚
2110 3535 2241 3578 Privi-

1278 3601 1393 3657 legiis
1406 3613 1564 3658 quoque
1577 3596 1762 3648 indultis,
1776 3597 1898 3640 etiam
1912 3598 2024 3639 Mare
2040 3606 2241 3647 magnum,

1277 3662 1343 3702 vel
1362 3659 1457 3702 aliis
1473 3656 1781 3714 quomodolibet
1796 3656 2035 3712 nuncupatis
2047 3682 2060 3703 ‚
2088 3655 2127 3693 &
2148 3653 2238 3692 lite-

1280 3719 1336 3761 ris
1352 3716 1597 3774 Apostolicis
1614 3744 1628 3767 ,
1657 3715 1737 3758 illis
1749 3745 1763 3767 ‚
1785 3728 2004 3771 eorumque
2019 3707 2238 3764 Superiori-

1279 3778 1350 3821 bus
1363 3809 1379 3831 ,
1393 3780 1433 3821 δι
1448 3773 1625 3834 personis
1639 3771 1709 3818 sub
1721 3773 2022 3832 quibuscunque
2037 3766 2235 3865 ‘ggii-{us
