2444 4192
426 143 591 225 280
1004 141 1168 231 Sub
1234 143 1309 232 S.

336 315 412 358 per
436 302 603 345 modum
629 301 768 347 statuti
780 304 963 360 perpetui
978 331 993 355 ‚
1021 305 1145 348 etiam
1162 310 1275 345 motu
1291 332 1307 354 ,

339 361 383 402 δι
398 362 556 404 scientia
569 361 762 406 fimilibus
774 390 790 414 ,
819 378 867 406 ac
877 362 1078 420 quibusvis
1110 363 1199 406 aliis
1214 376 1307 417 per-

339 418 444 462 sonis
458 449 475 471 ,
494 420 769 478 cujuscunque
782 422 989 477 qualitatis
1000 451 1017 474 ,
1041 421 1308 470 conditionis,

338 479 515 535 gradus,
529 481 833 534 praeminentiae
847 509 863 532 ,
892 479 957 522 seu
986 481 1196 536 dignitatis
1214 508 1229 531 ,
1260 493 1305 521 ac

336 538 675 584 Univerfitatibus
691 567 707 589 ‚
730 541 855 581 etiam
878 538 1099 582 studiorum
1130 553 1303 598 genera-

336 598 438 641 lium
450 624 466 647 ,
491 594 557 638 seu
574 595 772 648 Collegiis
785 623 801 646 ,
823 596 942 637 etiam
959 599 1156 654 exemptis
1183 625 1197 647 s
1229 597 1298 639 sub

339 652 639 714 quibuscunque
656 653 868 696 tenoribus
891 654 932 695 δι
957 654 1097 698 formis
1109 686 1127 708 ,
1138 672 1184 699 ac
1200 669 1299 699 cum

336 713 539 772 quibusvis
551 710 695 763 ,etiam
709 710 1061 769 derogator-iarum
1074 715 1297 770 derogato-

335 776 406 819 riis
419 802 436 824 ‚
450 770 611 826 aliisque
625 767 917 814 efficacioribus
941 771 1156 824 clausulis,
1180 773 1302 816 etiam

336 839 390 876 de
406 845 487 874 non
515 828 752 880 trahendis,
776 830 1134 887 irritantibusque,
1162 831 1305 874 &aliis

338 890 543 940 decretis,
555 888 676 930 etiam
692 888 808 932 Mare
837 893 1032 945 Magnum
1046 917 1062 940 ,
1094 889 1159 932 seu
1183 889 1298 932 Bulla

336 962 455 994 aurea
472 947 711 1003 nuncupatis
736 976 753 999 ,
772 960 842 992 aut
862 949 960 993 alias
988 949 1302 1006 quomodolibet

334 1004 528 1052 conceffis
538 1033 554 1055 ‚
566 1005 821 1051 confirmatis
832 1036 849 1058 ‚
878 1009 1135 1052 &innovatis
1150 1035 1163 1047 .
1194 1008 1297 1065 Qi—

336 1069 412 1112 bus
434 1067 627 1109 omnibus
656 1067 697 1108 δι
719 1067 877 1123 lingulis
896 1096 911 1119 ‚
943 1066 1092 1110 etiamfi
1130 1079 1204 1122 pro
1242 1065 1294 1107 il·

331 1128 469 1172 lorum
499 1126 576 1167 &e-
609 1125 797 1182 expresse
822 1156 838 1178 ‚
862 1126 947 1184 pari
981 1134 1093 1168 motu
1121 1126 1291 1179 deroga-

332 1200 421 1229 mus
434 1214 449 1238 ,
461 1186 675 1229 contrariis
687 1186 1014 1244 quibuscunque3
1027 1194 1096 1227 aut
1109 1185 1135 1225 si
1149 1182 1294 1239 aliqui-

331 1246 406 1288 bus
429 1246 698 1289 communiter
731 1245 795 1288 vel
821 1244 978 1286 divisim
1003 1274 1020 1296 ,
1050 1243 1101 1285 ab
1118 1242 1295 1298 Aposto-

331 1304 410 1348 lica
425 1302 530 1348 Sede
545 1303 589 1344 fit
604 1305 839 1355 indultum,=
866 1304 978 1359 quod
1007 1302 1195 1346 interdici
1216 1302 1292 1344 &c-

387 1362 589 1406 Caeterum
602 1364 728 1405 etiam
742 1363 987 1411 volumus2&
1004 1362 1111 1404 dista
1128 1359 1294 1413 Aposto-

330 1422 409 1467 lica
420 1419 657 1464 austeritate
669 1421 952 1469 decernimus,
979 1418 1090 1477 quod
1114 1417 1292 1475 quilibet

329 1478 505 1524 vestrum
519 1480 700 1536 prosequi
734 1480 864 1524 valeat
891 1479 1111 1522 articulum
1122 1503 1138 1527 ‚
1168 1477 1292 1519 etiam

327 1554 404 1598 per
418 1539 499 1581 alisi
515 1539 767 1589 incboatnrn,
776 1539 959 1594 quamvis
973 1534 1087 1579 idem
1101 1537 1291 1579 inchoans

329 1596 449 1641 nullo
461 1594 580 1637 fuerit
596 1596 887 1651 impedimento
909 1595 1109 1637 canonico
1120 1593 1288 1647 impedi·

328 1667 397 1699 tus
414 1684 427 1696 .
442 1652 648 1709 Quodque
658 1657 683 1698 ὲ
697 1654 791 1695 dats
817 1650 1066 1708 praesentium
1081 1649 1127 1692 fit
1145 1651 1260 1693 vobis
1273 1676 1288 1700 ‚

329 1716 368 1757 ἃ
383 1712 600 1766 unicuique
612 1709 783 1754 vestrum
798 1711 839 1753 in
853 1710 1050 1767 praemissis
1063 1738 1077 1761 ,
1091 1710 1132 1751 8ι
1146 1722 1287 1753 eorum

327 1770 523 1829 singulis,
550 1772 699 1827 coeptis
716 1771 756 1813 δι
776 1783 858 1813 non
880 1770 1029 1826 coeptis
1042 1795 1058 1819 ‚
1088 1765 1287 1827 presenti·

327 1833 404 1876 bus
429 1831 470 1872 δι
485 1828 637 1874 futuris
660 1841 858 1887 perpetua
885 1829 1059 1885 potestas
1073 1857 1091 1880 ‚
1120 1828 1162 1870 δι
1177 1827 1290 1880 iuris·

327 1888 456 1933 diciio
469 1889 669 1931 attributa
683 1916 699 1939 ,
712 1899 757 1931 ut
769 1901 822 1931 eo
836 1889 978 1943 vigore
994 1915 1007 1938 ‚
1021 1900 1147 1943 eaque
1161 1886 1289 1930 firmi·

327 1958 416 1992 tate
429 1946 563 2004 pofitis
577 1948 616 1990 in
631 1946 828 2003 praemiffis
840 1946 1026 1989 omnibus
1037 1946 1190 2001 coeptis
1207 1973 1222 1996 ‚
1255 1948 1294 1988 &

325 2021 410 2051 non
424 2007 575 2061 coeptis
590 2034 605 2057 ‚
620 2006 878 2062 presentibus
904 2007 945 2047 ἃ
962 1999 1112 2047 futuris
1130 2034 1146 2055 ,
1162 2007 1200 2046 δι
1216 2018 1292 2056 pro

327 2065 524 2123 predictis
559 2062 780 2118 procedere
793 2089 808 2112 ,
839 2074 887 2105 ac
901 2061 927 2102 sn
942 2063 1126 2117 praedieta
1153 2062 1292 2103 ontnia

327 2126 368 2167 ει
386 2121 537 2176 lingula
548 2133 684 2162 coram
701 2120 816 2163 vobis
827 2129 966 2176 coepta
979 2116 1135 2163 fuissent
1148 2145 1163 2169 ,
1173 2121 1214 2162 δι
1228 2118 1292 2174 iu-

327 2180 507 2226 risdictio
522 2178 649 2222 vestra
662 2206 678 2230 ‚
691 2181 733 2223 δι
745 2178 966 2234 cuiuslibet
986 2178 1161 2223 vestrum
1174 2205 1189 2229 ‚
1216 2179 1289 2222 in..

325 2238 526 2298 praedietis
555 2239 742 2283 omnibus
757 2240 798 2282 δι
811 2237 997 2294 lingulis,
1029 2253 1099 2295 per
1127 2238 1291 2281 citatio-

325 2312 419 2343 nem
432 2324 449 2349 ‚
469 2296 535 2341 vel
556 2296 726 2341 modum
741 2298 865 2341 alium
894 2296 1120 2354 legitimum
1145 2308 1290 2352 perpe-

324 2366 443 2402 tnata
455 2353 672 2409 extitisset,
699 2356 1006 2401 Constitutione
1026 2357 1212 2414 predicta
1226 2354 1290 2399 su-

327 2430 404 2475 pet
431 2412 801 2460 conservatoribus
821 2444 836 2468 ,
859 2417 896 2459 8
929 2415 1007 2459 alia
1036 2415 1218 2475 qualibet
1248 2414 1289 2457 in

326 2476 581 2521 contrarium
603 2475 712 2520 edita
727 2489 806 2519 non
826 2474 1028 2520 obstante·

387 2535 442 2576 Et
453 2534 548 2591 quia
559 2532 732 2578 difficile
747 2530 852 2577 soret
867 2532 1071 2592 presentes
1083 2534 1223 2578 literas
1237 2530 1289 2576 ad

326 2592 539 2647 linguluin
552 2593 699 2648 quibus
713 2594 765 2636 de
776 2593 833 2636 eis
846 2589 944 2636 fides
957 2590 1090 2637 forsan
1105 2589 1287 2635 facienda

328 2649 567 2700 fiteritdoca
580 2649 877 2703 deferrifitiam
888 2651 1134 2702 volumnia&
1144 2648 1288 2695 endem

327 2710 571 2753 auctoritate
585 2711 621 2752 Α
711 2709 767 2753 ol·
779 2708 1172 2767 decernimus,quod
1189 2722 1288 2766 prse-

327 2766 500 2812 sentium
514 2777 607 2811 tran
626 2768 774 2825 emptis
789 2794 806 2817 ‚
816 2781 931 2810 manu
943 2768 1109 2821 alieuius
1125 2768 1287 2813 Notatii

326 2827 482 2886 publici
497 2824 727 2882 subscriptis
737 2852 751 2875 ‚
765 2827 803 2869 δι
817 2826 947 2881 tigillo
959 2828 1123 2880 alicuius
1143 2828 1288 2871 Frein-

288 2887 290 2889 ’
325 2886 389 2937 ti,
412 2884 477 2929 vel
497 2882 676 2930 l’etsonae
702 2887 741 2929 in
753 2883 954 2941 dignitate
983 2885 1286 2931 ecciefianin..

328 2944 582 2995 constitutae,
603 2954 674 2987 aut
696 2944 828 2987 Curioe
845 2943 1122 2990 Seelefissticoe
1153 2945 1285 2987 muni·

328 3003 409 3055 tis,
439 3004 480 3046 in
502 3001 658 3058 judicio
673 3031 688 3055 ,
708 3003 749 3045 δι
776 3002 898 3055 alibi,
922 3004 989 3048 ubi
1000 3018 1102 3062 opus
1133 3002 1283 3057 suerit,

326 3061 473 3106 esdetn
498 3056 659 3117 prorsus
670 3058 768 3104 fides
793 3061 1065 3115 adhibeatur,
1094 3077 1180 3120 quae
1195 3065 1283 3119 ipsis

327 3119 923 3224 {²⁶⁸³”1‘ngmfdbsse'2m'·i‚
936 3123 961 3166 si
974 3120 1110 3167 forent
1127 3123 1282 3225 eshil‘sui-

350 3195 380 3222 a:
411 3193 460 3223 ve
498 3192 525 3222 o
558 3192 678 3223 eno.
742 3192 894 3223 ruenti
925 3196 966 3224 us
1044 3197 1061 3226 r
1135 3195 1196 3227 uis
1266 3204 1284 3217 ·

329 3239 432 3282 tutis
446 3237 697 3295 temporibus
709 3238 915 3284 duraturis
931 3271 944 3284 .
991 3197 1041 3240 pe
1065 3194 1130 3240 pet

449 3299 597 3341 Datum
612 3298 751 3342 noina
775 3299 880 3352 apud
907 3303 1092 3346 Saneium
1122 3302 1284 3346 Petrum

331 3357 399 3400 sub
423 3356 591 3400 Annulo
617 3354 826 3400 Piscatoris
849 3356 916 3403 die
941 3374 1084 3405 xxiii.
1102 3364 1285 3413 Septem·

332 3415 414 3458 bris
429 3412 875 3461 unisti-Pontificum
888 3420 1011 3464 nostri
1026 3435 1131 3464 anno
1144 3420 1283 3465 Sexto.

389 3533 492 3575 nau.
508 3535 615 3576 Rau.
626 3544 918 3592 tompaerta·
936 3537 1009 3592 sol.
1029 3542 1078 3591 38
1089 3554 1121 3584 t·
1137 3538 1283 3584 Bullar·

449 3591 585 3634 ordin.
602 3597 759 3639 Prtdle.
770 3597 1096 3660 em050s010189.
1113 3600 1286 3661 Censet!-

446 3651 489 3692 ιι
504 3653 600 3694 ceu.
616 3652 791 3708 [eamr.

1351 141 1489 230 Pio
1555 143 1656 234 V.

1367 303 1622 373 Regulares
1664 300 1959 371 quoscunque
1991 299 2050 352 ab
2074 298 2324 367 Hospitio,

1438 374 1515 424 stu
1532 371 1855 444 Hospitatione
1877 371 2091 422 Militum
2105 408 2121 432 ,
2150 375 2330 422 σείων..

1437 461 1524 514 pro
1541 445 1661 494 bello
1676 437 1896 493 adversus
1922 441 2099 494 Turcas
2116 441 2328 497 collesto-
2419 451 2421 453 ’

1437 532 1545 567 rum
1563 511 1744 584 prorsus
1770 511 1935 561 eximit
1950 545 1964 560 .

1459 649 1496 698 P
1539 647 1564 693 I
1605 642 1655 695 U
1692 642 1726 691 S
1805 642 1844 692 P
1880 644 1926 692 A
1967 641 2003 689 P
2038 644 2090 695 A
2160 645 2226 693 V.

1644 770 1761 814 Motu
1781 767 1939 827 proprio
1960 767 2045 817 &c-

1471 890 1576 939 Um,
1603 884 1704 930 ficut
1731 901 1813 931 non
1826 888 1908 930 fine
1923 887 2036 944 gravi
2053 885 2217 936 dolore,
2233 885 2323 927 No·

1496 946 1558 988 bis
1591 945 1769 990 innotuit
1792 947 1929 990 omnia
1955 949 1995 990 δι
2019 946 2168 1001 lingula
2194 971 2209 994 s
2252 942 2323 985 seu

1356 1005 1652 1064 quamplurima
1680 1005 1789 1061 hujus
1815 1004 1945 1048 Almae
1958 1005 2108 1054 Urbis,
2129 1019 2176 1047 ac
2197 1002 2320 1047 etiam

1356 1063 1494 1110 statiis
1510 1063 1633 1106 nostri
1650 1063 1914 1108 Ecclefiastici
1941 1067 2187 1107 Conventus
2200 1089 2217 1112 ,
2233 1062 2325 1106 Mo,-

1353 1124 1522 1170 nasteria
1537 1151 1552 1175 ,
1577 1137 1626 1167 ac
1643 1123 1722 1166 alia
1740 1122 2014 1168 Ecciefiastica
2028 1150 2043 1175 ,
2067 1123 2108 1165 δι
2120 1121 2185 1177 pia
2200 1119 2318 1169 ioca,

1353 1195 1437 1229 tam
1451 1182 1663 1228 Saecularia
1675 1210 1689 1234 ‚
1718 1183 1837 1239 quam
1866 1181 2109 1238 Regulam,
2131 1181 2171 1223 &
2184 1180 2211 1223 a
2225 1190 2321 1236 pet·-

1355 1244 1459 1289 sonis
1491 1241 1692 1298 religiofis
1713 1241 2026 1296 quomodolibet
2065 1230 2322 1286 inhabitata,

1355 1306 1395 1346 &
1433 1311 1625 1358 tempore
1637 1313 1749 1357 ‚quo
1767 1302 1934 1357 Equites
1946 1328 1961 1352 ,
1990 1301 2032 1343 o&
2045 1298 2197 1343 Milites
2213 1294 2322 1355 ejus-

1352 1362 1448 1404 dem
1479 1361 1610 1403 Almae
1637 1358 1788 1411 Urbis,
1817 1361 1858 1402 δι
1888 1356 2025 1404 status
2059 1354 2323 1402 Ecclesiastici

1351 1418 1506 1478 praefati
1531 1447 1545 1471 ‚
1574 1432 1651 1475 pro
1679 1417 1908 1462 desenfione
1935 1419 2050 1474 ipfius
2083 1417 2208 1461 Urbis
2235 1441 2251 1463 a
2281 1414 2322 1455 8:

1351 1475 1514 1527 status,
1526 1475 1718 1520 adversus
1745 1475 2030 1520 infestiffimum
2057 1477 2323 1518 Turcarum..

1351 1546 1574 1591 tyrannum
1589 1561 1604 1584 ,
1619 1534 1685 1576 vel
1699 1533 1753 1576 ob
1766 1533 1865 1577 alias
1879 1564 1896 1586 ,
1918 1547 2005 1591 quae
2033 1547 2110 1590 pro
2136 1543 2323 1589 tempore

1351 1592 1394 1636 se
1419 1593 1458 1636 se
1477 1592 1648 1637 offerunt
1663 1589 1799 1635 causas
1810 1619 1826 1642 a
1840 1593 2041 1649 expediri,
2057 1593 2097 1634 δι
2110 1591 2160 1635 ad
2177 1593 2322 1636 diver·

1350 1650 1388 1695 sa
1417 1650 1594 1708 ejusdem
1627 1650 1762 1696 Status
1789 1653 1882 1696 loca·
1903 1651 2124 1695 transmitti
2155 1647 2323 1702 contin·

1348 1712 1408 1768 git
1424 1740 1441 1762 ,
1454 1711 1505 1755 ab
1520 1708 1667 1755 eisdem
1686 1711 1902 1766 Equitibus
1913 1737 1929 1760 s
1953 1712 1994 1752 δι
2011 1709 2210 1752 Militibus
2223 1713 2321 1764 pera*

1349 1772 1592 1820 turbentur,
1625 1771 1667 1812 &
1692 1769 1987 1823 molestentur,
2019 1769 2168 1824 ipiique
2201 1769 2321 1812 Con·

1350 1840 1528 1881 ventus,
1553 1828 1792 1872 Monasteria
1817 1859 1831 1882 ,
1861 1830 1900 1871 δι
1931 1829 2010 1872 alia
2041 1825 2319 1871 Eccleliastica

1354 1891 1392 1931 8t
1409 1890 1470 1944 pia
1485 1889 1577 1931 loca
1603 1888 1643 1931 in
1658 1889 1896 1932 eorumdem
1913 1888 2102 1945 Equitum
2116 1914 2132 1937 ,
2150 1884 2216 1928 seu
2234 1884 2316 1928 Mi-.

1353 1949 1470 1992 litum
1492 1947 1804 1997 distributione,
1831 1946 2048 1990 nonnullos
2074 1942 2320 1990 eorumdem

1356 2005 1556 2059 Equitum
1582 2005 1620 2045 &
1650 2004 1829 2046 Militum
1852 2005 1955 2046 intra
1982 2015 2128 2045 eorum
2145 2002 2318 2052 Domos,

1354 2064 1395 2105 δι
1408 2061 1645 2106 Monasteria
1661 2062 1838 2118 hospitio
1849 2064 2036 2119 excipere
2053 2089 2068 2112 ‚
2081 2062 2122 2105 δι
2134 2060 2320 2120 recipe-re

1354 2131 1580 2179 cogantur,
1611 2121 1650 2163 in
1673 2122 1891 2166 maximum
1917 2135 2063 2167 eorum
2093 2119 2321 2164 detrimen·

1352 2192 1438 2223 tum
1453 2180 1614 2230 ,Divini
1642 2179 1778 2224 culti‘is
1803 2181 2167 2237 perturbationem
2181 2206 2197 2231 ,
2219 2192 2318 2235 gra·

1345 2238 1548 2283 vfflimum
1577 2238 1804 2294 Religionis
1830 2239 2034 2291 dedecus,
2066 2238 2144 2282 Dei
2159 2232 2320 2294 Optimi

1352 2295 1518 2341 Maximi
1543 2295 1732 2339 offensam
1743 2327 1760 2350 ‚
1773 2298 1815 2340 δι
1826 2310 1907 2340 non
1922 2297 2051 2344 solum
2069 2306 2212 2354 praeter
2223 2309 2316 2340 om-

1349 2371 1443 2402 nem
1457 2355 1627 2399 nostrsm
1642 2355 1911 2406 intentionem
1924 2386 1940 2410 ‚
1960 2356 2099 2402 verum
2114 2356 2236 2400 etiam
2252 2354 2315 2399 in-

1348 2414 1606 2460 tolerabilem
1626 2415 1747 2458 animi
1781 2416 1906 2461 nostri
1934 2416 2307 2460 amaritudinem-a.

1436 2478 1707 2533 Quapropter
1722 2478 1809 2518 Nos
1824 2476 1863 2520 in
1879 2474 2093 2532 pruiniffis,
2107 2473 2305 2531 quantum

1347 2548 1441 2580 cum
1474 2536 1567 2577 Deo
1594 2531 1825 2589 poisumus,
1853 2535 1906 2579 de
1921 2546 2152 2592 opportuno
2178 2545 2310 2579 reme·

1347 2595 1450 2645 dio,
1473 2591 1599 2636 celeri
1627 2606 1746 2636 manu
1765 2594 1989 2650 providere
2004 2620 2019 2644 ‚
2043 2608 2088 2637 ac
2105 2591 2314 2643 Monalle÷

1349 2654 1529 2705 riorum,
1552 2651 1593 2695 δι
1622 2650 1794 2695 aliorum
1822 2651 2196 2696 Ecclefiallicorum
2225 2679 2240 2704 ,
2269 2652 2311 2695 δε

1349 2712 1512 2770 piorum
1542 2709 1726 2754 locorum
1756 2710 1880 2766 buius
1877 2711 1985 2756 modi
2013 2709 2305 2766 personarum,

1350 2773 1442 2815 Deo
1470 2768 1676 2814 Altillimo
1700 2770 1768 2813 die
1794 2774 1994 2828 noctuque
2007 2769 2308 2819 famulantium,
2392 2791 2396 2794 ·

1347 2829 1475 2887 quieti
1493 2829 1749 2885 ‚integritati
1774 2830 1815 2871 δι
1842 2828 1986 2874 decori
1999 2827 2212 2873 consulere
2241 2841 2309 2872 νο-

1347 2890 1480 2932 lentes
1498 2897 1637 2936 ,motu
1655 2885 1796 2938 fimiii,
1810 2888 1909 2932 &ex
1924 2897 2038 2932 certa
2060 2886 2239 2938 scientia,
2257 2899 2307 2937 ac,

1344 2947 1396 2991 de
1423 2945 1653 3003 Apostolicoe
1734 2946 1881 2990 testatis
1909 2946 2189 3004 plenitudine,
2220 2946 2311 2991 uni-

1346 3004 1463 3049 vcrfis
1493 3007 1533 3049 dt
1565 2959 1730 3062 unguii?
1752 3015 1835 3048 tam
1867 3006 1978 3052 dieta
2008 3005 2138 3051 Alme
2155 3005 2302 3055 Urbis,

1344 3068 1463 3125 quim
1478 3067 1607 3109 totius
1621 3062 1758 3109 Status
1773 3063 1924 3122 praefsti
1940 3065 2308 3117 Gubernatoribus,

1346 3125 1631 3176 Potantibus,
1648 3124 1846 3177 Ducibus,
1858 3126 1899 3169 δι
1911 3125 2158 3183 capitaneis,
2171 3126 2305 3168 Com-

1345 3176 1685 3240 munitatibusque
1697 3184 1760 3232 ⁵&
1776 3183 2128 3234 Uniyerlitatibus,
2141 3183 2180 3226 8(
2195 3180 2303 3233 aliis,

1345 3242 1396 3287 ad
1410 3257 1510 3302 quos
1524 3246 1666 3300 speeiat
1681 3245 1882 3300 ‚pertinet
1898 3242 2114 3298 ‚spectabit
2138 3242 2178 3284 &
2209 3254 2302 3296 pcr-

1346 3302 1489 3349 tinebit
1515 3302 1821 3359 quomodolibet
1845 3302 1881 3347 ln
1898 3299 2105 3350 futurum,
2130 3314 2177 3343 ne
2191 3300 2305 3343 dein·

1346 3378 1442 3419 ceps
1466 3361 1674 3419 perpetuis
1697 3359 1844 3407 suturis
1869 3360 2122 3418 temporibus
2138 3385 2153 3409 ‚
2175 3358 2214 3402 in
2231 3372 2302 3402 co-

1350 3421 1533 3470 rumdem
1560 3420 1736 3467 Militum
1759 3421 1800 3465 dt
1825 3420 2019 3478 Equitum
2051 3417 2299 3462 distributio-

1348 3500 1424 3534 ne,
1447 3492 1530 3524 tam
1558 3481 1598 3525 in
1630 3477 1898 3531 transeundo,
1920 3482 2041 3537 quim
2069 3476 2302 3520 inibicom·.

1346 3539 1571 3591 morando,
1583 3537 1957 3584 communitatibus
1973 3565 1987 3589 ,
1999 3539 2039 3581 δι
2057 3533 2306 3589 Universita·

1348 3602 1453 3645 tibus
1467 3627 1483 3651 ‚
1498 3596 1715 3648 videlicet,
1734 3611 1787 3642 ne
1801 3597 1929 3641 dieto·
1946 3597 2114 3654 Equites
2126 3622 2139 3647 ,
2162 3595 2203 3638 δι
2221 3593 2303 3647 Mi·¹

1350 3662 1440 3706 litet
1459 3658 1497 3702 in
1514 3656 1660 3702 eisdem
1675 3656 1926 3701 Monsllcriis
1941 3684 1954 3706 ‚
1969 3654 2201 3707 Coenobiis‚
2217 3654 2301 3698 Do·

1350 3718 1507 3768 mibus,
1529 3728 1575 3759 ac
1590 3714 1676 3758 aliis
1693 3715 1975 3761 Eccleliallicis
2005 3717 2046 3759 dt
2072 3715 2147 3771 piis
2169 3710 2299 3766 locis,

1349 3778 1421 3825 sub
1434 3777 1606 3821 duorum
1623 3772 1796 3834 millium
1814 3778 2068 3823 Ducatorum
2081 3771 2165 3820 auri
2180 3798 2197 3824 s
2215 3771 2298 3814 ΟΡ·

2134 3841 2246 3875 merae
