2444 4192
408 271 444 326 1
463 267 506 351 3
517 263 580 352 4·

500 396 676 466 Qoad
709 403 829 470 Cap.
843 404 910 452 X.
935 405 1147 475 Regulae.

367 522 439 563 De
448 517 716 563 advenirem
738 520 788 570 ὅ
801 523 1038 567 anemone
1049 526 1249 568 Fratrum
1261 553 1275 566 .

422 639 641 681 'latuimus
666 636 708 678 δι
731 638 999 688 ordinamus,
1021 641 1138 696 quod
1155 642 1303 700 praedi·

330 642 408 758 S
433 699 542 740 &um
554 694 794 749 Capitulum
824 699 1047 754 diligenter
1079 714 1153 756 per
1178 701 1302 745 Mini-

326 760 433 802 firos
444 753 684 799 executioni
694 753 842 797 debitae
854 756 1139 801 demandetur:
1155 763 1303 803 Atten-

328 818 476 861 dentes
489 812 780 869 iusuper,quod
794 815 979 859 Minister
991 816 1166 872 quilibet
1180 819 1222 860 in
1236 818 1302 859 sua

327 873 547 920 Provincia
578 883 662 912 uno
692 873 872 927 provido
886 903 901 926 ‚
931 876 973 917 er
986 876 1156 918 honesto
1180 878 1304 919 Socio

325 934 379 978 fic
400 940 620 977 contentus
631 960 650 982 ,
665 945 758 973 cum
774 931 1069 977 unoservitore
1086 948 1100 976 ε
1117 938 1172 976 Et
1189 934 1301 989 quod

322 992 464 1037 nullus
479 989 663 1033 Minister
675 1019 691 1043 ‚
705 988 854 1034 Custos
866 1020 881 1044 ‚
912 993 1173 1037 Guardianus
1186 1019 1201 1040 ‚
1235 992 1298 1034 vel

323 1052 476 1095 Lector
488 1077 506 1099 ‚
519 1048 586 1092 vel
610 1050 856 1106 quicumque
865 1051 967 1094 alius
985 1054 1131 1094 frater
1149 1080 1164 1102 ‚
1186 1050 1302 1106 quic·

322 1107 1302 1224 32:⁸2,5ssffisst¹³332023235⁹s55235353‘¹3:1²’

651 1197 667 1221 ‚
1284 1189 1304 1198 -

325 1228 527 1279 vatus,&
552 1226 703 1269 subditi
716 1225 908 1284 deinceps
935 1228 1109 1272 obedire
1137 1226 1207 1268 fibi
1221 1239 1304 1269 non

324 1296 548 1330 teneantur
566 1316 579 1327 .
598 1288 653 1329 Et
668 1288 694 1327 fi
709 1286 808 1342 quid
832 1287 979 1342 aliquis
991 1286 1308 1330 Ministrorum

324 1345 525 1389 Generali
542 1345 736 1389 Ministro
749 1345 1048 1404 praesumpserit
1075 1345 1309 1389 contribue-

331 1421 380 1449 re
391 1432 407 1455 ,
423 1403 511 1462 ipso
525 1402 634 1448 sacto
647 1431 663 1455 ,
691 1406 868 1463 utsupra
881 1436 898 1458 ,
926 1405 1002 1450 suo
1010 1404 1151 1450 officio
1165 1403 1211 1449 fit
1226 1404 1310 1461 pri-

328 1475 454 1509 vatus
467 1493 481 1505 .

444 1523 674 1567 statuimus
689 1522 852 1582 insuper
866 1555 882 1579 ,
906 1524 1016 1584 quod
1032 1525 1202 1569 Ministri
1218 1521 1311 1566 dili-

326 1592 478 1640 genter
493 1612 509 1636 ,
521 1585 562 1626 δι
576 1581 759 1627 sollicite
775 1585 943 1637 instent,
957 1587 997 1628 δι
1012 1585 1227 1640 invigilent
1241 1596 1309 1624 re—

325 1641 566 1686 formationi
594 1641 821 1686 studiorum
842 1675 859 1697 ,
898 1659 970 1700 per
994 1643 1197 1699 quaslibet
1225 1639 1310 1682 suas

323 1701 570 1746 Provincias
582 1730 599 1752 ‚
616 1702 671 1743 ita
684 1702 726 1743 &
741 1702 897 1755 taliter,
911 1702 1023 1760 quod
1040 1702 1215 1746 cuilibet
1230 1700 1310 1744 flu·

324 1760 446 1803 denti
459 1775 542 1816 pro
556 1757 663 1816 poffe
683 1761 955 1817 provideatur
979 1763 1035 1805 de
1048 1761 1127 1805 suis
1141 1758 1312 1804 ueceffa·

324 1820 399 1863 riis
413 1848 428 1872 ,
443 1829 528 1862 tam
544 1833 621 1876 pro
635 1819 753 1863 libris
764 1850 780 1872 ,
809 1821 931 1878 quim
961 1836 1042 1878 pro
1056 1820 1227 1878 reliquis
1240 1833 1316 1877 op-

324 1880 544 1934 portunis,
568 1878 623 1921 de
636 1880 920 1923 communibus
943 1880 1211 1935 eleemosynis
1243 1891 1316 1934 per

324 1939 655 1982 Procuratorem
688 1939 870 1993 receptis
897 1953 975 1996 pro
1000 1940 1188 1997 quolibet
1203 1937 1317 1979 Con·

330 2004 464 2040 ventu
481 2025 496 2049 ,
512 1996 595 2039 five
611 1994 708 2039 loco
724 1996 868 2041 nativo
885 2000 1042 2042 Fratris
1071 1997 1119 2042 ad
1144 1997 1316 2040 studium

329 2054 605 2113 promovendi
632 2082 645 2095 .
688 2056 968 2100 Exhortantes
1010 2054 1245 2099 strietiss‘ime
1275 2055 1316 2094 in

326 2114 568 2157 Visceribus
601 2112 693 2166 Jesu
738 2113 888 2156 Christi
933 2122 1102 2157 caeteros
1149 2114 1316 2156 Fratres

327 2173 507 2216 aliorum
524 2169 715 2214 locorum
734 2197 748 2220 ‚
774 2171 886 2227 quod
904 2185 998 2215 cum
1026 2171 1207 2216 viderint
1224 2170 1317 2213 ido·

324 2245 429 2277 neos
456 2230 508 2273 ad
528 2228 655 2273 studia
682 2230 1020 2286 promovendos,
1046 2231 1147 2273 totis
1165 2229 1315 2270 viribus

323 2291 483 2335 eisdem
504 2286 740 2343 impendant
765 2286 962 2329 auxilium
974 2314 990 2338 ‚
1021 2287 1228 2328 consilium
1243 2310 1259 2334 ‚
1274 2285 1313 2325 δι

324 2348 516 2393 favorem
543 2346 583 2387 in
609 2343 862 2400 quibuslibet
893 2346 1173 2401 opportunis,
1203 2356 1290 2445 quae

324 2406 465 2453 fendo
479 2418 557 2460 pro
572 2404 630 2446 eis
644 2402 921 2457 eleemosynas
936 2431 951 2455 ,
967 2417 1203 2446 recommen
1236 2415 1309 2444 au-

326 2468 387 2511 do
409 2461 646 2508 volentibus
676 2462 918 2511 subvenire,
944 2460 1080 2518 eisquc
1098 2460 1313 2505 serviendo

326 2528 372 2571 in
388 2521 608 2566 visceribus
622 2520 853 2572 charitatis3
870 2533 964 2563 cum
981 2519 1147 2564 scientia
1161 2520 1316 2564 donum

326 2583 414 2630 Dei
428 2581 535 2633 fit‚&
549 2590 753 2623 armatura
766 2579 817 2622 ad
830 2577 1132 2623 defendendam
1145 2578 1318 2623 sannam

324 2641 479 2691 :Fidem
505 2638 772 2683 Catholicam
799 2667 815 2692 ,
838 2652 990 2682 corona
1016 2638 1185 2683 Ordinis
1213 2666 1228 2691 ‚
1257 2637 1316 2680 lu-

329 2714 431 2749 anen
450 2698 635 2742 veritatis
649 2700 716 2752 ,δι
734 2699 801 2743 via
825 2698 869 2742 in
892 2698 1074 2743 tenebris
1101 2697 1315 2742 ambulan-

337 2763 450 2807 tium
463 2757 717 2813 populorum
731 2787 744 2800 .

453 2816 657 2862 Similiter
683 2816 898 2861 attendant
935 2817 1113 2875 predicti
1142 2815 1315 2862 Ministri

335 2892 435 2927 cum
446 2877 559 2920 omui
576 2876 786 2932 vigilantia
798 2905 814 2930 ‚
827 2877 869 2919 δι
882 2875 1314 2935 circumspectione-r,

335 2937 449 2999 quod
466 2935 725 2980 coeremouiae
739 2936 925 2986 Ordinis,
938 2948 1020 2980 tam
1041 2936 1176 2995 quoad
1195 2936 1313 2980 Divi-

339 3011 442 3046 num
467 2994 688 3048 Officium,
714 2993 835 3053 quim
848 2995 983 3051 quoad
1010 2995 1240 3047 silentium,
1272 2997 1313 3038 δι

340 3057 445 3102 alias
456 3053 731 3110 ceremonias,
745 3052 953 3112 utriusque
967 3056 1311 3108 Communitatis,

341 3114 562 3175 spiritualis
577 3143 594 3168 ‚
618 3115 660 3157 dt
682 3115 950 3172 temporalis,
979 3113 1195 3159 secundnm
1210 3114 1315 3158 anti·

343 3188 445 3235 quas
457 3171 768 3219 consuetudines
785 3174 954 3219 Ordinis
978 3173 1247 3219 observentur
1259 3202 1270 3217 .

466 3235 521 3278 Et
537 3234 562 3277 fi
581 3246 668 3291 qun
680 3233 766 3278 finnt
781 3232 919 3278 debita
934 3233 988 3277 de
1001 3234 1209 3292 preterito
1220 3248 1320 3278 con·

346 3293 507 3342 tracia,
536 3291 747 3337 solvantur
779 3292 833 3337 de
858 3295 1193 3351 expropriatione
1220 3295 1321 3338 Pra-

347 3364 459 3397 arnm
477 3380 491 3406 ,
506 3351 570 3396 vel
586 3350 776 3398 locorum
791 3379 807 3404 ‚
832 3351 885 3396 de
900 3354 1029 3396 vineis
1057 3355 1098 3398 δι
1121 3352 1321 3412 possemn-

348 3413 466 3457 nibus
481 3438 496 3463 ,
510 3412 738 3468 ceterifijne
752 3412 871 3455 rebus
887 3412 926 3455 in
943 3412 1102 3456 Ordine
1130 3414 1319 3472 repertis,

351 3467 1235 3576 assssffi'rfxffxffl‘22‘35323552‘5122'1‘
1252 3486 1324 3576 25³·

350 3586 382 3632 fi
397 3585 494 3646 quid
524 3587 662 3646 supere
694 3605 717 3635 e
743 3592 903 3648 poterit
926 3589 977 3634 de
993 3591 1128 3648 pretio
1141 3560 1325 3636 talium:

350 3658 491 3692 rerum
508 3649 839 3703 vendendarum,
863 3649 991 3695 velex
1020 3649 1231 3695 reddenda
1258 3666 1322 3695 ra-

354 3706 473 3751 tione
499 3717 850 3768 quorumcumque
869 3713 1055 3757 Fratrum
1080 3740 1097 3764 ,
1117 3709 1181 3755 vel
1197 3711 1323 3755 Mini-

353 3764 528 3812 flrotnm
545 3793 559 3818 ‚
574 3765 635 3808 vel
652 3766 824 3812 aliorum
849 3768 1129 3821 subditorum,
1154 3766 1321 3827 ailigne-

347 3836 419 3871 tur
443 3825 779 3870 Procuratoribur
810 3826 999 3872 locorum
1028 3843 1318 3887 quorumcum-

346 3899 424 3944 que
448 3896 519 3943 ρετ
531 3881 733 3944 quaslibet
746 3887 990 3935 Provincias
1004 3915 1019 3941 ,
1039 3902 1119 3948 pro
1132 3902 1319 3934 commu·

1052 241 1213 332 Sub
1274 240 1632 332 Martino
1701 244 1801 338 V.

1366 408 1404 451 ni
1430 407 1640 459 utilitate,
1666 408 1706 448 δι
1731 397 2030 446 commoditate
2056 394 2338 442 corumdem,

1365 470 1555 510 Fratrum
1573 465 1665 518 ,vel
1695 465 1884 506 locorum
1897 486 1910 501 .
2305 512 2314 521 ⁶

1481 525 1653 570 Ministri
1668 533 1801 567 autem
1818 546 1833 570 ,
1858 521 1898 561 &
1925 517 1996 561 alii
2019 518 2179 560 Praelati
2205 526 2340 558 corri—

1364 595 1461 643 gant
1478 584 1668 628 subditos'
1684 581 1773 624 suos
1788 577 1998 621 humiliter
2010 604 2025 627 ‚
2037 578 2079 619 δι
2092 571 2340 619 charitative

1362 661 1432 689 cos
1469 644 1628 687 vilitent
1661 638 1879 683 secundum
1925 636 2129 690 Regulam
2162 662 2176 685 ‚
2205 632 2343 674 deliu-

1362 717 1536 761 quentes
1560 698 1878 745 misericorditer
1894 693 2100 752 puniendo
2119 721 2132 744 ,
2149 692 2266 749 juxta
2279 701 2343 731 te-

1364 778 1509 807 norem
1524 757 1682 818 septimi
1701 755 1882 811 Capituli
1913 758 2178 798 statutorum
2206 753 2345 792 Gene-

1364 822 1512 864 ralium
1537 819 1716 876 praediffl
1746 813 1975 871 Guglielmi
1990 843 2006 866 ,
2025 808 2261 876 &vigesimi
2277 806 2342 850 se-

1365 880 1483 935 ptimi
1500 878 1686 934 Capituli
1721 879 1980 920 statutorum
2010 867 2213 914 Benedicti
2237 867 2339 910 XII.

1364 939 1431 981 vel
1443 937 1543 980 alios
1561 965 1577 988 ,
1591 946 1717 991 prout
1736 934 1886 977 eisdem
1905 932 2119 979 Ministris,
2134 929 2175 970 ἃ.
2193 925 2345 972 Praela·

1364 997 1415 1039 tis
1429 995 1570 1038 melius
1587 995 1794 1038 videbitur
1816 991 2010 1049 expedire
2024 1022 2037 1034 .

1479 1056 1588 1095 Item
1617 1081 1632 1103 ‚
1659 1066 1751 1094 cum
1779 1052 1822 1092 in
1846 1052 1993 1094 eodem
2019 1048 2178 1090 Ordine
2207 1045 2334 1102 aliqui

1364 1114 1528 1155 Fratres
1544 1110 1714 1160 fuerint,
1726 1110 1764 1149 &
1780 1108 1855 1150 sint
1871 1107 2123 1150 excellentes
2145 1107 2187 1148 in
2209 1105 2343 1147 devo-

1364 1172 1477 1213 tione
1492 1200 1509 1221 ,
1534 1170 1575 1211 &
1598 1166 1857 1211 observantia
1883 1165 2070 1210 strictiori
2096 1162 2220 1219 hujus
2238 1166 2342 1207 Pro·

1366 1228 1539 1273 feffionis
1554 1256 1570 1280 ‚
1589 1226 1854 1279 ordinamus,
1880 1225 1992 1283 quod
2010 1224 2114 1268 tales
2130 1223 2181 1266 sic
2198 1222 2342 1265 viven-

1368 1301 1429 1333 tes
1445 1304 1516 1346 per
1535 1287 1730 1331 Praelatos
1744 1285 1831 1329 suos
1847 1284 1951 1330 bene
1961 1288 2183 1329 tractentur
2198 1311 2213 1334 ,
2230 1284 2271 1324 δι
2285 1280 2348 1324 sa-

1370 1347 1615 1392 vorabiliter
1642 1347 1683 1390 in
1711 1346 1786 1389 suis
1801 1345 2091 1388 devotionibus
2114 1341 2349 1386 nutriantur

1370 1409 1411 1452 in
1425 1408 1504 1452 suis
1527 1405 1797 1456 Eremitoriis‚
1809 1403 2029 1448 &locellis
2045 1434 2058 1445 .
2073 1406 2259 1447 Caveant
2273 1414 2347 1442 au·

1370 1479 1453 1512 tem
1471 1465 1648 1524 praedicti
1666 1464 1830 1508 Praelati
1844 1492 1860 1516 ,
1875 1478 1926 1509 ne
1941 1467 2104 1508 Fratres
2115 1461 2277 1517 aliquos
2291 1458 2345 1502 ad

1372 1525 1622 1571 Eremitoria
1637 1524 1803 1567 mittant
1818 1537 1898 1579 pro
1924 1522 2143 1566 residentia
2158 1521 2353 1563 ibidem..-

1371 1583 1555 1629 sacienda
1569 1613 1585 1634 ,
1610 1582 1683 1625 nis»
1707 1592 1885 1625 maturos
1898 1610 1913 1634 ‚
1941 1581 2122 1632 solidos,
2137 1582 2178 1622 δι
2197 1580 2348 1636 proba·

1370 1657 1439 1689 tos
1455 1642 1766 1687 inobservantia
1791 1640 2017 1699 Regulari,
2043 1639 2352 1696 ubifieri-poteff

1370 1706 1426 1750 rit
1440 1730 1455 1754 ,
1470 1703 1580 1746 bono
1596 1700 1725 1745 modo
1740 1726 1755 1742 .

1491 1762 1596 1804 Item
1609 1786 1625 1812 ,
1644 1757 1758 1816 quod
1786 1757 1841 1801 de
1862 1765 2015 1803 coetero
2042 1755 2179 1802 nullus
2192 1754 2345 1799 audeat

1377 1824 1624 1866 Conventus
1639 1849 1657 1871 ,
1669 1827 1736 1861 aut
1749 1817 1844 1863 loca
1857 1846 1873 1871 ‚
1886 1817 1953 1862 seu
1967 1817 2211 1863 Eremitoria
2242 1813 2352 1857 mul-

1378 1879 1568 1937 tiplicare
1578 1907 1594 1932 ,
1613 1888 1688 1922 aut
1701 1876 1754 1921 de
1766 1890 1879 1921 novo
1890 1875 2091 1921 adificare
2105 1903 2120 1927 ‚
2149 1876 2211 1920 seu
2226 1869 2353 1917 aedifz-

1377 1940 1460 1983 cari
1476 1938 1611 1982 facere
1625 1968 1641 1991 ,
1657 1951 1739 1982 non
1754 1936 1877 1981 solum
1898 1950 1976 1993 pro
1993 1936 2202 1978 Fratribus
2213 1961 2231 1985 ‚
2250 1930 2356 1988 quin

1379 1999 1499 2042 etiam
1512 2009 1587 2053 pro
1600 1995 1821 2039 Sororibus
1834 2023 1850 2045 ‚
1865 1993 1946 2036 fine
1961 1992 2211 2037 auctoritate
2227 1993 2280 2035 D.
2298 1991 2353 2035 N·

1380 2060 1495 2110 Papa:
1510 2082 1525 2104 ,
1542 2054 1818 2096 Dominorum
1831 2050 2201 2107 Dioecesanorum,
2211 2053 2354 2096 Gene-

1379 2113 1475 2156 ralis
1489 2141 1503 2165 ,
1530 2111 1572 2153 &
1586 2111 1902 2155 provincialium
1918 2112 2202 2157 Ministroruut
2217 2110 2355 2154 lieen-⁸

1377 2174 1462 2221 tia,
1497 2170 1580 2215 fine
1608 2169 1848 2227 prejudicio
1869 2173 2162 2217 Conventuum
2184 2168 2355 2229 propin-

1375 2240 1569 2286 quorum,
1582 2227 1622 2268 in
1639 2241 1811 2282 quorum
1831 2229 2014 2272 terminis
2029 2231 2112 2272 haec
2125 2227 2356 2284 contigerit

1375 2283 1589 2335 attentari,
1598 2280 1707 2327 salva
1722 2285 1848 2327 etiam
1860 2283 2071 2330 Decretali
2085 2284 2354 2332 Bonis-Vll!-

1293 2362 1310 2376 ·
1375 2348 1414 2390 in
1430 2348 1488 2388 Ca
1495 2357 1534 2400 p.
1562 2356 1649 2387 cum
1662 2356 1710 2387 ex
1724 2357 1778 2400 σο,
1792 2339 2064 2405 dr'exrcfir'bur
2086 2346 2352 2391 Praelarorum

1375 2403 1491 2449 Irb.6.

1494 2465 1600 2508 Item
1615 2492 1631 2516 ‚
1662 2463 1733 2507 ubi
1754 2462 1917 2522 Regula
1944 2464 2048 2509 dicit
2060 2494 2074 2519 ‚
2102 2463 2214 2524 quod
2230 2493 2246 2518 ,
2262 2461 2356 2508 ubi·
2412 2513 2421 2521 „

1377 2537 1554 2581 cumque
1571 2520 1658 2566 sunt
1676 2525 1839 2568 Fratres
1854 2549 1870 2574 2
1912 2524 1953 2568 ui
1968 2524 2119 2569 scirent
2136 2553 2154 2578 ‚
2177 2527 2216 2568 δι
2233 2537 2355 2572 recu-2

1376 2582 1622 2643 gnoscereut
1639 2610 1655 2633 ,
1668 2581 1707 2625 se
1721 2596 1802 2627 non
1819 2597 1872 2639 pu
1903 2598 1926 2629 e
1948 2584 2154 2641 Regulam
2168 2583 2356 2640 spiritua-

1377 2646 1474 2688 liter
1488 2641 1981 2694 obscrvare,declaramus
1994 2643 2136 2701 justam
2161 2640 2240 2687 else
2255 2656 2357 2687 cau-

1376 2705 1455 2749 sam
1469 2699 1708 2746 recurrendi
1722 2699 1773 2743 ad
1789 2700 2266 2755 Minissri‘1‚fi:ilicet,cum
2281 2700 2356 2748 tali

1376 2763 1475 2807 loco
1490 2761 1546 2805 est
1563 2773 1713 2805 annexa
1731 2762 1990 2818 proprietas,
2011 2760 2075 2805 vel
2090 2775 2189 2805 cura
2205 2761 2356 2804 anima-

1377 2836 1489 2874 rum,
1502 2833 1650 2878 pucros
1664 2820 1974 2877 baptizandi‚&
1989 2820 2069 2863 alia
2087 2820 2355 2864 Parochialia

1377 2879 1555 2925 saeiendi
1571 2911 1586 2934 ,
1601 2888 1668 2923 aut
1679 2906 1694 2930 ,
1706 2878 1801 2936 quia
1830 2880 1884 2924 ibi
1903 2878 2087 2924 Domino
2101 2877 2355 2924 reclamante

1376 2950 1587 2986 morantur
1605 2943 1784 2989 Fratres,
1799 2939 1978 2999 aut‚quia
1995 2948 2167 2997 propter
2181 2935 2357 2983 ncceffa·

1373 3001 1529 3046 riorum
1543 3000 1748 3058 penuriam
1760 3010 1927 3054 oportet
1942 3012 2013 3043 eos
2024 2999 2064 3042 in
2077 2998 2248 3041 studium
2259 3012 2357 3044 conn-

1376 3059 1682 3119 gregationibus
1694 3086 1710 3112 ‚
1732 3059 1772 3101 &
1786 3059 1993 3115 questibus
2018 3057 2238 3103 inhonestis
2255 3072 2353 3103 con.

1377 3132 1443 3165 tra
1461 3119 1624 3177 Regulae
1642 3117 1865 3177 puritatem
1880 3120 1945 3172 ,δι
1960 3115 2074 3163 usum
2084 3116 2255 3162 Ordinis
2281 3132 2353 3173 ge·

1383 3179 1580 3224 ncralitcr
1596 3177 1796 3223 excedere
1808 3207 1824 3231 ‚
1837 3188 1906 3220 aut
1933 3186 2102 3234 propter
2119 3178 2356 3222 societatem

1385 3239 1632 3285 inhonestam
1653 3263 1669 3288 ‚
1700 3235 1766 3280 vel
1788 3235 2088 3293 importabilem
2116 3234 2325 3281 Fratribus
2339 3265 2355 3292 ,

1384 3300 1601 3356 presertim
1618 3294 1786 3342 rudibus
1798 3321 1814 3346 ‚
1827 3296 1866 3339 &
1880 3292 2048 3339 infirmis
2063 3306 2079 3348 3
2093 3304 2262 3350 propter
2278 3298 2355 3340 hu.

1382 3358 1556 3419 jusmodi
1569 3366 1706 3403 autem
1718 3351 1905 3400 causas&
1921 3352 2081 3402 ssmiles,
2099 3354 2267 3397 Fratres
2283 3355 2356 3400 de-

1384 3420 1481 3463 bent
1499 3419 1568 3472 ,δι
1581 3412 1741 3476 poll'unt
1752 3412 1804 3457 ad
1825 3415 1911 3458 sitos
1939 3413 2145 3458 Minillros
2170 3426 2355 3460 recurre.

1385 3493 1429 3522 rc
1444 3507 1460 3531 ,
1493 3490 1567 3535 per
1578 3471 1742 3521 eosdem
1758 3470 1854 3516 inde
1869 3471 1935 3531 pie
1953 3498 1968 3523 ,
1994 3474 2035 3516 δι
2048 3472 2353 3530 paternitaliter

1385 3534 1633 3586 amovendi,
1648 3532 1743 3576 &in
1760 3530 1865 3577 locis
1883 3532 2046 3579 devotis
2060 3560 2075 3588 ,
2101 3531 2141 3576 tc
2162 3530 2353 3592 spiritua-¹

1387 3597 1491 3642 libus
1504 3590 1739 3641 collocandi
1752 3617 1767 3650 ρ

2063 3935 2066 3943 ’
2142 3951 2293 4011 Quoad
