2444 4192
415 181 585 266 250

352 306 458 360 gulis
481 320 624 351 eorum
648 310 931 354 conventibus
946 338 962 362 ,
993 325 1091 367 quas
1122 309 1309 367 personas

346 378 422 418 pet
432 365 534 422 ipsos
545 368 685 410 taliter
695 371 928 413 nominatas
944 383 1022 425 pro
1034 380 1222 427 tempore
1234 399 1251 421 ,
1265 371 1307 412 in

345 423 398 467 iis
428 425 816 471 administrationem
845 429 1072 485 legitimam
1100 457 1115 480 ,
1141 442 1314 484 genera-

342 478 427 526 lem
439 496 487 526 ae
500 484 670 528 liberam
684 500 830 541 gerere
844 517 861 539 ‚
876 490 917 530 δι
940 487 1045 542 ipsos
1063 501 1176 532 veros
1188 490 1230 530 δι
1250 488 1313 530 le·

340 541 507 597 gitimns
519 542 581 583 Ad
588 545 879 588 ministratores
892 571 908 594 ‚
924 547 1187 598 OEconomos,
1204 550 1308 602 Syn·

341 599 458 642 dicos
471 601 513 642 δι
526 602 705 643 actores
717 600 794 644 effe
807 630 823 654 ,
835 604 877 644 Bt
889 603 943 645 de
959 603 1219 658 plenitudine
1233 619 1307 661 po-

340 658 496 700 testatis
518 658 811 702 constituendo
823 688 839 711 ‚
854 664 1101 705 auctoritate
1129 665 1306 719 Aposto-

339 715 422 759 lica
439 716 627 757 decrevit
640 742 656 766 ,
672 717 743 772 qui
769 731 831 760 res
842 718 944 775 ipsas
960 748 975 770 ,
997 722 1038 762 δι
1054 733 1188 763 rerum
1202 735 1306 776 prae-

340 773 538 816 dictarum
553 774 757 826 pretium,
780 778 822 819 ὰ
847 778 1052 832 predictas
1080 778 1302 834 eleemosy-

342 845 413 872 nas
425 858 440 880 ,
453 831 615 874 nomine
629 833 821 878 Romana
836 837 1023 879 Ecclesia
1035 863 1051 888 ‚
1077 838 1127 879 ad
1141 852 1298 894 quam-a

333 902 472 931 rernm
486 890 672 933 omnium
700 894 913 937 mobilium
937 897 979 937 δι
998 896 1269 938 immobilium
1283 923 1300 945 ,

334 947 479 1004 quibus
497 950 660 992 Fratres
674 951 897 1007 hujusmodi
927 954 988 996 uti
1012 953 1167 1009 poffunt
1184 982 1198 1003 ,
1213 953 1299 1006 jus,

334 1006 563 1062 proprietas
575 1010 616 1051 dt
628 1008 851 1054 dominium
866 1011 982 1054 nullo
994 1012 1133 1054 medio
1142 1011 1303 1066 spectat,

334 1067 567 1119 reciperent
582 1094 600 1118 ‚
614 1069 655 1109 δι
672 1070 856 1124 recipere
871 1067 1040 1125 pnlsent,
1057 1084 1126 1126 per
1140 1066 1300 1111 eosdem

332 1123 374 1165 in
406 1125 597 1166 Fratrum
624 1128 802 1182 ipibrum
832 1129 1032 1171 utilitates
1046 1157 1060 1181 ‚
1085 1128 1208 1182 etiam
1225 1140 1300 1179 pro

332 1182 440 1224 victu
468 1184 506 1224 ἁ
524 1183 666 1228 vestitu
686 1200 827 1230 eorum
840 1214 855 1235 ,
886 1201 933 1229 ac
948 1186 1035 1229 aliis
1056 1184 1297 1230 neceffitati·

329 1240 405 1283 biis
436 1253 533 1285 tunc
562 1244 750 1301 exprellis
772 1275 788 1297 ,
815 1260 893 1302 pro
912 1256 1096 1302 tempore
1119 1257 1297 1288 conver-

329 1298 484 1351 tenda,
506 1301 607 1345 ficut
632 1305 672 1345 ἃ
694 1303 857 1359 quando
878 1305 899 1346 a
913 1305 1029 1348 dietis
1045 1303 1238 1349 Generali
1254 1302 1297 1345 in

329 1367 423 1400 toto
446 1358 634 1411 ordine,
663 1364 704 1404 δι
719 1363 1042 1407 Provincialibus
1072 1362 1263 1407 Ministris
1278 1387 1295 1411 ‚

327 1428 374 1458 ae
390 1416 637 1462 Castodibus
661 1420 856 1477 predictis
874 1449 890 1472 ,
912 1422 1106 1466 &eorum
1132 1420 1291 1486 singulis

323 1485 485 1576 ἕξει-ζει
498 1562 513 1585 ,
533 1492 607 1578 νζῗ
615 1493 666 1578 Ξ
677 1480 988 1579 Ξῖῐρόᾜαὲηίῗέ
988 1479 1291 1588 1)ῗεῖηέἑὲῗὲ

321 1588 367 1633 su
382 1604 521 1634 eorum
539 1593 755 1636 extitiflent
772 1596 979 1650 requisiti,
1010 1596 1132 1638 etiam
1148 1591 1287 1636 dando

322 1649 380 1691 eis
394 1679 408 1699 ,
421 1650 462 1690 δι
475 1663 619 1695 eorum
633 1651 797 1707 lingulis
812 1651 1028 1709 respective
1047 1652 1286 1696 facultatem

322 1708 544 1750 revocandi
574 1709 763 1766 personas
795 1710 955 1756 easdem
984 1739 1000 1763 ,
1034 1713 1075 1755 Gt
1106 1724 1285 1756 earum..-

318 1766 546 1823 quamlibet
557 1794 574 1815 ‚
605 1770 643 1810 dt
675 1767 772 1811 alias
795 1769 1039 1826 subrogandi
1072 1771 1137 1815 vel
1149 1770 1285 1813 nomi·

319 1825 444 1866 nandi
456 1825 551 1867 loco
560 1840 701 1868 earnm
715 1855 731 1878 ,
744 1842 819 1882 per
833 1828 1099 1885 supradictum
1113 1828 1283 1872 modum

317 1882 606 1926 nominationis
619 1913 634 1936 ‚
666 1887 827 1940 quoties
851 1898 1128 1944 opportunum
1149 1886 1252 1931 flaret
1266 1912 1282 1935 ‚

318 1953 405 1997 qu:
424 1942 609 1984 eamdem
625 1944 664 1984 in
680 1945 875 1996 praediais
892 1971 908 1996 ,
931 1946 997 1988 vel
1022 1946 1189 1988 similem
1208 1947 1283 1987 lia-

315 1999 463 2042 berent
477 1999 720 2053 potestatem
735 2003 896 2055 plenam
910 2005 951 2043 δι
965 2004 1150 2053 liberam,
1164 2002 1278 2043 alias·

315 2070 393 2112 qne
406 2058 446 2097 δι
460 2056 537 2097 alia
558 2056 693 2099 facere
721 2056 871 2112 pnlsent
898 2060 938 2100 δι
954 2060 1150 2103 deberent
1163 2088 1179 2112 ,
1209 2071 1278 2100 ea·

313 2113 411 2155 deni
423 2115 663 2158 auctoritate
679 2116 919 2172 Apostolica
931 2117 1127 2163 eoneeffit
1141 2148 1154 2160 .
1185 2121 1278 2163 Nec

309 2181 529 2229 propterea
546 2175 707 2219 Fratre·
735 2177 915 2220 Minores
940 2177 1279 2233 bujuimodicon-

311 2239 377 2275 tra
394 2231 597 2287 Regulam
612 2234 745 2277 saneti
772 2234 972 2278 Francisci
986 2261 1003 2285 ,
1025 2248 1148 2293 quam
1177 2247 1278 2291 pro-

312 2285 394 2334 feffi
410 2290 518 2342 sunt,
538 2292 579 2333 δι
595 2290 900 2348 profitebuntur
915 2295 954 2337 in
974 2293 1174 2346 futurum,
1196 2295 1277 2336 fise

310 2360 456 2392 eontra
470 2352 630 2395 statuta
645 2352 849 2407 regularia
869 2352 926 2396 sui
955 2352 1121 2396 Ordinis
1137 2351 1274 2409 liujus-

313 2407 483 2451 modiin
504 2407 643 2465 aliquo
662 2409 825 2462 facere,
856 2408 922 2454 sed
953 2410 1044 2455 sani
1065 2411 1273 2456 conscien-

312 2467 371 2510 til
397 2493 415 2517 ,
442 2465 522 2508 fine
550 2467 723 2524 alicujus
767 2468 1024 2514 conscientie
1053 2469 1245 2527 scrupulo
1258 2499 1275 2523 ,

311 2538 397 2580 quo
408 2525 459 2565 ad
474 2523 541 2572 td,
557 2525 612 2570 sic
622 2526 869 2585 inposterum
886 2528 1027 2572 risere
1039 2557 1057 2581 ,
1085 2530 1273 2573 decrevit

310 2583 351 2625 ἅ
362 2580 586 2627 declararit
597 2612 613 2626 .

428 2642 481 2683 Et
508 2641 696 2699 insuper,
718 2653 765 2688 tit
789 2646 972 2690 omnium
988 2658 1273 2703 quarumcum-

366 2713 390 2742 e
413 2701 715 2744 provinciarum
740 2730 756 2755 ‚
783 2704 1015 2748 Civitatum
1039 2707 1082 2748 dt
1101 2706 1271 2749 Dioeee-

326 2771 393 2799 tini
419 2772 493 2814 per
517 2770 647 2802 totuin
660 2762 817 2805 Orbem
829 2790 845 2815 ,
868 2766 1048 2807 oninium
1061 2765 1270 2821 utriusque

309 2814 422 2859 scafis
437 2817 771 2863 Cliristifidelium
787 2834 864 2876 pro
878 2832 1063 2878 tempore
1079 2824 1176 2866 dieti
1189 2827 1268 2867 Or·

306 2875 414 2918 dinis
428 2876 635 2919 asinorum
653 2878 831 2930 Fratres,
842 2882 866 2925 a
879 2879 955 2925 suis
969 2883 1267 2940 Superioribus,

306 2944 349 2976 iit
367 2937 495 2978 moris
509 2935 591 2987 est,
605 2935 632 2979 d
734 2938 790 2981 ati
804 2937 1058 2985 Conseffores
1069 2967 1086 2992 ‚
1110 2939 1265 2987 conses-

307 2992 429 3036 fiones
447 2995 571 3038 etiam
595 2994 636 3037 iii
670 3010 853 3041 rmorum
882 3000 1056 3044 ubilibet
1071 3029 1086 3054 ‚
1107 3003 1266 3047 etiam..

304 3062 418 3095 entra
435 3052 577 3096 domos
602 3055 884 3101 &habitacula
908 3059 1145 3103 coronidem
1167 3064 1263 3105 Fra·

304 3120 412 3154 triim
423 3140 439 3164 ‚
451 3125 500 3156 ac
517 3112 641 3157 etiam
666 3114 717 3157 ad
733 3129 804 3159 eos
830 3130 906 3173 pro
925 3132 1114 3176 rempore
1131 3134 1264 3164 recur-

305 3171 473 3213 rentium
501 3170 834 3231 andire,eosqiic
848 3178 971 3221 etiam
995 3178 1036 3221 in
1062 3179 1264 3223 salibus&

303 3228 483 3297 censuris¹
495 3255 509 3278 ‚
542 3231 686 3286 quibus
713 3235 769 3277 eis
801 3249 879 3291 per
904 3237 1115 3295 privilegia
1145 3238 1265 3283 Sedis

304 3288 543 3356 Apostolieoe
569 3290 761 3348 perdia·
774 3322 790 3347 ,
809 3295 934 3338 etiam
965 3309 1036 3351 per
1062 3297 1262 3343 moduni..

303 3350 681 3394 communicationis
712 3352 753 3396 ὰ
785 3353 1029 3398 extensionis
1068 3370 1264 3412 quorum-

303 3418 470 3460 cumque
483 3408 704 3460 Ordintini,
715 3413 838 3456 etiarn
853 3414 1262 3466 Minimorumdiafle·

303 3475 375 3505 nui
390 3465 613 3511 conceffiini
625 3469 679 3514 est
693 3498 711 3522 ,
736 3470 844 3529 ροσε
865 3471 1074 3517 abiblrere
1089 3499 1104 3524 ,
1128 3476 1168 3518 dt
1185 3475 1258 3519 iin-

302 3521 386 3589 ςυἸι
398 3581 402 3585 ¹
416 3523 606 3591 Ordines,
622 3530 743 3573 etiarn
766 3530 1029 3575 Minimorum
1042 3559 1058 3583 ‚
1089 3547 1260 3591 quorum

302 3579 511 3646 privilegia
524 3585 657 3627 tidem
667 3588 816 3633 Ordini
827 3591 1031 3634 Minorum
1047 3592 1135 3637 sunt
1148 3607 1259 3638 coin·

300 3649 503 3683 muman
530 3641 569 3681 dt
588 3646 747 3690 emensa
761 3677 776 3699 ‚
802 3649 1013 3694 absolvere
1040 3653 1259 3697 consueve-

1024 155 1185 243 Sub
1253 154 1392 241 Pio
1454 154 1500 238 I
1523 153 1624 242 V.

1371 322 1489 367 quam
1505 307 1544 350 in
1556 306 1624 350 die
1641 304 1959 350 Resurrefflonis
1982 303 2202 348 DnmInicae
2216 331 2231 355 ,
2253 308 2329 349 Sass

1369 376 1619 411 eramentum
1647 364 1932 412 Eucharistiae,
1954 373 2036 406 tam
2062 364 2142 406 illis
2162 393 2176 416 ,
2206 364 2326 420 quam

1374 425 1463 469 aliis
1476 424 1681 483 quibusvis
1705 421 1882 479 personis
1909 420 2022 464 licite
2048 422 2328 473 ministrandi,

1372 486 1477 528 dieta
1489 484 1721 541 Apostolica
1738 479 1975 523 auctoritate
1999 479 2158 523 indulsit
2173 510 2187 533 ‚
2203 493 2249 522 ac
2276 481 2328 523 de

1368 558 1478 589 novo
1491 541 1682 587 conceffit
1697 568 1711 590 ,
1726 554 1771 581 ac
1784 539 1906 580 etiam
1936 537 2122 580 decrevit
2135 541 2176 581 δι
2195 539 2328 582 decla-

1365 605 1570 705 ’,ψ
1582 598 1773 715 peiit‘ffl
1788 594 2327 700 ¹⁶62*

1402 677 1508 707 revis
1530 675 1578 704 ex
1661 673 1671 700 i
1695 670 1761 699 as:
1829 671 1851 698 e
2252 672 2324 700 ια-

1364 718 1558 769 deceffor,
1571 720 1876 759 Sacramentum
1898 712 2152 755 Eucharistiae
2195 714 2326 771 hujus-

1365 777 1504 828 modi,
1521 787 1565 822 ut
1579 772 1788 832 praefertur
1803 802 1816 824 ,
1832 770 2192 814 administrandum
2213 775 2328 818 omni

1363 845 1580 890 tempore,
1607 844 1872 890 preterquam
1905 831 1943 872 in
1959 829 2026 874 die
2042 828 2322 881 Resurrectio-,-

1363 895 1424 936 nis
1450 894 1700 944 Dominicae,
1723 892 1870 947 dieque
1899 888 2157 947 hujusmodi,
2183 889 2320 946 inquo

1362 953 1596 994 celebratur
1625 949 1763 993 festum
1794 948 2113 994 Remi-rectionis
2153 949 2323 991 Domini

1364 1011 1484 1053 nostri
1499 1008 1587 1064 jesu
1600 1009 1753 1051 Christi·
1767 1036 1783 1060 ‚
1810 1008 2020 1051 dumtaxat
2033 1035 2048 1059 ,
2074 1005 2154 1049 fine
2170 1008 2324 1051 Refio-

1362 1070 1416 1112 ris
1436 1067 1685 1112 Parochialis
1698 1081 1745 1110 ac
1766 1064 1993 1110 Dioecesani
2009 1063 2194 1118 licentia,
2214 1065 2323 1112 vivae

1363 1129 1474 1172 vocis
1491 1126 1569 1182 ejus
1581 1125 1753 1169 oraculo
1766 1125 1995 1169 declaravit
2007 1152 2019 1165 ·

1478 1187 1532 1228 Et
1545 1184 1703 1241 insuper
1716 1184 2048 1242 bozmem:Julius
2064 1185 2120 1227 11.
2137 1183 2320 1230 fimiliter

1357 1241 1621 1291 Proedeceffor
1631 1243 1766 1287 noster
1782 1244 1992 1288 Fratribus
2008 1241 2178 1286 Ordinis
2212 1246 2320 1287 Prat-

1356 1305 1585 1349 dicatorum
1597 1330 1614 1355 ‚
1627 1305 1667 1345 δι
1685 1303 1941 1347 Poenitentioe
1958 1301 2046 1359 jesu
2062 1301 2212 1346 Christi
2233 1331 2249 1354 ‚
2278 1302 2319 1344 δι

1357 1363 1695 1414 carmelitarum,
1709 1376 1756 1403 ac
1772 1363 1905 1405 sancti
1919 1359 2145 1416 Augustini,
2163 1361 2203 1403 δι
2220 1363 2316 1404 Μο-

1356 1422 1530 1465 nialibus
1551 1424 1698 1465 sanetae
1718 1419 1848 1463 Clarae
1867 1449 1883 1471 ,
1908 1421 2165 1475 aliorumque
2190 1418 2319 1461 Ordi-

1353 1494 1447 1521 iium
1468 1480 1506 1520 in
1526 1488 1765 1532 paupertate
1790 1476 2049 1521 fundatorum
2065 1506 2080 1529 ,
2103 1491 2147 1521 ac
2174 1476 2315 1520 omni-

1350 1538 1423 1578 bus
1440 1535 1675 1578 Mulieribus
1691 1534 1967 1590 praedifilorum
1981 1536 2184 1580 Ordinum
2202 1563 2218 1587 ‚
2243 1543 2329 1580 aut-

1346 1594 1524 1638 aliorum
1549 1607 1928 1652 quorumcumque,
1954 1609 2004 1638 ne
2029 1593 2196 1652 aliquod
2209 1594 2307 1637 Mo·

1343 1654 1560 1698 nasserium
1573 1679 1588 1703 ,
1607 1650 1827 1696 Ecclesiam
1842 1664 1912 1696 aut
1934 1655 2173 1698 Oratoriuin
2186 1650 2314 1696 edifi-

1342 1726 1438 1757 care
1467 1711 1533 1755 seu
1565 1709 1800 1756 construere
1814 1713 2082 1769 proefiimant,
2102 1709 2207 1755 infra
2220 1712 2310 1766 spa-

1343 1771 1447 1815 tium
1474 1778 1751 1814 trecentarum
1776 1784 1998 1814 cannarum
2027 1770 2078 1812 ab
2108 1769 2306 1814 Ecclefiis

1344 1833 1533 1875 Fratrum
1549 1827 1756 1872 Minoi-um
1772 1827 2127 1873 menliirandarum
2142 1842 2219 1884 per
2236 1842 2307 1871 ae-

1343 1904 1460 1940 rem,
1484 1887 1608 1930 etiam
1634 1887 1701 1929 ubi
1716 1887 1815 1929 alias
1842 1885 1953 1931 reete
1978 1885 2191 1928 mensurari
2224 1883 2308 1930 loci

1342 1945 1553 2001 dispositio
1565 1958 1648 1986 non
1666 1945 1867 1998 permittit
1880 1973 1894 1986 .
1923 1941 2039 1986 Nulli
2060 1957 2222 2001 quoque
2237 1941 2306 1987 sat-

1341 2004 1467 2045 culari
1481 2032 1499 2054 ,
1521 2001 1584 2044 vel
1608 2000 1822 2058 Religiolb
1846 1998 2131 2059 cujuscumque
2147 1999 2305 2060 profes-

1339 2058 1635 2113 fionis,voluit
1650 2059 1776 2104 licere
1790 2059 2037 2110 Ecclefiam,
2061 2060 2126 2105 vel
2159 2064 2308 2107 Mona-

1342 2120 1483 2172 sseria,
1510 2117 1578 2163 seu
1605 2120 1841 2163 Oratorium
1867 2121 1943 2174 jam
1964 2117 2206 2166 aedificatum
2228 2121 2309 2167 iia.»=

1340 2178 1513 2233 aliquem
1527 2173 1726 2222 tranferre
1750 2177 1802 2221 de
1816 2179 2040 2222 Ordinibus
2061 2182 2302 2226 memoratis

1338 2235 1440 2279 infra
1478 2234 1646 2292 spatium
1679 2235 1954 2292 praediaarum
1994 2245 2302 2285 trecentarum..

1335 2294 1865 2351 cannarum,&quamlibet
1892 2295 2056 2339 istarum
2078 2310 2300 2342 cannarum

1338 2354 1470 2398 voluit
1486 2354 1584 2396 ὁᾶο
1597 2354 1825 2408 palmorum
1850 2353 1922 2397 lon
1952 2354 2148 2399 itudinem
2161 2355 2301 2399 conti-

1335 2426 1432 2458 nere
1447 2440 1464 2465 ‚
1490 2426 1569 2457 non
1585 2411 1770 2458 obstante
1790 2412 1901 2456 varia
1938 2427 2108 2458 ecorum
2127 2412 2301 2459 consue-

1338 2472 1483 2516 tudine
1497 2500 1513 2524 ,
1534 2470 1615 2514 lise
1637 2471 1858 2530 privilegiis
1879 2473 1917 2515 ει
1951 2472 2102 2517 litteris
2133 2473 2299 2530 quibus-

1337 2543 1511 2586 cumque
1524 2532 1547 2575 a
1558 2529 1666 2574 Sede
1684 2533 1718 2574 Α
1724 2530 1921 2585 postolica
1936 2560 1952 2584 ,
1965 2533 2035 2575 sub
2048 2545 2299 2589 quacumque

1335 2590 1556 2632 verborum
1570 2585 1701 2631 forma
1714 2588 1910 2632 concellis
1923 2617 1939 2640 ‚
1962 2588 2030 2633 seu
2054 2591 2179 2634 etiam
2196 2605 2299 2635 con-

1332 2646 1526 2691 cedendis
1538 2672 1554 2698 ,
1579 2660 1667 2703 quae
1682 2648 1734 2691 de
1749 2647 1999 2703 presentibus
2030 2646 2240 2706 specialem
2255 2649 2297 2693 &

1331 2705 1549 2762 expreffam
1565 2720 1644 2749 non
1659 2702 1836 2750 seciffent
1849 2708 2097 2751 mentionem
2110 2734 2126 2759 ,
2154 2707 2298 2764 prohi-

1330 2765 1419 2808 buit
1439 2764 1692 2809 :statuendo
1706 2766 1854 2818 etiam,
1874 2777 1918 2809 ut
1932 2764 2131 2823 quidquid
2149 2775 2293 2811 contra

1328 2821 1547 2878 hujusmodi
1562 2824 1830 2868 ordinationis
1844 2823 2154 2869 &inhibitionis
2171 2832 2292 2869 teno-

1328 2895 1412 2926 rem
1442 2910 1457 2935 ,
1475 2897 1523 2927 cx
1552 2893 1649 2927 tunc
1675 2883 1718 2927 in
1739 2893 1858 2927 antea
1884 2880 2126 2932 edificatum
2151 2880 2288 2936 foret,

1325 2941 1587 2988 dirueretur·

1443 3005 1615 3047 Necnon
1644 3011 1726 3045 tam
1753 3000 1870 3060 super
1883 3002 2161 3048 nominatione
2185 3004 2288 3048 Pro-

1326 3071 1561 3105 curatorum
1594 3060 1665 3105 seu
1689 3061 1964 3119 syndicorutn
1989 3076 2067 3119 pro
2096 3061 2284 3108 locorum

1327 3116 1548 3182 indigentia
1587 3120 1833 3178 singulorum
1865 3119 2031 3165 Ordinis
2073 3121 2281 3166 Minoi-um

1326 3180 1582 3234 huiusmodi,
1604 3189 1649 3224 tit
1664 3179 1903 3235 prefertur,
1924 3178 2109 3224 fa'cienda
2121 3205 2137 3230 ,
2162 3193 2281 3237 quam

1324 3242 1445 3284 etiam
1462 3241 1575 3298 super
1591 3235 1896 3283 conseil'ionibiis
1912 3251 1987 3295 pro
2009 3247 2195 3296 tempore
2210 3252 2282 3282 au-

1322 3300 1480 3344 diendis
1507 3310 1590 3344 tani
1616 3295 1862 3343 secularium
1897 3294 2157 3354 personarum
2183 3311 2279 3355 qua-

1323 3372 1615 3415 rumcumque,
1643 3357 1764 3414 quiin
1790 3355 1912 3400 etiam
1942 3356 2280 3401 FratrumMino.

1323 3433 1412 3462 rum
1430 3415 1652 3475 hujusmodi
1669 3444 1684 3469 ,
1700 3427 1855 3460 necnon
1874 3411 2138 3460 absolutionis
2152 3417 2279 3460 bene-

1323 3476 1418 3522 ficio
1431 3476 1511 3521 illis
1525 3473 1798 3533 impendendo
1811 3500 1825 3527 ,
1853 3486 1899 3516 ac
1920 3471 2180 3531 dispensando
2194 3474 2279 3520 refi-

1320 3538 1477 3594 pet‘live
1494 3564 1511 3589 0
1537 3536 1579 3580 Gt
1593 3539 1852 3580 sacramento
1880 3533 2137 3578 Eucharistioe
2149 3532 2276 3582 admi·

1320 3594 1528 3641 nistrando
1550 3621 1567 3647 ,
1591 3591 1750 3649 aliaque
1775 3588 1945 3647 desuper
1966 3592 2185 3637 ncceil'aria
2213 3593 2273 3639 sa·

1318 3651 1623 3706 ciendmdissis
1636 3648 1832 3696 Generali
1857 3664 1904 3695 ac
1927 3652 2272 3703 Provincialibuu

302 3707 422 3766 ΝΜ)
442 3696 677 3765 ,ὡωκφόί
694 3731 708 3753 ,
734 3707 772 3747 ἀ
800 3709 1081 3761 poenitentiam
1109 3711 1253 3756 saluta-
1310 3715 1351 3757 er
1375 3712 1466 3757 aliis
1491 3709 1699 3755 Fratribus
1723 3708 1890 3755 Ordinis
1909 3710 2111 3756 Minoruni
2136 3708 2266 3771 liujus.

300 3770 383 3803 ’θ’
398 3760 627 3815 ’.ΡΜ
641 3788 657 3814 i
671 3775 717 3806 ⁸⁶
731 3767 1040 3824 omnitempore
1054 3796 1068 3822 ‚
1082 3781 1249 3827 preter·
1309 3770 1421 3816 modi
1449 3768 1666 3829 respectiva
1680 3782 1757 3829 pro
1780 3778 1968 3829 tempore
1983 3770 2239 3817 existentibus
2253 3797 2270 3825 2

2135 3839 2220 3875 tam
