2444 4192
840 197 1440 314 Appendix.

141 364 280 395 omnes
297 348 418 401 illos,
446 351 514 406 qui
538 350 761 398 tenebant,
787 358 856 390 aut
882 350 1109 392 afferebant

140 405 357 465 gloriosam
383 436 396 460 ,
427 410 467 452 &
492 407 796 451 Immaculatam
822 408 902 448 Dei
925 407 1109 449 Genitri-

142 482 249 518 cem,
264 466 411 523 absque
425 467 634 522 originalis
649 464 804 519 peccati
818 465 984 506 macula·
998 461 1107 506 fuisse

142 537 378 581 conceptam
390 554 404 577 ,
422 523 649 568 mortaliter
665 536 837 578 peccare
849 552 866 573 ,
889 522 954 564 vel
972 520 1106 566 effe-³

142 587 366 630 Haereticos
379 613 397 635 ‚
428 582 681 640 ejusdemque
711 580 984 623 lnimaculatae
998 583 1110 622 Con-

143 644 345 700 ceptionis
370 643 548 685 officium
573 641 855 688 celebrantes,
882 635 1110 680 audientes-

142 717 220 759 que
238 701 434 744 sermones
451 700 618 743 illorum
634 727 650 750 ,
675 697 742 754 qui
764 711 855 738 eam
882 696 962 738 fine
975 694 1108 747 hujus.

142 761 254 804 modi
282 759 437 803 macula
452 766 690 813 conceptam
717 752 793 798 esse
818 754 1105 803 affirmabant,

139 820 316 876 graviter
329 830 526 875 peccare3
554 815 622 859 sed
648 819 686 859 ὃ(
701 815 898 872 ρικάἰᾶἰς
914 813 1104 868 praedica-

138 878 316 920 tionibus
343 890 424 919 non
438 874 648 925 contenti,
674 871 878 917 confectos
895 871 1011 927 super
1028 866 1105 913 eis-

139 937 235 980 dem
251 934 326 978 suis
344 933 620 979 assertionibus
645 934 770 976 libros
793 934 832 974 in
864 931 1105 988 publicum,

142 996 355 1040 ediderant
369 1021 384 1044 ,
397 1008 447 1038 ex
459 1007 633 1050 quorum
647 990 939 1040 assertionibus,
956 991 998 1032 δι
1013 1002 1110 1044 prae-

142 1053 418 1097 dicationibus
439 1066 524 1095 non
540 1051 643 1096 levia
658 1050 890 1096 scandalain
906 1048 1108 1092 mentibus

140 1111 324 1156 fidelium
349 1121 495 1154 exorta
525 1120 640 1154 erant
662 1139 677 1163 ,
706 1111 748 1152 8ι
778 1108 928 1164 majora
957 1108 1109 1150 merito

136 1171 286 1214 exoriri
305 1167 625 1212 formidabantur
641 1170 804 1220 indies,
835 1166 942 1210 idem
967 1167 1106 1211 Sixtus

138 1225 410 1271 Praedeceffor
432 1227 654 1281 hujusmodi
667 1227 892 1270 temerariis
914 1225 1071 1268 aufibus
1089 1253 1104 1276 ,

137 1288 178 1328 δι
206 1287 404 1340 pervertis
433 1283 715 1326 assertionibus
743 1313 758 1335 ,
786 1287 826 1327 δι
848 1282 1109 1332 scandalofis,

139 1356 225 1400 quae
236 1341 386 1384 exinde
397 1342 436 1383 in
454 1341 530 1383 Dei
543 1339 721 1384 Ecciefia
733 1341 885 1383 exoriri
898 1350 1108 1396 poterant,

137 1403 307 1444 obviare
325 1400 463 1443 volens
477 1425 492 1451 ,
513 1396 738 1456 hujusmodi
753 1397 984 1441 alfei-tiones
1004 1401 1108 1442 Ρη-

137 1462 373 1504 dicatorum
386 1456 621 1502 eorumdem
633 1483 648 1505 ,
679 1457 719 1498 δι
733 1455 903 1499 aliorum
914 1469 1108 1512 quornm·

140 1520 271 1569 libet,
296 1517 366 1575 qui
389 1515 589 1560 affirmare
616 1514 1108 1572 presumerent‚eos,qui

140 1579 360 1622 crederent
390 1585 460 1619 aut
483 1584 670 1618 tenerent
685 1574 879 1626 ,eandem
894 1574 1108 1618 DeiGeni-

140 1640 286 1680 tricem
299 1639 349 1680 ab
360 1633 741 1691 originalispeccati
757 1633 913 1677 macula
943 1634 983 1675 in
1008 1635 1106 1678 sus-³

141 1696 411 1751 conceptione
429 1691 702 1749 praeiervatam
720 1691 828 1736 suifle
842 1721 856 1744 ,
888 1703 1106 1750 propterea

142 1754 311 1810 alicujus
327 1754 479 1796 haerefis
495 1753 586 1796 labe
597 1751 781 1808 pollutos
796 1750 883 1794 fore
894 1778 910 1802 ‚
925 1751 987 1794 vel
1001 1765 1113 1795 mor.

143 1814 282 1856 taliter
313 1826 481 1868 peccare
510 1837 525 1861 ‚
543 1821 612 1854 aut
640 1808 867 1867 hujusmodi
891 1809 1114 1856 Officium.»

141 1870 435 1928 conceptionis
461 1870 715 1915 celebrantes
739 1899 757 1923 ,
799 1868 863 1912 seu
890 1869 1113 1925 hujusmodi

139 1931 347 1974 sermones
367 1929 593 1980 audientes,
604 1928 774 1985 alicujus
787 1930 941 1986 peccati
957 1939 1113 1974 reatum

126 1991 382 2039 incurrere,
406 2000 550 2046 utpote
564 1987 676 2032 falsu
692 2018 708 2042 ,
727 1990 970 2032 &erroneas
988 2017 1002 2040 ,
1026 1991 1067 2031 &
1089 1988 1112 2031 ἰ

145 2049 320 2092 veritate
333 2046 492 2105 penitus
505 2048 655 2091 alienas
669 2075 685 2098 ,
708 2048 914 2105 editosque
939 2045 1114 2104 desuper

141 2108 273 2152 libros
288 2109 494 2165 praedissos
510 2107 548 2150 id
562 2108 817 2151 continentes
832 2134 846 2157 ,
875 2106 1008 2165 quoad
1036 2109 1112 2150 hoc

143 2167 413 2223 reprobavit,
429 2167 466 2207 δι
481 2166 687 2209 damnavit
700 2194 715 2217 ‚
744 2182 792 2210 ac
807 2167 940 2209 statuit
953 2193 967 2216 ,
994 2167 1034 2209 &
1048 2180 1114 2209 or-

143 2227 332 2276 dinavit,
357 2224 468 2281 quod
498 2225 788 2269 Praedicatores
811 2226 923 2272 verbi
946 2227 1053 2277 Dei,
1077 2227 1113 2267 δι

143 2286 390 2342 quicumque
402 2284 471 2327 alii
483 2283 769 2341 cujuscumque
781 2285 902 2330 statiis
913 2314 929 2337 ,
947 2284 1113 2339 grndiis,

144 2354 217 2388 aut
230 2343 385 2389 ordinis
402 2372 417 2396 ,
443 2343 742 2389 &conditionis
755 2343 875 2388 effent
890 2375 907 2399 ,
929 2348 998 2400 qni
1023 2342 1115 2388 ausu

146 2403 365 2447 temerario
377 2401 661 2459 praesumerent
684 2404 725 2447 in
753 2417 898 2448 eorum
924 2404 1116 2448 sermoni-

145 2466 219 2507 bus
243 2462 295 2504 ad
323 2460 547 2519 populum,
585 2459 651 2506 seu
677 2462 774 2506 aliis
798 2462 1115 2520 quomodolibet

145 2521 350 2564 affirmare
367 2549 382 2573 ,
410 2519 635 2573 hujusmodi
651 2521 701 2566 fic
715 2533 787 2577 per
800 2523 1116 2579 eumimproba-

146 2592 207 2623 tas
219 2606 234 2630 ,
249 2581 289 2622 δι
305 2578 511 2621 damnatas
523 2578 755 2622 assertiones
779 2595 893 2624 veras
909 2580 986 2626 effe
1001 2611 1015 2634 ,
1046 2590 1117 2624 aut

146 2640 279 2683 dictos
293 2636 420 2682 libros
435 2648 508 2692 pro
532 2637 634 2680 veris
646 2637 782 2692 legere
799 2665 814 2686 .
841 2650 984 2683 tenere
1001 2666 1016 2690 ,
1048 2638 1115 2680 vel

147 2698 324 2744 habere,
347 2695 776 2739 excommunicationis
801 2697 1045 2743 sententiam
1066 2710 1119 2740 eo

146 2756 234 2812 ipso
261 2751 565 2803 incurret-enni
581 2765 658 2807 qua
671 2754 723 2795 ab
736 2753 840 2807 alie,
861 2757 981 2811 quim
995 2757 1020 2800 ἰ
1035 2758 1122 2798 Ro·

149 2826 270 2859 mano
284 2808 485 2856 Pontifice
499 2837 513 2860 ,
527 2808 594 2854 nifi
611 2811 653 2854 in
667 2812 806 2855 mortis
821 2813 994 2856 articulo
1008 2840 1025 2863 ‚
1050 2827 1124 2856 ne·

158 2873 320 2929 quirent
349 2867 611 2914 absolutionis
638 2869 879 2914 beneficium
909 2871 1122 2916 obtinere.

154 2929 369 2985 Similique
395 2941 526 2982 poenae
552 2928 594 2969 δι
619 2929 797 2973 censuris
829 2929 999 2987 subjecit
1028 2946 1126 2980 eos,

149 2991 219 3048 qui
248 2989 329 3032 ausi
354 2984 478 3030 effent
499 2985 667 3032 asserere
697 2990 935 3033 contrariam
962 2990 1126 3046 opinio·

150 3063 246 3093 nem
259 3076 276 3101 ,
307 3057 492 3091 tenentes
509 3046 700 3091 videlicet
714 3073 729 3095 s
750 3048 970 3105 gloriosam
984 3050 1125 3106 Virgi-

155 3121 248 3154 nem
264 3106 499 3150 MAR1AM
511 3120 603 3150 cum
617 3106 805 3162 originali
825 3119 995 3163 peccato
1014 3106 1124 3152 fuiffe

151 3176 392 3222 conceptam
411 3194 427 3218 ,
458 3163 614 3209 heresis
626 3167 780 3209 crimen
792 3193 808 3216 ,
835 3167 897 3210 vel
913 3178 1124 3223 peccatum

152 3229 365 3271 incurrere
378 3226 580 3277 mortale,
603 3239 697 3268 cum
722 3225 901 3269 nondum
929 3227 970 3269 id
987 3224 1080 3270 esset
1101 3228 1127 3271 ὲ

156 3288 282 3332 Rom.
298 3283 482 3328 Ecclesia
492 3311 508 3333 a
520 3285 562 3327 δι
575 3282 806 3340 Apostolica
819 3284 923 3329 Sede
936 3285 1129 3329 decisum.

215 3345 257 3395 ξ.
276 3357 329 3402 a,
381 3346 500 3387 Hanc
545 3345 644 3386 vero
682 3343 786 3387 Sixti
832 3344 1130 3390 Praedecefforis

158 3401 504 3455 Constitutionem
516 3404 794 3447 Oecumcnica
804 3402 1044 3448 Tridentina
1056 3411 1132 3463 Sy-

159 3462 289 3507 nodus
300 3461 437 3517 postea
447 3462 659 3506 innovavit
673 3492 688 3503 .

233 3520 273 3570 ἕ.
301 3534 343 3574 3.
415 3522 475 3564 Ac
496 3520 644 3565 deinde
672 3520 808 3565 fimilis
831 3523 1128 3569 recordationis

162 3580 260 3622 Pius
287 3580 396 3633 Papa
410 3579 586 3636 Quintus
609 3581 732 3624 etiam
755 3580 1025 3627 Praedeceffor
1052 3599 1130 3627 no·

162 3638 243 3681 ster
257 3666 274 3688 ,
287 3637 424 3680 statuit
436 3663 452 3688 ,
463 3636 671 3704 ordinavit
684 3667 699 3689 ,
713 3641 752 3683 8:
772 3641 978 3685 mandavit
988 3671 1002 3695 ,
1029 3658 1131 3700 qua·

165 3707 283 3741 tenus
300 3709 423 3739 nemo
449 3694 734 3755 cujuscumque
759 3701 940 3755 ordinis,
971 3702 1038 3745 vel
1063 3703 1130 3746 di-

161 3756 330 3810 gnitatis
344 3754 533 3798 existeret
545 3783 560 3806 ,
584 3756 625 3798 in
648 3761 910 3814 popularibus
924 3763 1133 3806 concioni.

157 3815 233 3858 bus
250 3843 265 3867 ,
279 3814 344 3858 vel
360 3814 607 3918 ubiljlumque
619 3819 843 3875 promiscua
858 3822 1034 3867 virorum
1050 3849 1064 3873 2
1091 3823 1132 3866 &

290 3877 396 3918 Tom.
469 3901 481 3915 .

1922 230 2070 314 333

1169 351 1382 393 mulierum
1397 347 1621 390 multitudo
1633 347 1855 390 convenire
1873 350 1970 393 solet
1983 356 2058 402 ,de
2073 356 2144 396 hu·-

1166 406 1231 463 jus
1260 407 1548 448 controverfiae
1562 405 1765 447 alterutra
1779 416 1898 461 parte
1918 410 2141 464 disputare,

1169 465 1390 506 rationibus
1428 464 1493 505 vel
1524 464 1749 505 Doctorum
1779 466 2019 507 auctoritate
2054 466 2145 510 affe·-

1168 523 1297 564 rendo
1314 524 1516 576 propriam
1541 518 1778 563 sententiam
1793 548 1807 571 ‚
1827 524 1866 563 &
1894 525 2140 567 contrariam

1169 579 1396 623 refellendo
1407 607 1421 631 ,
1441 580 1504 622 vel
1521 580 1813 635 impugnando,
1824 590 1892 624 aut
1904 580 1959 623 de
1974 582 2046 623 hac
2059 581 2141 636 ipsa

1168 638 1385 694 quaestione
1408 636 1575 692 cujusvis
1607 639 1796 694 pietatis,
1821 651 1889 681 aut
1908 638 2146 682 neceffitatis

1165 707 1362 753 praetextu
1378 696 1537 752 vulgari
1563 694 1746 739 sermone
1764 697 1937 741 scribere
1948 726 1964 749 ,
1988 698 2053 740 vel
2083 698 2147 740 di-

1164 757 1276 798 &are
1289 753 1560 813 presumeret,
1574 758 1639 810 qui
1650 755 1967 807 contrafaceret‚
1979 755 2004 796 s
1997 758 2049 799 us
2042 770 2142 812 pen-

1164 815 1280 857 sionis
1295 828 1456 870 poenam
1470 816 1494 858 a
1511 813 1661 856 divinis
1676 812 1822 871 absquo
1836 828 1939 857 nova
1954 814 2142 858 declara-

1167 876 1279 917 tione
1292 873 1373 929 ipso
1387 870 1492 914 fafto
1504 873 1732 915 incurreret
1748 901 1763 925 ,
1785 875 1811 915 fi
1839 873 1965 917 modo
1987 872 2087 916 esset
2103 874 2144 916 in

1168 933 1287 977 iactis
1317 932 1561 975 constitutus
1573 957 1588 979 ,
1619 933 1660 974 δι
1673 945 1931 988 quocumque
1948 943 2140 988 praeterea

1169 992 1295 1047 gradu
1310 1017 1325 1038 ,
1351 990 1432 1033 five
1457 990 1659 1046 dignitate
1670 1016 1684 1039 ‚
1720 990 1782 1033 vel
1800 991 2142 1035 administratione

1171 1052 1409 1106 fungeretur
1423 1077 1438 1100 ,
1465 1048 1546 1091 illis
1559 1050 1747 1092 omnibus
1775 1049 1879 1093 foret
1904 1051 1992 1106 ipso
2017 1049 2147 1106 jure-t

1169 1111 1354 1168 privatus
1368 1137 1383 1160 ‚
1404 1109 1447 1150 δι
1471 1106 1523 1149 ad
1546 1108 1717 1157 eadem,
1750 1108 1809 1152 vel
1827 1109 1964 1152 fimilia
1979 1122 2146 1152 munera

1165 1169 1387 1213 obtinenda
1400 1197 1417 1219 ,
1453 1166 1518 1211 vel
1538 1168 1728 1212 obeunda
1743 1178 1940 1225 perpetuae
1953 1168 2145 1212 inhabili-

1168 1230 1265 1271 tatis
1282 1229 1453 1271 censurae
1467 1256 1481 1280 ,
1506 1227 1593 1283 ipso
1606 1228 1726 1271 etiam
1743 1225 1849 1270 sacto
1860 1227 2062 1271 obnoxius
2075 1225 2144 1269 fo-

1169 1298 1234 1332 ret
1249 1317 1262 1339 ,
1286 1286 1401 1343 super
1413 1287 1559 1343 quibus
1573 1313 1588 1336 ,
1602 1286 1673 1330 nifi
1687 1289 1710 1332 a
1726 1289 1916 1330 Romano
1941 1284 2147 1331 Pontifice

1170 1359 1247 1403 pro
1261 1355 1444 1398 tempore
1469 1346 1665 1388 existente
1693 1344 1943 1401 dispensari,
1970 1348 2056 1388 five
2082 1342 2153 1385 ab·

1169 1402 1274 1449 solvi
1289 1417 1368 1445 nou
1385 1403 1510 1457 poffet
1521 1429 1535 1452 ,
1549 1404 1586 1445 &
1603 1403 1866 1446 nihilominus
1880 1403 1970 1444 aliis
1984 1403 2115 1459 poenis
2130 1430 2149 1454 ,

1170 1462 1197 1505 fi
1213 1474 1315 1515 opus
1333 1458 1439 1502 foret
1454 1485 1470 1507 ‚
1494 1462 1519 1503 ὲ
1547 1461 1713 1517 proprio
1725 1461 1898 1505 Praelato
1911 1475 1987 1517 pro
2011 1461 2151 1504 delicti

1172 1520 1355 1564 mensura
1380 1517 1612 1574 infligendis
1642 1517 1841 1576 subjectus
1871 1518 1967 1562 effet
1978 1548 1995 1572 ,
2025 1528 2151 1577 prout

1171 1577 1338 1630 sssbiecit
1353 1604 1368 1619 o

1224 1639 1264 1689 §-
1276 1650 1319 1691 4.
1381 1635 1604 1689 Caetertim,
1618 1636 1811 1694 quamdiu
1837 1652 1912 1694 per
1940 1636 2152 1693 Apostoli-

1174 1712 1262 1743 catn
1279 1695 1429 1740 sedem
1453 1695 1584 1739 altera
1617 1710 1707 1752 pars
1731 1695 1904 1740 diffinita
1924 1711 2007 1740 non
2022 1696 2117 1741 effet
2137 1724 2154 1749 ,

1172 1755 1438 1861 titulata:
1461 1754 1955 1870 ffisss‘sslicffffsssszsszss
1967 1757 2153 1872 2333?

1174 1874 1376 1923 tionibus,
1402 1873 1482 1916 five
1495 1873 1767 1917 Generalium
1784 1903 1800 1926 ,
1826 1883 1897 1916 aut
1914 1874 2152 1916 Provincia·

1172 1935 1271 1979 lium
1284 1931 1592 1988 capitulorum,
1611 1933 1693 1984 vel,
1708 1931 1774 1976 ubi
1788 1932 1885 1976 aliis
1898 1931 2150 1982 interessent,

1170 1995 1240 2051 qui
1258 2006 1343 2035 rem
1357 2005 1507 2046 capere
1523 1990 1707 2048 poffent,
1735 2004 1811 2034 nec
1833 1990 2007 2035 scandali
2034 1990 2153 2034 una..

1174 2049 1342 2098 subeffet
1356 2051 1519 2093 occafio
1532 2080 1546 2103 ‚
1560 2050 1612 2095 de
1625 2049 1696 2093 illa
1710 2049 1926 2107 quaestione
1942 2048 2152 2103 differere,

1172 2116 1210 2156 ει
1224 2110 1467 2166 argumentis
1480 2109 1719 2153 utramlibet
1735 2120 1891 2165 partem
1905 2106 2073 2153 asserere
2089 2108 2154 2151 vel

1174 2174 1410 2228 impugnare
1422 2198 1436 2221 ‚
1450 2169 1548 2213 dum
1562 2178 1698 2213 tamen
1715 2177 1857 2212 neutra
1887 2169 2017 2212 veluti
2032 2182 2155 2212 erro·

1174 2245 1248 2276 nea
1264 2227 1900 2287 praedicaretur,fervarenturque
1914 2229 1985 2272 illa
1998 2230 2153 2279 omnis,

1174 2304 1259 2348 quae
1271 2292 1294 2335 ὲ
1310 2288 1421 2332 dieto
1434 2288 1554 2332 Sixto
1573 2288 1867 2331 Proedeceffore
1881 2289 2026 2332 statuta
2042 2288 2128 2332 sunt
2139 2314 2156 2338 ,

1174 2362 1349 2409 quorum
1365 2348 1656 2403 fingula‚etiam
1670 2348 1867 2404 quantum
1882 2348 1932 2390 ad
1951 2348 2049 2390 alias
2064 2362 2154 2404 poe.

1175 2423 1269 2461 nas,
1278 2408 1399 2451 duxit
1413 2407 1662 2456 innovanda,
1674 2411 1712 2451 δι
1729 2408 1957 2456 innovavit,
1974 2416 2096 2464 prout
2115 2407 2156 2449 in

1176 2469 1279 2515 Sixti
1293 2496 1307 2519 ,
1321 2469 1361 2510 δι
1380 2467 1438 2510 Pii
1458 2467 1798 2512 Praedecefforum
1814 2465 1963 2510 litteris
1979 2467 2155 2523 desuper

1177 2543 1254 2573 con
1262 2527 1373 2571 festis
1388 2526 1547 2581 plenius
1562 2527 1797 2571 continetur
1811 2552 1823 2564 ·

1235 2588 1273 2638 ξ.
1289 2597 1327 2635 5.
1387 2587 1543 2630 Verum
1556 2614 1571 2638 ,
1584 2585 1684 2630 licet
1695 2588 1774 2630 haec
1790 2584 1963 2642 provide
1977 2584 2158 2629 statuta-a

1179 2645 1255 2688 fint
1269 2673 1283 2696 ‚
1297 2644 1582 2696 nihilominus,
1597 2644 1696 2690 ficut
1710 2645 1959 2700 accepimus,
1973 2643 2159 2688 nonnulli

1179 2705 1221 2747 in
1235 2703 1398 2745 diverfis
1413 2704 1636 2745 Christiani
1652 2705 1777 2747 Orbis
1792 2703 1977 2759 partibus
1992 2731 2007 2755 ,
2034 2704 2159 2747 inter·

1181 2762 1344 2805 minatis
1363 2762 1644 2817 questionibus
1669 2763 1786 2806 nimis
1814 2762 1993 2813 intenti,
2015 2761 2160 2805 diffen-

1184 2821 1341 2862 stonum
1358 2817 1586 2872 hujusmodi
1602 2818 1874 2875 ,jampridem
1891 2819 2080 2862 Ecclesiae
2092 2820 2160 2861 di-

1186 2877 1361 2933 sciplinae
1384 2876 1526 2931 vigore
1556 2877 1680 2919 recisa
1696 2903 1711 2928 ,
1732 2876 1910 2932 germina
1929 2876 2159 2920 coalescere

1187 2944 1414 2993 procurant
1429 2965 1444 2986 ,
1473 2936 1652 2992 indeque
1664 2938 1952 2979 contentiones
1964 2964 1978 2988 ,
2003 2938 2045 2979 δι
2064 2937 2157 2979 rixas

1185 3010 1266 3040 non
1294 2994 1373 3038 fine
1387 2995 1461 3037 Dei
1487 2992 1636 3038 offensa
1648 3024 1664 3047 ,
1685 2996 1727 3037 δι
1752 2994 1940 3038 scandalo
1969 2995 2160 3050 plurimo·-

1184 3069 1275 3098 rum
1287 3062 1436 3097 exortae
1447 3052 1552 3103 sunt,
1569 3055 1604 3095 &
1617 3053 1824 3110 graviores
1836 3054 1874 3095 in
1888 3052 1992 3102 dies,
2007 3069 2055 3096 ne
2065 3068 2159 3096 exo·

1183 3115 1358 3163 riantur,
1367 3112 1594 3168 periculum
1614 3114 1687 3165 est,
1697 3113 1764 3157 nifi
1778 3114 1804 3158 ὶ
1817 3112 1946 3157 Nobis
1959 3123 2158 3172 opportu-

1185 3173 1238 3216 οὲ
1253 3172 1520 3227 provideatur
1532 3200 1546 3215 .

1243 3233 1284 3282 §-
1295 3231 1337 3272 6.
1398 3232 1678 3292 Qamobrem
1692 3235 1811 3276 Motu
1827 3231 2091 3289 proprie,non
2103 3230 2157 3276 ad

1189 3289 1360 3347 alicujus
1374 3290 1504 3333 Nobis
1529 3290 1646 3349 super
1672 3292 1749 3335 hoc
1775 3291 1918 3335 oblatae
1948 3292 2159 3346 petitionis

1190 3348 1418 3392 instantiam
1428 3378 1445 3400 ,
1461 3348 1525 3393 sed
1536 3365 1583 3396 ex
1597 3362 1710 3395 certa
1725 3349 1886 3393 scientia
1897 3378 1912 3402 ,
1934 3364 1981 3393 ac
1999 3360 2158 3395 matura

1190 3409 1490 3453 deliberatione
1503 3410 1664 3460 nostris,
1677 3409 2021 3453 constitutionum
2035 3411 2158 3463 Sixri,

1189 3470 1231 3511 δι
1244 3468 1304 3510 Pii
1318 3467 1653 3513 Praedecefforum
1666 3467 1897 3525 hujusmodi
1911 3470 2088 3514 veriores
2103 3480 2162 3514 te.

1190 3541 1310 3571 nores
1323 3525 1579 3584 praesentibus
1593 3541 1670 3585 pro
1682 3526 1870 3582 expreiiis
1882 3553 1896 3577 ‚
1922 3529 1961 3570 ἃ
1988 3529 2040 3571 ad
2069 3536 2157 3572 veri

1188 3586 1282 3630 bum
1303 3584 1456 3629 insertis
1477 3588 1669 3631 habentes
1683 3615 1699 3639 ,
1720 3586 1875 3629 easdem
1889 3587 2156 3631 Constitutioss

1188 3660 1255 3690 nes
1277 3644 1512 3702 Apostolica
1541 3647 1788 3689 auetoritate
1816 3655 1965 3691 tenore
1987 3643 2153 3704 pra-stn-

1187 3706 1291 3750 tium
1306 3707 1572 3761 approbamus
1589 3735 1605 3758 ,
1617 3707 1659 3747 δι
1673 3702 1972 3758 confirmamus,
1985 3708 2023 3747 δι
2036 3702 2155 3745 etiam

1194 3764 1330 3819 quoad
1349 3778 1490 3807 earum
1505 3779 1648 3820 poenas
1663 3762 1919 3821 quascunque
1942 3764 2063 3806 etiam
2088 3760 2157 3826 ab·

1195 3823 1406 3883 solutionis
1421 3822 1735 3870 reservationem
1751 3824 1983 3868 innovamus
1998 3847 2012 3871 ,
2039 3820 2078 3858 &
2092 3830 2154 3865 me

1641 3886 1677 3928 A
1688 3898 1708 3925 a
1723 3897 1743 3924 a
1756 3897 1778 3923 a
2011 3890 2100 3919 vlo·
