2444 4192
1954 275 2093 326 121

173 384 398 536 ΙΝ
433 389 742 534 ΝΟ
775 386 1215 531 CEN
1250 381 1727 526 TIUS
1850 391 2166 528 VII,

169 603 325 659 Patric'i
349 603 646 676 Sulmonenfis,
683 604 848 670 Cosmus
861 637 877 659 ,
914 603 998 652 vel
1017 607 1151 666 juxta
1184 601 1290 648 alios
1320 598 1548 666 Ccfimatus
1579 597 1628 645 de
1645 594 1895 645 Melioratis
1911 631 1926 653 ,
1946 595 2170 661 Presbyter

238 675 480 727 Cardinalis
505 682 579 728 tit.
611 675 656 727 S.
683 676 830 727 Crucis
856 676 901 722 in
929 673 1187 739 Hierusalem
1219 690 1298 730 17·
1326 669 1524 719 OHobris
1561 686 1709 731 1404.
1747 667 1979 716 Romanum
2018 668 2174 718 ‘Ponti-

223 748 407 813 ficatum
431 749 572 800 Romae
601 749 778 804 retulit,
813 746 872 809 ac}
887 747 1023 793 tenuit
1053 744 1172 812 usque
1212 742 1270 790 ad
1287 742 1396 790 diem
1425 750 1477 789 6.
1508 738 1776 792 Novembris
1816 748 1964 802 1406.
2006 758 2083 808 quo
2110 741 2175 802 deff

235 817 370 868 bitum
393 836 547 870 naturae
570 819 719 888 sblvit
734 853 750 877 ,
777 820 822 865 in
850 814 1036 884 Bafi'lica
1070 814 1118 864 S.
1148 813 1267 863 Petri
1299 814 1497 862 humatus
1514 849 1526 861 .

406 963 1109 985 ῌ--ῴι--
1117 961 1226 978 —
1584 962 2167 978 ————-—u——

182 1056 2179 1207 GREGORIUSXIL

165 1259 357 1312 *Venetus
373 1299 389 1322 ‚
418 1279 540 1313 antea
587 1263 777 1333 Angelus
812 1266 1013 1315 Corarius
1029 1300 1046 1323 ,
1084 1265 1338 1315 Patriarcba
1377 1261 1868 1326 Constantinopolitanus
1898 1296 1914 1318 ,
1952 1258 2183 1322 Presbyter

238 1332 482 1384 Cardinalis
513 1337 588 1384 tit.
620 1335 666 1384 S.
698 1335 851 1387 Marci
887 1353 971 1396 30.
1008 1334 1229 1387 Novemb.
1256 1337 1341 1386 vel
1371 1353 1416 1384 2.
1452 1331 1662 1385 Decemb.
1703 1342 1851 1395 1406.
1886 1329 1914 1378 ἃ
1943 1329 2183 1380 Cardinali-

243 1402 319 1454 bus
353 1405 499 1457 Rome
523 1404 801 1457 existentibus
831 1406 1006 1456 eveHus
1035 1405 1104 1455 ef]
1123 1408 1180 1455 ad
1211 1405 1420 1472 Papatum
1435 1440 1450 1462 ,
1489 1409 1554 1452 cui
1594 1407 1648 1451 in'
1668 1403 1854 1452 Concilio
1881 1400 2192 1469 ConHantiensi

247 1493 300 1539 4.
323 1475 454 1545 Julii
492 1494 640 1541 1415.
674 1478 816 1546 ceffi't.
846 1475 1074 1528 Mortuus
1107 1479 1306 1529 Recineti
1354 1494 1404 1539 4.
1438 1475 1569 1543 ‘Julii
1606 1492 1754 1537 1417.
1807 1492 1895 1522 cum
1925 1472 2056 1520 titulo
2085 1470 2185 1522 Car-

236 1547 395 1597 dinalis
425 1548 659 1616 Portuenfis
673 1586 690 1608 ,
716 1557 771 1600 ξς
792 1554 986 1616 perpetui
1015 1549 1171 1618 Legati
1195 1545 1413 1599 Marcbiae
1429 1582 1445 1606 ,
1481 1546 1622 1616 ibique
1670 1550 1715 1593 in
1743 1544 1926 1613 Ecclefia
1957 1542 2185 1605 Cathedrae

162 1641 166 1645 >
241 1617 282 1666 li
311 1615 624 1687 Pontificaliter
645 1622 877 1687 tumulatus
893 1656 907 1670 .

411 1768 2176 1790 ———--———-—.——————-——-—

185 1864 2192 2010 ALEXANDERV.

181 2058 312 2111 Prius
341 2059 492 2112 Petrus
515 2062 744 2131 Pbilargus
770 2077 1022 2130 nuncupatus
1035 2098 1051 2120 ,
1076 2066 1255 2112 Ordinis
1288 2065 1512 2112 Minorum
1556 2066 1763 2131 Profeffbr
1779 2101 1795 2123 ,
1823 2063 2053 2127 Presbyter
2087 2061 2191 2110 Car-

248 2131 405 2186 dinalis
426 2137 500 2182 tit.
535 2133 614 2182 SS.
642 2134 929 2199 Apostolorum
944 2170 960 2193 ,
992 2136 1039 2181 in
1074 2133 1261 2183 Concilio
1296 2132 1444 2198 Pisano
1475 2131 1655 2198 Seffione
1679 2135 1835 2180 decima
1856 2151 1959 2180 nona
1974 2167 1990 2188 ,
2014 2133 2083 2180 die
2105 2142 2189 2182 26.

149 2241 153 2244 .
243 2201 386 2267 Plinii
429 2218 526 2262 140
529 2219 582 2258 9.
613 2201 772 2263 Christi
810 2206 855 2247 in
879 2206 1007 2249 terris
1046 2203 1243 2249 Vicarius
1279 2206 1541 2250 renuntiatus
1568 2207 1620 2268 est
1648 2239 1663 2258 ,
1702 2202 1925 2251 Bened1H0
1956 2199 2105 2252 XIII.
2136 2209 2191 2252 &

240 2268 447 2337 Gregorio
476 2265 601 2320 XII.
631 2271 758 2335 prius
800 2270 1093 2318 exauthoratis
1121 2305 1132 2317 .
1174 2268 1309 2332 Geffi‘t
1352 2269 1601 2317 Alexander
1633 2271 1779 2335 sacras
1823 2276 1944 2319 vices
1971 2286 2047 2334 per
2081 2263 2193 2320 men-⁴

229 2337 302 2408 fis
332 2358 411 2391 10.
436 2339 492 2389 (2‘
534 2339 622 2389 dies
649 2343 697 2389 8.
744 2346 798 2389 &3
827 2338 1035 2389 'Bononiae
1068 2358 1117 2403 4.
1153 2338 1274 2388 Maii
1319 2356 1462 2401 1410.
1492 2340 1615 2389 beata
1647 2355 1779 2387 morte
1806 2357 1873 2388 eas
1905 2341 2193 2406 explevit‚in

242 2409 428 2481 Ecclessa
449 2410 651 2461 Fratrum
664 2411 835 2478 suorum
864 2411 1019 2460 ibidem
1037 2411 1229 2479 fipultus
1246 2444 1264 2470 ,
1279 2409 1505 2460 Benedit‘io
1533 2412 1806 2479 &Gregorio
1820 2411 1953 2460 adhuc
1980 2413 2031 2461 de
2041 2417 2190 2477 jure„

244 2478 368 2532 Sedis
387 2497 580 2550 potenter
608 2482 944 2534 contendentibus
961 2518 974 2531 .

175 2549 250 2601 De
282 2553 370 2602 loco
406 2556 584 2622 originis
629 2553 874 2604 Alexandri
907 2568 1044 2604 manet
1083 2557 1195 2603 inter
1237 2553 1589 2620 historiographos
1634 2551 1843 2618 diffi'dium
1865 2588 1881 2611 ,
1916 2553 2017 2600 aliis
2050 2552 2191 2602 Eum..

243 2620 536 2692 Bononienstm
563 2660 582 2686 ,
600 2626 702 2675 aliis
730 2625 961 2692 Cretenfim
976 2662 991 2684 ,
1009 2626 1085 2693 seu
1124 2626 1174 2674 de
1196 2624 1357 2675 Candia
1375 2659 1392 2682 ,
1430 2624 1532 2672 aliis
1576 2643 1628 2671 ex
1657 2639 1751 2672 ortu
1781 2623 2070 2690 Bononienfim
2084 2658 2100 2680 ‚
2136 2625 2191 2671 (9³

119 2725 138 2759 ι
239 2711 298 2743 ex
337 2696 523 2746 incolatu
540 2699 586 2746 in
620 2694 765 2765 Infiela
787 2698 953 2766 longius
977 2697 1193 2763 protraHo
1218 2693 1450 2762 Cretensem
1488 2694 1773 2744 aflru'entibus
1790 2734 1802 2746 .
1842 2696 2009 2746 Certior
2054 2710 2188 2742 manet

139 2757 144 2778 ¹
243 2769 485 2816 meritorum
513 2767 635 2816 illius
660 2771 987 2818 commemoratio
1013 2771 1059 2816 in
1094 2769 1321 2836 Epitaphio
1353 2770 1444 2825 ejus
1476 2771 1542 2816 ita
1569 2769 1851 2836 comprehensa
1867 2804 1880 2816 .

175 2835 316 2887 retro
343 2836 562 2906 Philan-go
586 2836 827 2896 Cretensi,
855 2841 977 2890 Viro
1005 2837 1167 2909 insigni
1190 2876 1205 2897 ‚
1245 2840 1439 2890 Oratori
1480 2841 1692 2909 gentium
1710 2875 1727 2897 ,
1759 2838 2094 2891 Concionatori
2130 2834 2188 2884 fa·

245 2904 524 2958 cundiffimo
546 2915 569 2966 ,'
590 2906 866 2960 Confiliario
898 2915 1087 2961 Ducum
1107 2946 1122 2969 ,
1161 2908 1450 2978 Disputatori
1480 2912 1749 2966 acerrimo,
1789 2905 1969 2959 Parifiis
2002 2906 2185 2975 publice?

244 2977 560 3047 Theologiam
605 2976 840 3046 profitenti
873 3016 889 3039 ‚
922 2982 970 3032 in
1003 2996 1202 3048 quatuor
1233 2982 1572 3032 Sententiarum
1616 2979 1757 3029 libros
1795 2979 2022 3044 scriptori
2062 2982 2185 3028 locu-

178 3106 187 3114 ·
247 3047 530 3108 lentiffimo,
565 3050 644 3117 qui
673 3066 730 3100 ex
762 3049 942 3102 Ordine
975 3055 1220 3103 Minorum
1251 3052 1312 3102 ad
1340 3049 1664 3119 Episcopatum
1708 3049 1994 3106 Vincentiae,
2026 3052 2185 3098 Nova·

175 3159 180 3163 .
250 3119 331 3169 riae
354 3154 372 3178 ,
410 3116 876 3188 Archiepiscopatum
924 3120 1323 3173 Mediolanensem
1352 3158 1368 3180 ,
1400 3120 1789 3180 cardinalatum,
1825 3120 1874 3171 δι
1909 3117 2093 3167 tandem
2122 3115 2181 3165 ad

253 3191 439 3241 Summi
470 3188 776 3258 Pontificatfis·
803 3192 980 3259 apicem
1014 3195 1198 3244 evestus
1217 3229 1231 3251 ‚
1261 3191 1310 3244 ὅ(
1341 3191 1603 3242 Alexander
1631 3196 1694 3243 V.
1715 3194 1999 3262 appellatus,
2031 3193 2182 3238 Bono-

253 3261 341 3312 πίε
378 3263 588 3312 monitui·
617 3280 739 3312 anno
784 3260 939 3313 salutis
970 3266 1283 3318 MCCCCX.
1317 3259 1620 3314 Pontificatfis
1660 3260 1729 3315 sui
1780 3258 1931 3314 mense
1971 3259 2140 3311 oflavo
2163 3293 2181 3317 ,

256 3338 283 3395 (
312 3333 387 3400 gel
413 3332 580 3389 melitis
605 3335 629 3397 )
665 3332 848 3385 decimo
866 3370 880 3385 .

377 3936 479 3978 Tom-
508 3941 565 3984 γι,
1521 3952 1563 4003 Q
2024 3931 2122 3970 P‘O·
