2444 4192
797 105 958 229 Sub
1018 148 1396 233 Clemente
1460 138 1614 234 Vl
1641 145 1684 226 J
1709 144 1764 227 J.

276 290 395 337 hendi
412 292 519 334 casus
533 315 546 337 2
560 289 625 345 qui
640 289 685 332 in·
698 289 809 333 Bulla
824 293 891 334 die
907 300 1047 340 Coenae
1063 301 1227 341 Domini

275 349 358 407 legi
387 348 573 391 consueta
602 350 861 393 continentur
887 364 900 394 :
929 366 974 394 ac
1000 366 1223 406 pateres-J

274 406 517 452 violationis
555 408 819 451 immunitatis
861 409 1142 454 Ecclefiasticae
1185 415 1226 454 in

274 465 456 509 terminis
466 465 774 510 Constitutionis
791 463 857 508 fel.
872 479 951 509 rec.
964 470 1092 520 Greg.
1109 471 1225 510 XIV.

273 523 511 582 quaeincipit
530 536 543 566 ε
566 529 662 568 Cum
677 524 987 571 alia'rnonnulli,
1019 526 1223 566 violatio-

270 584 330 626 nis
351 581 540 626 clausurae
566 583 804 628 Monialium
834 588 884 630 ad
916 581 1221 625 malurnfinem:

268 638 584 689 Provocantium
599 644 635 685 &
649 641 907 698 pugnantium
921 642 959 682 in
975 638 1217 692 duello,jux-

271 710 312 743 ta
331 702 549 743 Decretum
564 701 674 749 Sacri
691 699 864 745 Concilii
879 697 1111 742 Tridentini
1138 725 1152 748 ,
1181 699 1221 742 δι

267 758 614 807 constitutionem
627 757 974 815 fel-rcc.Gregorii
986 757 1220 812 Papaexlll·

270 817 531 871 incipientem
558 830 571 861 ε
597 818 662 861 Ad
678 817 888 866 tellendusae
903 847 916 858 .
948 816 1220 875 lnjicientium

268 873 465 917 violentas
490 888 629 917 manus
657 877 694 919 in
708 875 920 925 Clericus,
949 874 1059 929 juxta
1081 877 1220 917 Cano·

265 947 354 979 nem
369 932 434 990 :st
441 933 718 991 quissiaadente
731 934 812 985 δι’.
823 935 920 977 xvii.
935 946 973 988 q.
991 947 1033 988 4.
1059 947 1107 977 ac
1119 933 1217 990 juris

262 990 564 1046 dispofitionem
577 1006 590 1042 z
605 993 791 1041 Simonias
805 993 923 1041 reali-s
938 991 1110 1036 scienter
1122 1006 1217 1036 con·

262 1053 534 1107 “adimatque
548 1051 670 1101 ctiam
681 1049 930 1096 confidentia
944 1049 1186 1095 beneficialis
1200 1062 1214 1094 2

261 1110 367 1156 Item
383 1123 521 1154 omnes
533 1107 645 1158 casus,
656 1139 671 1162 ‚
700 1124 796 1165 quos
809 1110 1012 1157 Ordinarii
1029 1110 1214 1154 locorum

260 1167 331 1212 fibi
359 1165 615 1218 reservarunt
637 1197 654 1218 ,
676 1168 738 1214 vel
764 1169 1008 1224 inposterum
1031 1167 1214 1212 reserva-

260 1226 389 1270 bunt..
421 1225 467 1265 In
492 1225 639 1280 quibus
663 1226 849 1267 omnibus
873 1226 952 1281 jam
968 1228 1213 1272 enumeratis

257 1281 406 1325 casibus
421 1282 659 1333 dumtaxat,
689 1283 730 1330 δι
749 1281 901 1327 sublata
927 1288 1047 1326 etlam
1061 1296 1213 1339 poena„

258 1339 524 1385 inhabilitatis
562 1338 752 1386 audiendi
764 1338 884 1385 conse
891 1340 1030 1387 ffiones
1046 1366 1061 1393 ,-
1072 1340 1213 1384 eadem

260 1401 387 1450 Sacra
401 1397 783 1456 Congregatioyult
806 1400 847 1443 δι
876 1400 1054 1452 mandat,
1063 1398 1213 1451 dietum

261 1459 486 1508 Decretum
500 1459 539 1511 in
550 1457 615 1506 sua
628 1453 818 1511 firmitate
833 1459 874 1500 δι
885 1457 1051 1513 pristino
1063 1458 1212 1501 robore

261 1529 490 1572 permanere
503 1529 516 1559 ε
531 1517 593 1570 Ας
607 1525 800 1571 praterea
811 1516 1000 1561 declarat
1030 1529 1101 1559 eos
1122 1517 1212 1572 qui..

243 1600 245 1602 v
260 1574 352 1616 dem
367 1571 610 1627 SacerdotEs
624 1601 638 1623 ‚
672 1582 752 1616 tam
779 1575 994 1620 seculares
1007 1601 1021 1623 ,
1052 1577 1210 1630 quam-³

258 1631 484 1686 Regulares
497 1659 511 1682 ,
527 1633 594 1687 qui
607 1631 742 1688 aliquo
760 1647 807 1676 ex
821 1634 1062 1689 privilegiis,
1074 1633 1210 1675 indul·

257 1690 309 1732 tis
323 1717 338 1739 ,
372 1691 413 1731 &
441 1688 700 1734 facultatibus
725 1691 765 1732 in
793 1690 1018 1746 supradicto
1032 1692 1211 1733 Decreto

251 1746 466 1814 gxpreffia,
482 1746 628 1792 suffulti
640 1744 791 1796 fuerint
805 1777 820 1799 ,
833 1747 937 1804 posse
948 1747 1052 1801 irrata
1066 1762 1209 1791 eorum

260 1805 476 1907 {n'ssffih
489 1834 504 1859 ,
513 1805 673 1907 imm
685 1833 710 1857 ,.
722 1801 984 1908 &trfacuul'tates
995 1834 1010 1859 ,
1026 1807 1102 1909 ‘pigi
1116 1818 1207 1908 ³‘¹'.‘.e

258 1877 368 1908 lem
445 1873 529 1908 uret
635 1878 707 1908 eee
752 1879 821 1917 as,
949 1880 1002 1908 uae
1043 1880 1066 1908 u
1117 1880 1206 1908 ans

258 1922 586 1976 revocationibus
596 1935 678 1971 uon
691 1879 1103 1979 czmprehenidumur,
1118 1935 1207 1967 tan-

258 1981 364 2032 tum,
377 1982 418 2030 ὃς
432 1994 512 2024 non
526 1980 622 2027 alias
635 1980 845 2024 absolvere
855 1983 878 2026 a
892 1981 1043 2028 casibus
1058 1981 1096 2024 in
1110 1995 1209 2037 prae-

258 2039 360 2083 senti
380 2039 654 2082 declaratione
678 2053 760 2083 non
782 2039 1101 2095 comprehenfis:
1123 2039 1209 2080 aliis

261 2099 362 2148 vero,
376 2097 660 2143 Sacerdotibus
678 2097 901 2153 hujufinodi
909 2099 1119 2155 privilegia
1132 2111 1213 2140 non

258 2156 499 2200 habentibus
510 2183 524 2208 ,
541 2154 640 2199 nihil
652 2155 704 2198 de
717 2169 824 2198 novo
837 2156 1010 2202 concedi
1023 2185 1035 2197 .
1051 2157 1149 2206 scd,
1163 2170 1212 2196 ne

256 2214 440 2266 locorum
457 2211 666 2258 Ordinarii
679 2238 694 2262 ‚
714 2212 763 2253 ad
786 2225 885 2266 quoa
909 2208 1066 2254 casuum
1084 2211 1210 2254 reser-

255 2270 370 2312 vatio
383 2268 532 2326 spectat
541 2299 557 2322 ,
578 2282 626 2312 ea
655 2268 694 2311 in
721 2281 764 2311 re
791 2268 957 2312 modum
982 2268 1178 2313 excedant
1196 2297 1210 2320 ,

255 2318 396 2374 eadem
418 2329 537 2372 Sacra
554 2327 835 2384 congregatio
859 2327 950 2371 illos
975 2327 1109 2371 rursus
1134 2343 1213 2371 ma·

312 2401 434 2443 opere
447 2386 725 2430 admonendos
739 2385 890 2439 censet,
906 2395 952 2430 ut
968 2388 1046 2430 non
1061 2385 1210 2442 paffim,

271 2444 341 2498 ed,
354 2460 446 2490 eum
461 2445 501 2495 id
520 2444 721 2488 videbitur
734 2448 936 2489 communi
954 2446 1063 2488 bono
1089 2459 1211 2500 expe-

254 2504 347 2547 dire
357 2532 371 2557 ,
381 2505 628 2549 atrociorum
642 2502 799 2546 tantum
812 2531 827 2554 ,
840 2505 880 2546 δι
893 2505 1122 2560 graviorum
1133 2503 1211 2545 cri-

254 2562 410 2607 minum
425 2561 719 2607 absolutionem
732 2562 800 2606 fibi
813 2563 1209 2619 reservent,quorum

253 2619 472 2673 reservatio
483 2620 536 2664 ad
549 2620 815 2666 Christianam
837 2621 1084 2678 disciplinam
1110 2620 1208 2664 reti-

253 2679 429 2725 nendam
438 2677 622 2727 conserat
636 2679 678 2722 in'
692 2679 996 2725 edificationem
1008 2709 1023 2733 ,
1045 2695 1122 2723 non
1138 2692 1209 2721 au-

255 2746 340 2782 tem
371 2738 411 2780 iu
435 2737 743 2780 dem-unionem
772 2738 892 2781 cedat
906 2751 919 2780 ε
949 2753 1000 2781 ne
1030 2738 1210 2795 alioquin

253 2795 510 2840 sacramenti
530 2795 790 2838 Poeuitentiae
804 2795 1078 2839 Ministrorum
1090 2809 1210 2838 coar-

253 2857 360 2897 Ctata
386 2851 601 2910 potestate,
615 2853 760 2895 Sanetae
774 2853 916 2895 Matris
933 2849 1114 2896 Ec'elefiae
1141 2853 1211 2909 pia

254 2911 384 2957 menti
398 2908 797 2956 contrarius-effeetus
811 2908 1068 2968 subsequatur
1079 2939 1090 2950 .
1105 2912 1208 2954 Fro-

255 2970 367 3015 hibet
383 2970 506 3013 etiam
517 2997 533 3021 ,
556 2983 606 3011 ue
623 2967 691 3011 fibi
708 2967 904 3023 superflue
920 2969 1122 3014 reservent
1138 2985 1206 3012 ca-

208 3079 212 3082 *
252 3028 314 3072 sus
329 3030 368 3071 in
383 3029 498 3072 Bulla
512 3027 579 3070 die
587 3029 725 3070 Coenae
739 3027 901 3070 Domini
917 3026 998 3084 legi
1013 3029 1204 3072 consueta

252 3096 487 3139 contentos,
500 3099 632 3143 neque
647 3085 750 3128 alios
766 3085 859 3129 Sedi
875 3085 1110 3142 Apostolicae
1123 3087 1206 3140 spe-

254 3145 412 3198 eialiter
424 3146 645 3195 reservatos
660 3175 671 3185 .
705 3143 958 3188 Facultatem
974 3145 1076 3187 vero
1101 3146 1140 3187 ὰ
1153 3144 1204 3189 li-

253 3203 430 3266 Qfflm
454 3202 687 3251 absolvendi
717 3205 742 3253 a
783 3204 931 3247 casibus
959 3203 1166 3247 reservatis
1187 3232 1204 3255 ,

252 3273 373 3319 ‚vum
399 3262 441 3310 in
458 3262 617 3323 scriptis
632 3260 789 3311 tantum
806 3258 978 3310 concedi
995 3261 1207 3319 permitte-

976 3409 1196 3475 ΝΟ

2020 181 2183 261 337

1289 303 1432 346 batur,
1459 300 1580 341 etiam
1595 297 1676 338 sola
1708 295 1800 336 viva
1818 295 1915 338 voce
1942 307 2108 344 concedi
2134 306 2238 359 posse

1286 355 1467 398 declarat
1486 383 1498 395 .
1536 351 1756 400 Caeterum,
1774 365 1827 391 ne
1840 355 1924 405 quis
1940 361 2239 405 Sacerdoturn...

1288 410 1527 453 saecularium
1541 435 1555 458 ,
1569 419 1639 450 aut
1664 407 1927 460 Regularium
1942 441 1957 460 ,
1987 413 2054 453 sub
2075 428 2239 468 praetex-

1287 478 1356 516 tu,
1381 464 1489 519 quod
1511 478 1580 517 per
1610 464 1892 517 primodictum
1922 470 2143 513 Decretum
2159 488 2238 517 non

1286 524 1407 565 fucrit
1422 520 1660 562 sufficienter
1675 535 1815 563 eorum
1833 521 2065 576 specialibus
2081 530 2237 582 privile·

1282 582 1356 636 giis
1371 580 1612 634 derogatum
1627 605 1641 626 a
1655 579 1786 623 eidem
1799 583 1984 624 Decreto
1997 612 2011 634 ,
2028 585 2125 628 ficut
2143 602 2242 641 prae-

1281 637 1651 689 fertur,dcclarato,
1662 642 1952 683 contravenire
1966 639 2128 695 audeat,
2141 651 2239 687 San·

1281 699 1395 739 &itas
1417 702 1495 740 Sua
1510 697 1901 750 constitutionibus,
1933 702 1973 742 δι
1999 702 2238 751 Ordinatio-

1283 757 1395 798 nibus
1413 755 1655 810 Apostolicis
1667 756 1869 809 omnibus,
1883 758 1921 799 in
1941 757 2126 802 favorem
2143 776 2241 818 quo-

1281 828 1528 869 rumcunque
1544 814 1743 858 Ordinum
1770 813 1834 859 seu
1861 818 2143 862 Institutorum
2159 822 2236 862 Re-

1279 874 1496 929 gularium,
1511 882 1580 915 aut
1598 873 1863 916 sacerdotum
1881 885 1962 918 tam
1977 877 2232 929 saecularium,

1277 934 1395 988 qu'am
1414 931 1678 988 Regularium
1692 933 1993 980 editis‚necnon
2006 938 2235 980 eorundem

1278 990 1507 1042 Ordinum,
1522 988 1587 1032 seu
1604 990 1882 1045 Institutorum
1897 1020 1911 1042 ,
1941 1007 1987 1035 ac
2004 996 2123 1038 etiam
2154 998 2235 1038 Ec-

1275 1048 1481 1092 clefiarum
1494 1050 1560 1100 2&
1576 1049 1911 1092 Monastcriorum
1926 1080 1941 1102 ‚
1969 1055 2009 1099 ὃς
2021 1054 2232 1097 aliorum-a

1274 1106 1517 1154 saecularium
1533 1136 1547 1159 ,
1562 1106 1627 1149 seu
1647 1108 1915 1163 Regularium
1930 1110 2115 1156 locorum
2129 1127 2234 1168 quo·

1274 1180 1521 1223 rumcunque
1537 1166 1660 1208 etiam
1688 1167 1941 1222 inminente,
1953 1169 2235 1212 confirmatio-

1276 1239 1325 1271 ne
1339 1226 1568 1280 Apostolica
1588 1254 1602 1276 ,
1623 1225 1684 1267 vel
1703 1227 1842 1283 quavis
1857 1225 2048 1275 firmitate
2071 1230 2147 1274 alia
2169 1242 2237 1271 ro-

1275 1283 1426 1324 boratis
1445 1285 1601 1326 statutis
1615 1284 2047 1333 ‚ecconsuetudinibus
2064 1317 2080 1339 ‚
2107 1288 2237 1341 privi-

1277 1339 1391 1394 legiis
1404 1355 1565 1396 quoque
1593 1340 1762 1384 indultis
1777 1370 1791 1393 ,
1813 1342 2016 1387 &litteris
2032 1343 2238 1399 Apostoli-

1272 1400 1346 1450 cis,
1356 1399 1478 1440 etiam
1496 1397 1597 1441 Mari
1613 1400 1782 1453 Magno,
1795 1401 1862 1442 seu
1877 1401 1997 1444 Bullae
2010 1415 2154 1452 auree,
2167 1412 2237 1445 aut

1272 1456 1367 1499 alnas
1384 1457 1623 1514 nuncupatis
1641 1455 1791 1500 eisdem
1811 1460 2033 1503 Ordinibus
2050 1487 2064 1510 ,
2079 1459 2147 1503 seu
2169 1463 2238 1503 ln·-

1271 1514 1418 1557 ssitutis
1436 1545 1452 1566 ,
1479 1530 1523 1559 ac
1551 1516 1674 1560 etiam
1692 1516 1878 1560 Ecclefiis
1908 1520 1946 1561 δι
1968 1520 2234 1570 Monastcriis,

1271 1573 1310 1614 &
1324 1573 1570 1616 faecularibus
1597 1572 1663 1621 seu
1694 1576 1964 1628 Regularibus
1986 1577 2089 1623 locis
2119 1605 2133 1627 ‚
2164 1588 2235 1621 aut

1274 1628 1457 1687 personis
1476 1630 1544 1674 sub
1556 1631 2083 1690 quibusmnquetenoribus
2099 1638 2136 1682 δι
2150 1635 2234 1678 sor·

1273 1690 1344 1732 mis
1360 1718 1376 1740 ,
1407 1704 1452 1731 ac
1468 1704 1559 1734 cum
1577 1690 1787 1748 quibusvis
1812 1694 1929 1736 etiam
1953 1696 2234 1751 derogatoria-

1269 1761 1363 1793 rum
1375 1747 1679 1803 derogatoriis,
1710 1751 1878 1809 aliisque
1902 1753 2201 1797 efficacioribus
2218 1783 2233 1805 ,

1266 1808 1308 1848 δι
1333 1805 1500 1849 insolitis
1529 1808 1716 1851 clausulis
1746 1836 1761 1858 ι,
1791 1825 1946 1854 necnon
1975 1813 2232 1855 irritantibus

1265 1866 1306 1907 δι
1318 1865 1405 1907 aliis
1418 1865 1615 1918 decretis,
1634 1867 1757 1908 etiam
1783 1872 1902 1911 Motu
1918 1870 2086 1923 proprio
2099 1898 2114 1919 ,
2131 1872 2168 1912 &
2184 1884 2234 1912 ex

1266 1934 1381 1967 certa
1397 1926 1589 1976 scientia,
1615 1939 1661 1972 ac
1674 1924 1727 1968 de
1747 1929 1779 1970 A
1798 1927 2000 1982 postolicae
2021 1928 2231 1982 potestatis

1253 1981 1519 2036 ·plenitudiue
1532 2010 1547 2031 ,
1570 1993 1640 2025 aut
1655 1982 1755 2027 alias
1777 1985 2093 2032 quomodolibet
2109 1987 2233 2033 etiam
2259 1996 2267 2006 ·

1270 2051 1344 2092 per
1359 2038 1462 2079 viam
1475 2040 1855 2083 communicationis
1876 2069 1890 2093 ,
1914 2044 1979 2084 stu
1993 2043 2234 2090 extensionis

1270 2094 1459 2137 conccffis
1473 2125 1486 2144 ,
1518 2109 1563 2136 ac
1594 2097 1717 2137 etiam
1748 2098 1901 2140 iteratis
1920 2099 2074 2146 vicibus
2088 2114 2237 2157 appro-

1272 2154 1377 2195 batis
1393 2181 1408 2202 ,
1425 2156 1465 2199 δι
1489 2156 1691 2197 innovatis
1708 2185 1721 2207 ,
1749 2156 1900 2198 etiamfi
1927 2171 2000 2213 pro
2028 2157 2234 2202 illorum,

1271 2210 1483 2253 sufficienti
1501 2213 1768 2267 derogatione
1779 2215 1830 2256 de
1848 2215 1929 2257 illis
1943 2243 1957 2265 ‚
1973 2231 2232 2274 eorumque,

1274 2267 1372 2310 totis
1391 2270 1594 2313 tenoribus
1610 2299 1623 2322 ,
1638 2273 1678 2313 &
1700 2269 1840 2314 formis
1855 2300 1868 2323 ,
1882 2272 2060 2329 specialis
2074 2305 2087 2328 ,
2106 2278 2230 2331 speci-

1273 2324 1370 2378 fica,
1384 2328 1583 2384 exprefl'a,
1604 2330 1861 2374 &individua
1879 2358 1894 2380 ·,
1918 2346 1964 2376 ac
1979 2334 2030 2376 dc
2046 2335 2168 2377 verbo
2182 2337 2230 2378 ad

1273 2388 1438 2428 verbum
1452 2415 1467 2439 ,
1482 2401 1561 2429 non
1573 2399 1709 2431 autem
1728 2404 1799 2444 per
1813 2389 2007 2434 clausulas
2020 2394 2230 2450 generales

1271 2445 1379 2488 idem
1398 2446 1664 2501 imponantes
1682 2477 1696 2499 ,
1709 2449 1863 2491 mentio
1878 2477 1892 2500 ,
1905 2449 1970 2492 seu
1983 2454 2131 2506 quaevis
2147 2455 2227 2495 alia

1270 2504 1464 2559 expreffio
1478 2505 1661 2549 habenda
1673 2533 1687 2555 a
1703 2517 1774 2549 aut
1789 2506 1866 2549 alia
1878 2510 2071 2563 exquisita
2098 2509 2227 2552 forma

1270 2561 1462 2605 servanda
1476 2563 1594 2613 esset,
1610 2573 1771 2608 tenores
1795 2563 2019 2619 hujusmodi
2036 2596 2050 2619 ,
2071 2582 2117 2609 ac
2132 2568 2156 2610 fi
2176 2569 2228 2611 de

1271 2622 1397 2663 verbo
1410 2621 1460 2663 ad
1477 2623 1644 2665 verbum
1662 2650 1675 2672 ,
1691 2625 1791 2666 nihil
1808 2625 1970 2679 penitus
1987 2624 2126 2669 omiss‘o
2144 2655 2158 2677 ,
2189 2629 2230 2669 ee

1269 2679 1398 2723 forma
1417 2681 1552 2724 inillis
1572 2681 1721 2724 tradita
1736 2683 1942 2725 obst-zvara
1956 2710 1971 2732 ‚
2002 2680 2137 2727 inserti
2164 2682 2232 2727 so-

1269 2750 1377 2789 rem,
1392 2738 1644 2796 prasentibus
1659 2755 1733 2795 pro
1749 2742 1936 2798 exprcffis
1948 2743 2114 2794 habens,
2129 2758 2229 2798 quo·

1270 2798 1407 2849 adea,
1429 2812 1514 2855 qua:
1543 2797 1802 2854 presentibus
1838 2801 2124 2852 adversantur,
2144 2804 2226 2845 illis

1270 2856 1367 2899 alias
1386 2857 1424 2897 in
1441 2856 1511 2897 suo
1527 2858 1676 2900 robore
1689 2859 1978 2909 permansuris,
1996 2861 2071 2902 hac
2090 2861 2225 2906 vice-s

1267 2913 1476 2956 dumtaxat
1503 2910 1734 2967 specialiter
1757 2916 1797 2955 δι
1811 2914 1998 2968 expresse
2024 2917 2194 2973 derogat
2210 2947 2224 2974 ,

1266 2972 1477 3015 contrariis
1491 2971 1796 3028 quibuscunque
1824 2985 1905 3014 non
1918 2972 2165 3017 obstantibus
2181 3003 2194 3018 .

1380 3032 1522 3072 Rome
1535 3030 1601 3072 die
1621 3043 1744 3073 xxvi.
1761 3030 2004 3074 Novembris
2020 3047 2143 3077 moer
2156 3049 2191 3077 ι.

1320 3147 1528 3201 Exemplar
1544 3146 1732 3189 Autbcnt.
1750 3147 1799 3195 δ’
1815 3151 1945 3191 Romae
1955 3147 2221 3207 imprffem..

1377 3207 1421 3246 in
1449 3205 1619 3252 Archino
1642 3207 1824 3262 generali
1848 3208 2007 3252 Ordinis
2031 3206 2220 3259 Armatib

1381 3264 1629 3313 Authentiea
1645 3293 1660 3310 2

1285 3412 1497 3477 TA

261 3576 436 3673 HR&
455 3585 572 3642 etflem
595 3567 813 3627 clementina
837 3587 1025 3636 probibitio
1050 3587 1084 3624 &
1110 3587 1295 3627 declaratio
1316 3587 1381 3624 fuit
1402 3588 1618 3635 postmodum
1651 3586 1724 3626 alio
1741 3587 1778 3624 ἃ
1804 3587 1960 3637 sequenti
1981 3590 2092 3631 Sacrn
2115 3592 2209 3629 Con-

292 3672 294 3674 ,
381 3636 591 3675 muenia
615 3639 789 3682 Decreta,
805 3637 896 3687 juffu
921 3636 1022 3676 Pauli
1047 3636 1094 3674 V.
1120 3636 1217 3676 edito
1239 3636 1466 3679 confirmata.

374 3786 483 3830 Tom-
495 3786 552 3828 Vi.

1586 3795 1624 3837 V
1639 3790 1674 3837 u*
2055 3794 2158 3846 Quo-
