2444 4192
758 160 922 248 Sub
983 161 1382 249 Benediblo
1442 161 1720 249 XIV.
2025 197 2175 281 313

251 311 407 357 afflone
429 309 628 355 consueto
647 309 797 354 Laudis
826 341 840 362 ,
874 316 915 356 δι
942 316 1218 362 Confessionis
1280 320 1536 376 praesentibus
1550 322 1793 365 haberetur,
1817 318 1843 359 fi
1867 316 2004 363 forent
2029 327 2213 371 exhibitae
2227 357 2242 381 ,

253 374 423 426 Hymno
447 396 463 420 a
504 370 723 426 nostrisque
760 371 800 413 δι
825 370 1009 415 Ecclesiae
1034 379 1219 431 precibus
1283 379 1346 419 vel
1366 378 1522 420 oflensae
1541 403 1554 416 .

249 430 536 487 praedictorum
548 432 783 474 Sanctorum
798 431 1091 474 interventioni
1106 447 1218 475 com·
1396 434 1536 488 Siquis
1552 433 1649 474 vero
1668 431 1855 487 paginam
1874 433 1976 474 hanc
2003 438 2141 482 nostrae
2164 441 2239 483 de-

249 486 478 541 mendatis,
503 488 552 531 ad
591 491 715 532 Aram
743 483 915 530 Bafilicae
928 490 1140 532 maximam
1157 489 1217 532 su.
1276 487 1501 540 finitionis,
1517 489 1698 536 decreti,
1714 488 2020 544 adstriptionis‚
2035 497 2242 551 mandati,

246 559 328 604 pra
341 547 646 590 Sacratiffimam
657 544 957 590 Confeffionem
975 549 1087 589 Beati
1100 549 1174 589 Pet
1183 548 1218 589 ri
1281 548 1415 589 statuti
1428 572 1443 595 ,
1474 546 1739 588 relaxationis
1755 575 1770 598 ,
1794 547 1835 587 δε
1850 547 2072 590 voluntatis
2101 551 2241 595 infrin-

249 604 440 660 Apostoli
468 634 484 658 ‚
513 607 763 650 incruentam
786 603 924 647 salutis
959 605 1100 648 nostrae
1122 608 1213 647 Ho-
1279 616 1404 659 gere,
1419 604 1485 646 vel
1499 606 1535 645 ei
1551 603 1644 647 ausu
1669 605 1887 647 temerario
1911 607 2116 649 contraire
2141 622 2245 662 prae-

244 663 367 706 'stiam
380 665 579 717 oblaturi,
589 672 826 708 reverenter
839 659 1068 705 acccffimus
1082 691 1094 703 .
1111 664 1213 704 Por-
1273 661 1314 703 su
1321 663 1823 718 mpserit,indignationem
1834 662 2136 719 omnipotentis
2151 668 2244 719 Dei,

245 724 302 766 τὸ
314 722 403 778 post
429 722 717 779 Evangelicam
735 722 964 766 Lentonem
984 719 1006 763 a
1027 720 1213 763 Diaconi·
1276 721 1315 762 &
1341 720 1558 763 Beatorum
1585 721 1697 762 Petri
1724 724 1763 764 δι
1779 722 1894 765 Pauli
1909 722 2240 778 Apostolorum

247 782 324 823 bus
337 781 515 840 uti-Aque
528 780 665 837 lingua
690 780 906 824 recitatam
920 807 935 832 ‚
956 779 1215 824 continere...»
1275 776 1360 834 ejus
1375 780 1413 822 st:
1439 780 1599 823 noverit
1614 780 1865 824 incursurum
1880 811 1893 823 .

247 840 358 882 labia
386 841 516 884 nostra
541 852 626 883 non
650 840 857 897 potuimus
885 865 900 889 ,
926 840 1025 895 quin
1061 839 1102 880 in
1129 847 1214 880 tam
1394 840 1546 880 Datum
1576 840 1714 880 Romae
1739 839 1842 894 apud
1868 841 2056 882 sanetum
2075 842 2242 885 Petrum

248 896 353 956 justa
367 897 575 956 farinaque
598 896 733 942 latitia
749 925 765 950 ‚
789 895 1107 941 sacerdotalibus
1141 909 1216 939 vo·
1274 899 1402 940 Anno
1426 897 1720 938 Incarnationis
1747 896 1963 942 Dominicae
1987 925 2001 947 ‚
2034 898 2243 944 millesimo

247 956 364 1001 cibus
379 970 428 1000 ex
443 956 686 1002 abundantia
700 956 836 1013 gaudii
850 956 974 1002 nostri
999 969 1214 1014 erumpen·
1277 953 1630 1011 septingentefimo
1653 956 1953 1011 quadragefimo
1979 957 2089 1000 sexto
2111 987 2126 1010 ,
2158 968 2243 1002 ter-

246 1015 360 1059 tibus
376 1043 393 1067 ‚
416 1015 764 1072 splendidissimam
791 1014 1100 1072 alloqueremur
1131 1016 1217 1059 Ve-
1278 1016 1338 1057 tio
1356 1012 1559 1059 Kalendas
1569 1013 1665 1070 Julii
1680 1041 1697 1064 ,
1726 1013 1992 1059 Pontificatfis
2007 1018 2137 1059 nostri
2153 1019 2243 1061 An-

246 1073 490 1118 nerabilium
516 1076 703 1120 Fratrum
718 1073 1072 1131 ,dileetorumque
1095 1073 1218 1118 Pilio-
1277 1087 1335 1119 no
1357 1075 1514 1118 Sexto.

246 1146 342 1176 rum
355 1135 661 1188 Coronamsut,
681 1145 784 1192 quos
797 1133 946 1177 devota
960 1132 1131 1188 Religio
1145 1161 1160 1185 ,
1176 1133 1218 1174 δι

243 1190 494 1248 ‘Apostolicae
505 1191 621 1236 Sedis
645 1193 876 1237 reverentia
892 1218 908 1243 ‚
935 1206 1017 1236 non
1041 1203 1091 1233 cx
1107 1193 1219 1236 Urbe

241 1247 374 1293 modo
384 1272 400 1296 ,
413 1258 485 1292 aut
508 1262 559 1292 ex
572 1247 754 1293 finitimis
771 1251 897 1303 locis3
910 1248 976 1294 std
993 1265 1041 1294 ex
1057 1249 1219 1307 longin-

244 1306 338 1362 quis
352 1306 478 1348 etiam
492 1306 534 1347 δι
547 1306 825 1350 ultramarinis
843 1309 1099 1362 Regionibus
1119 1335 1135 1361 ,
1166 1307 1218 1351 ad

238 1363 460 1422 'sepulchra
475 1362 764 1419 Apostolorum
789 1364 1028 1421 frequentes
1043 1374 1219 1408 attraxe-

246 1433 314 1468 rat
329 1451 347 1474 ,
375 1421 553 1478 antiquis
579 1423 798 1467 Beatorum
820 1422 1054 1481 Principum
1088 1424 1218 1468 vieto-

247 1482 320 1526 riis
335 1481 538 1532 laetantes,
563 1479 606 1523 δε
626 1481 781 1525 recenti
808 1482 1049 1525 Sanfitorum
1075 1481 1220 1524 trium-

247 1542 337 1599 pho
349 1537 586 1596 plaudentes
601 1565 616 1592 ,
646 1539 696 1582 ad
711 1552 850 1584 eorum
866 1540 1037 1583 virtutes
1064 1552 1140 1596 pro
1161 1540 1222 1583 vi·

249 1601 363 1643 ribus
381 1595 624 1650 imitandas,
649 1597 699 1640 ad
713 1597 956 1642 eorumdem
987 1596 1220 1643 Patrocinia

250 1655 688 1714 studiose-demerenda
703 1686 720 1710 ,
748 1666 871 1714 atque
891 1658 930 1700 in
959 1656 1219 1714 praesentibus

248 1713 496 1775 potiilimiim
526 1715 821 1758 calamitatibus
836 1743 851 1767 ‚
878 1716 1022 1772 quibus
1040 1716 1222 1758 Ecclesia

249 1775 330 1819 Dei
345 1771 496 1832 jamdiu
513 1773 767 1816 conflietatur
781 1802 795 1826 ,
808 1773 926 1817 enixe
939 1774 1221 1831 imploranda,

244 1836 435 1879 Paterno
449 1830 590 1876 affeetu
612 1833 653 1874 &
675 1831 856 1876 sermone
882 1834 1193 1878 accenderemus
1208 1861 1222 1874 .

248 1893 458 1951 Denique,
471 1890 661 1935 concessa
676 1893 862 1935 omnibus
876 1892 1122 1937 adstantibus
1137 1892 1221 1949 ple-

250 1948 368 1995 naria
388 1958 645 2006 peccatorum
662 1949 940 2006 Indulgentia,
954 1952 1014 1995 his
1031 1951 1222 2009 νει-ὸ,ςυί

166 2037 168 2040 .
251 2008 421 2067 nugulis
436 2009 548 2052 annis
565 2034 579 2057 ,
594 2007 780 2064 praedifiia
798 2010 1001 2054 dieitur.
1035 2009 1133 2066 Maji
1146 2036 1160 2058 ‚
1178 2025 1222 2053 e-

248 2069 411 2130 jusdem
426 2067 557 2111 Sancti
574 2067 685 2111 Petri
702 2067 888 2124 Regalati
901 2068 1065 2111 exuvias
1078 2094 1099 2117 ‚-
1114 2067 1221 2112 aliis-

252 2141 335 2186 que
351 2127 507 2170 statutis
519 2127 664 2170 diebus
679 2125 850 2169 aliorum
865 2127 1105 2170 Sant‘torum
1120 2141 1221 2182 prae·

251 2188 457 2231 (lidorum
495 2183 706 2242 sepulchra
741 2185 896 2228 devote
941 2185 1192 2230 visitaverint
1207 2216 1226 2238 ,

249 2245 408 2313 septem
425 2245 539 2289 annis
556 2273 572 2296 ‚
596 2245 637 2286 δε
662 2242 839 2286 totidem
875 2246 1153 2300 Quadragenis
1171 2245 1225 2289 de

248 2303 440 2362 injunxistis
456 2304 535 2354 eis,
569 2301 634 2344 seu
647 2302 747 2345 alias
763 2302 910 2344 debitis
937 2304 1192 2359 poenitentiis
1210 2333 1226 2358 ,

249 2362 496 2407 auctoritate
526 2361 712 2418 predicta
736 2361 775 2403 in
792 2371 1034 2418 perpetuum
1064 2364 1225 2410 relaxaq

248 2423 303 2467 tis
317 2451 332 2475 ‚
358 2420 647 2476 omnipotenti
673 2422 763 2462 Deo
776 2430 871 2462 vota
888 2420 1022 2464 nostra
1039 2422 1221 2466 redden·

247 2492 336 2530 tes,
360 2479 610 2524 sacrosancta
627 2478 841 2532 Mysteria‚
856 2494 934 2535 pro
954 2480 1080 2524 totius
1098 2484 1220 2523 Mun-

248 2540 294 2583 di
317 2538 471 2588 salute,
498 2551 572 2593 pro
599 2536 785 2580 Ecclefiae
808 2552 904 2592 pace
935 2564 950 2586 ‚
980 2553 1056 2594 pro
1084 2538 1221 2582 saneta

242 2597 388 2643 Plebis
412 2594 693 2639 incolumitate
718 2620 734 2645 ,
762 2594 928 2639 solemni
954 2599 1035 2639 ritu
1058 2600 1220 2656 peregi-

241 2668 338 2700 mus
352 2683 367 2698 .

365 2713 573 2811 quoniam
597 2713 696 2757 vero
715 2711 802 2768 post
815 2713 1018 2770 prolatam
1030 2715 1054 2760 ὲ
1070 2714 1218 2765 Nobis,

242 2779 296 2815 ut
311 2783 390 2826 proe
406 2778 521 2814 ertur
531 2795 547 2820 ,
562 2769 787 2827 hujusmodi
805 2774 1161 2826 canonizationis,
1175 2776 1217 2819 δι

239 2825 544 2884 'Adscriptionis
559 2827 808 2872 Sententiam
824 2857 840 2880 ,
870 2830 919 2872 ab
932 2831 1078 2873 eodem
1107 2834 1215 2875 Car·-

241 2886 377 2933 dinan
403 2887 650 2929 Promotore
677 2886 805 2929 Nobis
830 2886 1039 2932 humiliter
1069 2887 1219 2946 suppli-

243 2955 378 2991 catum
397 2942 540 2995 fnium
553 2944 671 3002 super
687 2943 887 3000 praemiffis
900 2948 1086 2991 omnibus
1104 2952 1137 2991 A
1143 2962 1217 3004 po·

242 3003 408 3051 iiolicas
421 3003 580 3048 litteras
604 3003 804 3061 perpetuo
819 3004 1011 3050 valituras
1021 3006 1218 3050 decerne·

239 3070 320 3114 tre,
335 3073 456 3119 atque
470 3061 590 3106 edere
613 3061 899 3118 dignaremurs
923 3064 1015 3108 ideo
1038 3069 1126 3109 Nos
1155 3066 1216 3122 ju-

244 3121 412 3168 niffimae
438 3121 628 3178 petitioni
651 3131 876 3164 annuentes
889 3149 904 3174 ,
935 3122 1215 3179 praesentium„

246 3183 486 3226 litterarum
501 3189 672 3236 tenore,
697 3188 819 3236 atque
841 3193 892 3224 ex
905 3186 1014 3226 certa
1037 3182 1217 3232 scientia,

240 3242 288 3284 ’δι
314 3236 555 3296 Apostolicae
569 3238 819 3283 auctoritatis
836 3239 980 3284 nostrat
994 3240 1218 3299 plenitudi-

238 3313 299 3349 ne
313 3327 328 3352 ,
339 3298 474 3342 omnia
488 3299 528 3340 δι
551 3296 703 3354 lingula
717 3297 902 3353 praedista
918 3299 1215 3348 confirmamus,

240 3358 488 3402 'roboramus
500 3386 516 3410 ,
527 3364 647 3415 atque
661 3356 809 3400 iterum
825 3356 1030 3403 statuimus
1043 3389 1060 3411 ,
1072 3358 1214 3403 decer-

242 3417 379 3460 nimus
391 3444 409 3468 ,
421 3415 689 3473 universaeque
705 3416 931 3459 Catholicae
946 3418 1129 3462 Ecclefiae
1141 3418 1214 3461 dc-

244 3473 479 3518 nunciamus
493 3487 510 3528 3
535 3473 778 3518 Mandantes
788 3503 803 3526 ‚
820 3484 864 3518 ut
879 3476 1102 3520 earundem
1113 3492 1214 3534 prae-

243 3531 415 3574 sentium
429 3532 711 3590 transumptis,
739 3535 818 3577 five
843 3536 1035 3592 exemplis
1050 3562 1066 3586 ‚
1092 3537 1219 3579 etiam

240 3587 1215 3706 issfgffftffsszfiss‘i'iffsffnffiff222¹&ssss

274 3673 278 3679 ·
414 3674 429 3698 υ
1161 3671 1183 3699 c

242 3705 443 3762 dignitate
462 3707 684 3753 constitute
697 3712 890 3762 munitis,
916 3712 1060 3756 eadem
1088 3727 1207 3770 prorq

239 3767 302 3808 sus
329 3764 431 3868 figes
452 3765 712 3869 aplomnibus
731 3770 929 3816 habeatur
949 3802 967 3824 ,
997 3786 1084 3830 quae
1114 3772 1205 3829 ipfis

395 3838 465 3866 om·
522 3853 534 3867 ἱ

1279 1208 1358 1290 ›1‹
1405 1207 1545 1293 Ego
1566 1205 1930 1272 BenediRus
1966 1204 2247 1273 Catholi-

1373 1323 1456 1366 cae
1478 1297 1757 1366 Ecclesia:
1777 1298 2125 1390 Episcopus
2142 1346 2157 1363 .

1350 1460 1480 1510 Cum
1510 1456 1759 1521 subJunflis
1778 1459 2103 1511 cardinalium
2117 1494 2134 1518 ,
2168 1460 2250 1527 qui

1425 1526 1782 1595 subscripserunt
1796 1566 1814 1589 ,
1831 1530 2112 1583 nominibus.

1339 1656 1452 1699 Bult.
1459 1657 1902 1716 pred-tm.a.sol.86.

1520 1810 1751 1828 —-

1284 1928 1479 1975 Beatum
1502 1920 1757 1993 Josephum
1774 1922 1801 1971 ὲ
1820 1916 2041 1978 Leoniffa,
2057 1919 2253 1970 Ordinis

1353 2000 1446 2046 FF.
1465 1997 1706 2045 Minorum
1726 1994 2076 2058 Capucinorum
2096 1995 2254 2041 Sacer-

1350 2065 1527 2124 dotem,
1544 2061 1669 2114 Albo
1694 2064 1971 2114 Sanftorum
1987 2058 2218 2111 inscribit.

1287 2208 1581 2258 BENEDI
1600 2206 1807 2258 CTUS
1844 2203 2250 2260 EPISCOPUS

1472 2338 1646 2381 Seavus
1679 2337 1937 2379 Ssnvoaum
1971 2334 2054 2376 Det
2071 2360 2088 2376 .

1428 2454 1500 2497 Ad
1510 2463 1743 2511 perpetuam
1767 2456 1828 2495 rei
1842 2452 2069 2496 memoriam
2090 2479 2105 2493 .

1281 2567 1398 2684 H
1410 2574 1555 2616 Umani
1570 2571 1732 2630 generis
1763 2569 2015 2625 Redemptor
2029 2597 2045 2621 ‚
2076 2567 2155 2611 Dei
2188 2567 2255 2610 Fi-

1428 2630 1503 2674 lius
1522 2661 1536 2684 ,
1565 2633 1776 2688 Sapientia
1802 2632 1937 2675 Patris
1963 2656 1977 2679 ‚
2006 2630 2063 2670 ita
2097 2638 2252 2670 mentes

1279 2690 1506 2732 Hominum
1522 2717 1537 2739 ,
1550 2691 1717 2746 disjecta
1735 2691 1863 2733 veteri
1880 2718 1895 2741 ‚
1921 2685 1999 2746 qua
2011 2686 2254 2741 operieban-

1280 2754 1363 2796 ¹⁰¹2
1376 2747 1571 2803 caligine,
1585 2763 1697 2794 novo
1719 2749 1915 2792 doctrina
1925 2745 2102 2789 coelessis
2116 2744 2247 2798 splen-

1277 2802 1379 2847 dore
1403 2806 1477 2849 illu
1484 2807 1621 2850 stravit
1634 2809 1713 2850 &c-
1739 2807 1946 2864 Rest'duum
1961 2804 2074 2849 dabit
2073 2804 2246 2862 stapple·

1278 2872 1452 2906 mentun
1465 2869 1602 2920 operes
1608 2865 1705 2920 ‚fiu
1715 2876 1840 2909 tomus
1857 2880 1904 2908 vt
1917 2879 1933 2908 t
1944 2894 1958 2907 .

1283 3129 1537 3197 Regulares
1551 3125 1607 3176 ab
1627 3125 1888 3176 ordinariis
1917 3125 2155 3176 Domicilii
2172 3143 2248 3176 or·-

1352 3200 1498 3248 dinari
1532 3195 1698 3246 debere
1731 3194 1899 3246 sancit:
1929 3193 2034 3245 casu
2063 3212 2155 3262 quo
2190 3195 2248 3246 ad

1345 3270 1459 3320 alios
1477 3266 1721 3320 Antistites
1737 3269 1822 3317 ‘cos
1841 3267 2039 3337 ablegari
2071 3281 2247 3335 oporte·

1346 3352 1451 3399 ret,
1468 3342 1515 3390 in
1542 3337 1816 3390 Dimissoriis
1833 3374 1849 3397 ,
1881 3337 1938 3388 ab
1966 3335 2243 3388 Ordinum„

1344 3410 1665 3478 Superioribus
1692 3406 1983 3476 expediendis
2017 3406 2241 3460 causam

1344 3481 1554 3532 absentiae
1572 3516 1588 3540 ,
1607 3482 1686 3531 vel
1716 3482 1901 3530 alterius
1921 3478 2240 3548 impedimenti

1344 3550 1559 3621 Episcopi
1606 3548 1864 3602 Dioecesani
1913 3552 2109 3618 exprimi
2139 3585 2155 3608 ,
2190 3550 2239 3601 ἃ

1334 3622 1675 3686 Ῑιιηξὶονίεειτίὶ
1697 3621 2031 3679 Generalis,vel
2049 3621 2241 3672 Cancel-

1338 3693 1459 3752 larii,
1478 3696 1552 3743 vel
1583 3693 1822 3750 secretarii
1845 3689 2055 3743 attestato
2068 3690 2234 3741 muniri

1337 3763 1526 3815 mandat
1551 3801 1570 3825 ,
1617 3781 1671 3815 ac
1706 3763 2007 3875 Pssvilegium
2040 3757 2226 3824 desuper

1797 3842 1846 3876 tt
2074 3836 2164 3869 ante
