2444 4192
317 202 420 280 62

252 352 428 411 jusmodi
446 351 672 412 deputata}
699 355 870 416 cju'arum
897 362 1082 405 omnium
1107 359 1246 418 perso·

253 427 404 458 narum
456 415 696 471 impoffibile
733 417 844 476 quafi
881 419 980 463 effet
1019 422 1244 464 Dominum

252 472 526 533 ,principalem
553 489 631 533 pro
657 478 740 535 ipsa
764 478 998 522 neeeffitate
1032 481 1244 536 pecuniam

252 533 528 588 deputantem
542 562 559 586 ‚
582 539 650 578 seu
676 538 802 580 etiam
818 538 1071 582 substitutum
1096 542 1147 581 ab
1161 552 1215 580 eo
1230 565 1245 589 ,

253 593 301 634 ἀ
316 593 485 659 tertium
499 595 625 636 etiam
637 596 784 652 abipso
798 596 1011 640 substituto
1042 596 1065 653 (
1088 598 1114 640 fi
1128 596 1243 639 casus

256 651 354 692 talis
371 651 613 710 accideret)
643 656 779 709 postea
803 655 1090 712 subrogatum,
1122 656 1246 699 habe·

254 724 304 752 re
322 710 515 754 notitiam
528 737 544 759 ,
568 712 822 757 declaramus
833 740 849 763 ,
862 715 902 757 8(
916 715 1092 759 dicimus
1102 740 1119 764 ‚
1133 713 1244 771 quod

254 769 299 811 in
316 771 392 812 hoc
411 769 590 812 articulo
606 799 623 823 ‚
654 783 803 829 praeter
815 773 944 816 diflos
970 775 1073 817 duos
1096 774 1241 815 modos

256 829 298 869 in
313 828 615 880 neceilitatibus
629 833 848 888 praeteritis
860 834 927 885 ‚dc
941 833 1241 889 ingruentibus,

254 900 345 945 quae
370 887 516 943 possint
546 888 665 932 brevi
679 899 899 949 tempore,
934 893 1003 936 vel
1030 891 1239 934 interdum

253 960 338 991 non
356 947 563 1003 brevi(ut
573 947 690 1006 {itpra
711 952 993 1009 exprimitur)
1023 947 1208 1004 expediri
1226 973 1241 998 ,

253 1014 301 1052 ut
315 1006 575 1061 prediximus
586 1037 603 1061 ‚
615 1010 890 1053 observandos
905 1035 919 1057 a
934 1011 984 1052 ad
1001 1009 1242 1050 conservan-

251 1065 350 1107 dam
364 1064 485 1122 ipfius
503 1067 674 1122 Regulae
697 1083 743 1110 ac
761 1066 1036 1110 Profefforum
1052 1065 1136 1121 ejus
1153 1075 1242 1104 om·

251 1125 464 1168 nimodam
482 1126 726 1180 puritatem,
750 1125 860 1182 quod
875 1125 901 1167 fi
916 1123 1058 1178 praeno
1076 1124 1122 1166 fit
1132 1121 1240 1164 elee-

252 1183 428 1240 mosynae
443 1181 670 1237 hujusmodi
686 1183 883 1242 largitor,
919 1181 985 1222 vel
1015 1181 1104 1239 ejus
1134 1191 1239 1224 nun·

249 1243 335 1283 tius
351 1273 366 1292 ,
392 1244 463 1298 qui
479 1241 688 1295 poffithoc
702 1241 834 1287 facere
849 1271 864 1293 ,
883 1244 924 1284 δι,
936 1240 1037 1283 velit
1051 1267 1066 1290 ‚
1081 1236 1244 1296 expres·

247 1297 291 1343 se
307 1302 551 1354 praedicatur
567 1299 629 1341 illi
644 1301 665 1341 i
682 1302 922 1349 fratribus,
946 1299 1058 1356 quod
1074 1299 1144 1341 fibi
1158 1297 1244 1354 pla-

250 1370 345 1402 ceat
362 1388 378 1412 ‚
405 1367 452 1403 ut
467 1387 484 1409 ‚
508 1358 691 1401 dominio
709 1361 803 1403 talis
820 1361 999 1416 pecuniae
1015 1372 1109 1401 cum
1137 1356 1243 1400 libe-

252 1434 302 1462 ra
318 1419 517 1475 potestate
543 1420 766 1462 revocandi
795 1419 863 1462 fibi
876 1419 1092 1477 pecuniam
1117 1418 1241 1474 ipsam

248 1493 383 1538 penes
402 1477 529 1535 ipsum
545 1477 703 1536 semper
720 1477 847 1536 usque
871 1479 922 1521 ad
938 1478 1242 1523 convertionem

247 1537 372 1594 iplius
402 1539 442 1580 in
462 1551 549 1581 rem
576 1537 818 1595 deputatam
846 1538 980 1582 libere
1006 1547 1243 1582 remanente

248 1597 276 1654 (
298 1607 343 1640 ut
367 1598 410 1640 in
424 1597 514 1639 aliis
527 1596 690 1642 duobus
716 1598 873 1642 cafibus
890 1597 1069 1655 superius
1089 1597 1243 1640 dicium

251 1656 312 1698 est
325 1657 348 1713 )
361 1671 434 1713 per
448 1671 809 1715 quorumcumque
828 1672 970 1701 manus
986 1656 1159 1715 pecunia
1175 1658 1245 1700 seu

248 1714 520 1773 eleemosyna
545 1717 624 1773 ipsa
638 1719 837 1762 tradietur
852 1747 868 1771 ‚
898 1716 979 1761 five
1002 1732 1077 1775 per
1105 1719 1245 1772 perso-

250 1789 324 1818 nas
340 1775 390 1818 ab
404 1790 473 1825 eo,
491 1775 557 1819 vel
570 1779 596 1821 a
614 1779 825 1822 Fratribus
839 1779 1068 1824 nominatas
1080 1803 1096 1827 ,
1110 1785 1247 1819 totum

250 1837 323 1877 suo
352 1834 544 1879 consensu
572 1865 588 1889 ,
618 1838 839 1881 voluntate
867 1866 882 1889 ,
907 1851 958 1880 ac
1001 1836 1244 1881 auetoritate

250 1895 460 1948 procedat
482 1908 496 1937 =
527 1908 611 1951 quo
635 1894 827 1940 assensum
849 1895 963 1940 suum
978 1898 1245 1952 prebentea

248 1952 454 2010 predictis
468 1977 485 2001 ‚
507 1953 650 1996 secure
666 1956 830 2000 Fratres
842 1969 888 1998 re
900 1955 1039 2013 empti
1054 1983 1069 2008 ,
1095 1953 1160 1998 vel
1175 1967 1246 1996 ac·

249 2010 395 2069 quilita
420 2011 474 2055 de
498 2011 569 2055 illa
582 2016 756 2069 pecunia
769 2030 844 2073 per
861 2028 1161 2073 quemcumque
1189 2012 1246 2067 ju·

249 2082 325 2115 xta
340 2070 516 2115 modum
545 2083 786 2117 annotatum
799 2074 980 2126 superius
993 2076 1055 2116 uti
1068 2072 1239 2125 pomat-

251 2130 322 2174 Ad
349 2129 547 2183 majorem
573 2139 714 2170 autem
744 2131 1027 2184 proedieiorum
1058 2126 1243 2168 omnium

248 2187 485 2229 claritatem
497 2210 514 2234 s
541 2184 674 2229 bacin
689 2196 936 2244 perpetuum
954 2183 1131 2230 valituri
1147 2197 1245 2241 pro-

247 2244 419 2288 vilionis
460 2243 565 2287 serie
602 2244 868 2288 declaramus
883 2273 899 2296 ,
930 2245 1043 2300 quod
1073 2246 1242 2286 Fratres

250 2302 433 2362 prefatis
446 2301 580 2345 modis
606 2300 688 2358 (ut
707 2304 1004 2362 praedicimus)
1032 2302 1142 2347 cirea
1170 2315 1243 2358 pe-

248 2364 418 2408 cuniam
433 2390 449 2414 ‚
479 2362 522 2403 in
539 2360 827 2419 supportandis
848 2377 999 2408 eorum
1026 2362 1244 2422 preteritis

250 2426 295 2467 dt
309 2421 590 2479 ingruentibus
603 2422 901 2466 neceffitatibus
915 2421 1246 2474 observatis‚non

251 2481 546 2539 intelligantur
562 2508 576 2533 ,
594 2494 672 2524 nec
688 2481 932 2539 dicl'pollint
945 2497 1018 2541 per
1029 2479 1069 2527 se
1085 2483 1150 2526 vel
1170 2496 1244 2540 per

250 2540 535 2599 interpositam
563 2539 774 2595 personam
839 2546 1029 2587 ecuniam
1056 2543 1241 2600 recipere

253 2612 406 2645 contra
421 2598 651 2658 Regulam,
674 2602 715 2644 ἀ
727 2615 802 2659 pro
820 2601 979 2647 cilionis
997 2603 1056 2647 sui
1072 2602 1242 2646 Ordinis

253 2660 482 2720 puritatem
499 2687 514 2712 ,
526 2673 619 2704 cum
633 2660 842 2707 manifeste
854 2666 992 2720 pateat
1008 2677 1060 2707 ex
1077 2662 1244 2722 pramis

254 2724 309 2766 ris
322 2750 339 2773 ,
364 2717 468 2777 ipsos
486 2721 651 2765 Fratres
676 2734 756 2765 non
773 2721 903 2768 solum
927 2725 952 2769 a
975 2723 1214 2781 receptione
1230 2749 1246 2775 ,

255 2779 546 2839 proprietate,
578 2779 763 2824 dominio
787 2783 869 2826 live
896 2783 967 2827 usu
992 2784 1110 2842 ipfius
1125 2796 1246 2840 pecu-

257 2841 335 2885 niae
349 2868 365 2891 ‚
395 2838 540 2883 veriam
564 2841 690 2884 ctiam
716 2839 739 2883 s
754 2843 1036 2888 eontraaione
1058 2844 1247 2902 qualibet

255 2898 379 2958 ipsius
390 2926 407 2950 ‚
428 2899 469 2941 dt
482 2899 535 2942 ab
546 2912 594 2942 ea
608 2900 771 2957 penitus
781 2901 935 2948 alienos
951 2932 965 2945 .

380 2958 428 3001 ln
454 2971 507 3002 co
529 2961 630 3004 vero
657 2958 780 3013 casu,
806 2961 997 3018 quando,
1024 2973 1244 3023 antequam

259 3016 344 3073 ipsa
362 3019 531 3073 pecunia
546 3019 586 3062 in
604 3018 765 3063 licitum
782 3022 839 3066 rei
855 3022 1076 3075 habende,
1105 3024 1169 3069 vel
1197 3039 1245 3068 u-

257 3075 395 3121 tenda
407 3079 698 3123 commercium
715 3077 762 3123 lit
776 3081 974 3126 conversa
987 3110 1002 3135 ‚
1015 3082 1244 3129 conceden.

257 3147 347 3179 aem
377 3139 593 3194 pecuniam
617 3138 724 3183 mori
751 3142 1006 3199 contigerit3
1037 3145 1063 3187 fi
1093 3157 1245 3189 conce·

261 3195 366 3263 dens
394 3196 434 3239 in
461 3197 731 3243 concedendo
744 3197 895 3245 dixerit
912 3230 927 3255 ‚
955 3203 1019 3248 vel
1045 3201 1244 3262 eapreffe·

261 3266 316 3299 rit
334 3285 348 3308 ,
373 3257 485 3311 quod
504 3255 669 3314 persona
684 3258 878 3315 deputata
893 3263 1104 3319 pecuniam
1117 3264 1242 3322 ipsam

260 3317 305 3358 in
324 3316 579 3360 necessarium
606 3315 719 3362 usum
748 3320 935 3366 Fratrum
960 3324 1242 3382 expenderet,

262 3376 462 3441 quidquid
479 3375 531 3420 de
552 3375 639 3433 ipso
663 3381 920 3425 concedente
936 3382 1143 3437 vivendo,
1177 3383 1241 3428 vel

261 3434 487 3477 moriendo
502 3437 791 3494 contingeret,
817 3439 895 3484 live
912 3442 1144 3488 concedens
1171 3445 1246 3488 hu·

259 3490 436 3552 jusmodi
455 3494 651 3541 heredem
667 3496 910 3553 reliquerit,
927 3501 1006 3546 five
1022 3516 1102 3547 non
1116 3528 1131 3552 ‚
1158 3501 1245 3560 pos·

262 3553 341 3596 sint
365 3552 525 3594 Fratres
555 3555 605 3598 ad
625 3554 837 3612 personam
862 3559 1099 3618 deputatam
1121 3561 1143 3619 (
1163 3576 1244 3606 non

264 3608 460 3674 obstante
480 3614 744 3677 concedentis
778 3631 914 3664 morte
939 3649 954 3674 ,
985 3621 1047 3666 vel
1078 3622 1245 3666 heredis

267 3671 625 3726 contradiflione)
646 3689 720 3727 pro
736 3678 812 3734 ipsa
827 3680 997 3735 pecunia
1013 3695 1063 3726 ea
1118 3682 1246 3725 nden-

267 3728 323 3800 da
342 3741 556 3773 recurrere
570 3755 584 3777 ‚
613 3730 710 3776 sicut
728 3749 922 3791 poterant
946 3740 996 3784 ad
1015 3743 1056 3800 ip
1077 3756 1145 3786 um
1160 3742 1245 3784 Do-

264 3801 424 3835 minum
440 3788 737 3835 concedentem
754 3824 766 3836 .

382 3849 498 3909 Qua
515 3850 613 3893 verb
626 3853 849 3909 puritatem
865 3856 980 3916 ipsius
995 3861 1167 3906 Ordinis
1181 3863 1245 3906 in·

838 195 845 201 ’
920 194 1082 287 Sub
1143 193 1476 285 Nicolao
1534 194 1586 285 Ἰ
1611 193 1653 284 I
1662 197 1739 286 J.

1305 361 1403 405 tima
1417 359 1555 403 cordis
1568 358 1779 403 affec'iione
1792 352 1998 407 zelamui',
2014 349 2108 400 essm
2125 354 2164 396 in
2181 352 2282 410 prae'2

1303 420 1422 464 dietis
1437 419 1592 462 casibus
1605 420 1656 461 ad
1670 416 1989 460 determinatam
2008 413 2280 459 necessitatem

1304 483 1374 536 (ut
1389 479 1657 535 praedicitur)
1678 491 1749 533 pet·
1762 475 1938 530 aliquem
1954 476 2166 532 pecuniam
2181 486 2282 515 con-

1305 541 1396 583 cedi
1409 539 1661 594 contigerit,
1681 534 1913 577 concedens
1929 535 2144 587 pecuniam
2163 545 2283 587 roga-

1304 602 1340 642 ri
1363 597 1481 654 poffit
1494 598 1516 639 i
1532 595 1745 640 Fratribus
1760 622 1775 645 ‚
1801 590 1911 647 quod
1930 618 1944 640 ‚
1975 589 2001 631 fi
2024 592 2124 646 quid
2142 592 2195 633 de
2211 606 2285 647 pe-

1302 660 1422 700 cunia
1436 659 1517 713 ipsa
1542 658 1562 714 (
1578 656 1715 699 habita
1730 648 1966 695 necestitate
1981 648 2286 707 determinati)

1302 716 1502 772 supererit
1515 744 1531 768 ‚
1551 713 1772 758 consentiat
1788 709 1869 764 ipse
1886 706 2144 761 concedens,
2163 710 2280 765 quod

1302 775 1506 818 residuum
1529 773 1701 829 praefatae
1717 767 1897 826 pecuniae
1923 766 1966 807 in
1993 772 2065 810 re's'
2084 767 2186 810 alias
2201 781 2277 822 pro

1302 835 1390 877 aliis
1418 832 1602 888 ipsorum·
1615 834 1804 873 Fratrum
1822 823 2019 882 praedietis
2040 826 2286 867 neceffitati-

1302 895 1376 936 bus
1403 899 1670 934 convertatur
1686 918 1700 941 ,
1725 900 1810 944 quo
1835 897 1917 926 non
1942 883 2289 927 consentientts

1303 951 1500 1008 praedissis
1517 978 1531 1001 ,
1559 946 1685 1004 ipsum
1702 945 1903 989 reliduum
1933 945 1951 999 (
1969 945 1996 985 ss
2014 943 2123 1000 quod
2141 940 2289 999 fuerit)
2307 952 2309 954 ·

1304 1009 1541 1052 restituatur
1557 1006 1692 1050 eidem
1705 1034 1719 1047 .
1751 1007 1937 1047 Caveant
1954 1012 2091 1046 tamen
2105 1005 2283 1050 Fratres,

1300 1068 1409 1126 quod
1442 1066 1622 1108 sollicite
1653 1064 1693 1106 se
1724 1071 1918 1118 coaptent
1940 1091 1957 1114 ,
2000 1073 2046 1105 ut
2079 1075 2161 1104 non
2194 1060 2286 1119 plus

1301 1129 1476 1172 scienter
1486 1120 1658 1167 concedi
1674 1120 1933 1165 consentiant
1945 1147 1961 1171 2
1985 1122 2112 1179 quim
2131 1118 2290 1164 veroli-

1301 1186 1455 1232 militcr
1468 1181 1645 1226 aestimari
1661 1179 1776 1238 poffit
1791 1194 1878 1226 rem
1893 1182 2151 1226 necessariam
2168 1210 2183 1234 ‚
2210 1193 2288 1238 pro

1302 1261 1384 1306 qua
1399 1242 1567 1302 pecunia
1584 1239 1664 1295 ipss
1678 1241 1923 1285 conceditur
1937 1271 1952 1295 ,
1981 1242 2202 1285 valituram
2219 1271 2232 1283 .
2279 1295 2284 1298 .

1423 1305 1481 1346 Et
1496 1301 1588 1359 quia
1615 1301 1655 1343 in
1676 1300 1965 1357 praedifiorum
1990 1298 2137 1346 seriosa
2161 1313 2290 1357 expo-

1303 1364 1444 1408 litione
1465 1391 1481 1415 ‚
1511 1364 1532 1405 a
1559 1359 1713 1411 dante,
1745 1360 1808 1404 vel
1838 1361 2068 1417 recipiente
2095 1362 2149 1406 de
2177 1358 2289 1404 sacili

1305 1420 1428 1482 poffet
1446 1421 1608 1472 errari,
1632 1430 1677 1462 ut
1704 1419 1853 1465 clarius
1882 1420 2304 1466 utilitatidantium2-

1305 1483 1475 1542 puritati
1502 1480 1675 1525 Ordinis
1689 1509 1704 1533 ‚
1733 1479 1983 1538 simplicitati
2013 1482 2287 1538 aliquorum-o

1306 1542 1546 1599 simplicium
1563 1569 1577 1592 ‚
1601 1537 1721 1583 saluti
1737 1541 1966 1583 animarum
1983 1541 2080 1584 hinc
2102 1539 2200 1584 inde
2224 1535 2292 1579 se-

1304 1604 1439 1648 curius
1464 1599 1731 1652 consulatur,
1763 1598 2016 1643 intellefilum
2045 1599 2161 1642 illum
2179 1627 2194 1651 ,
2220 1595 2298 1653 qui

1307 1662 1400 1707 satis
1418 1663 1458 1706 in
1483 1663 1563 1704 hoc
1585 1658 1673 1702 casu
1686 1658 1710 1701 ἒ,
1725 1657 1819 1702 sane
1841 1659 2103 1716 intelligente
2117 1654 2292 1716 percipi.

1306 1734 1375 1767 tur
1388 1750 1405 1775 ‚
1435 1718 1640 1779 praesentis
1655 1717 1746 1759 &in
1763 1718 1958 1762 aeternum
1980 1718 2166 1761 valiturae
2184 1727 2290 1758 con-

1307 1780 1530 1826 stitutionis
1546 1775 1914 1833 serie‘lucidamus3
1949 1777 2141 1821 volentes
2169 1774 2290 1817 illum

1307 1841 1358 1885 ad
1374 1851 1637 1885 communem
1650 1835 1803 1880 deduci
1817 1837 2009 1881 notitiam
2021 1864 2037 1888 ‚
2062 1833 2259 1879 videlicet
2275 1862 2291 1887 ,

1305 1900 1417 1959 quod
1448 1898 1604 1954 semper
1624 1926 1641 1950 ‚
1671 1894 1839 1953 quando
1869 1897 2043 1953 pecunia
2075 1895 2290 1940 Fratribus

1307 1958 1400 2017 ipfis
1423 1958 1607 2002 mittitur
1626 1982 1643 2006 ,
1675 1954 1742 1999 vel
1768 1956 1939 1999 offertur
1967 1955 2073 2013 (nili
2098 1951 2303 2006 express&

1305 2034 1381 2077 per
1395 2020 1630 2061 mittentem
1643 2041 1658 2062 ‚
1673 2014 1739 2056 vel
1762 2013 2001 2055 offerentem
2017 2012 2130 2054 aliud
2151 2010 2292 2067 expri-

1305 2075 1477 2128 matur)
1504 2069 1703 2126 praedietis
1721 2069 1853 2111 modis
1879 2069 2044 2126 prorsus
2073 2070 2213 2114 oblata
2229 2070 2291 2113 in⁴

1306 2130 1522 2188 telligatur
1539 2129 1579 2171 &
1596 2124 1729 2169 miffa:
1760 2140 1843 2171 non
1860 2129 1969 2171 enim
1986 2130 2202 2174 verisimile
2217 2129 2293 2181 est,

1304 2190 1481 2244 aliquem
1505 2182 1771 2241 eleemosyna
1786 2184 1862 2227 suae
1878 2187 1960 2229 line
1975 2189 2301 2244 expreffiones

1304 2245 1472 2290 modum
1494 2243 1613 2287 illum
1633 2243 1745 2285 velle
1761 2240 1967 2299 prefigere
1979 2273 1994 2296 ‚
2021 2260 2092 2302 per
2104 2259 2232 2303 quem
2247 2248 2303 2289 δι·

1304 2305 1456 2350 donans
1472 2302 1652 2353 merito,
1680 2298 1853 2353 velini,
1879 2317 2058 2359 quorum
2081 2304 2291 2349 neceffita·

1307 2365 1415 2409 tibus
1430 2361 1604 2409 intendit
1621 2375 1691 2417 per
1703 2360 1860 2405 donum
1886 2361 2116 2420 hujusmodi
2145 2365 2288 2421 provi·

1306 2426 1433 2477 dere,
1466 2423 1532 2468 vel
1556 2419 1697 2466 effectu
1722 2419 1856 2474 doni,
1884 2422 1954 2467 vel
1974 2422 2049 2469 suae
2070 2426 2288 2471 conscien-

1306 2486 1369 2531 tiae
1390 2485 1568 2542 puritate
1588 2477 1832 2526 fraudentur
1848 2508 1862 2524 .

1440 2661 2015 2711 AR‘rlcuLus
2097 2665 2154 2709 V·

1371 2790 1431 2833 De
1460 2786 1510 2828 ils
1523 2812 1539 2838 ,
1570 2796 1660 2843 qne
1689 2784 1973 2840 relinquuntur
2000 2780 2218 2827 Fratribus

1665 2843 1894 2903 testamento
1909 2871 1921 2885 .

1432 2965 1473 3009 D
1488 2964 1569 3008 hcc
1583 2992 1600 3017 ,
1623 2961 1717 3021 quia
1735 2962 1947 3007 Fratribus
1964 2958 2054 3019 ἱρῆς
2074 2958 2286 3007 interdum

1306 2965 1425 3128 ᾼ
1462 3025 1501 3068 in
1529 3023 1686 3068 ultimis
1713 3021 1991 3066 voluntatibus
2021 3020 2092 3066 sub
2118 3021 2287 3066 diversis

1305 3099 1345 3131 m
1406 3097 1438 3128 ις
1470 3082 1671 3129 nonnulla
1708 3081 1929 3139 legantur,
1961 3094 2035 3126 nee
2067 3080 2285 3139 expresse,

1304 3142 1406 3202 quid
1433 3141 1486 3189 de
1512 3143 1573 3187 his
1602 3140 1803 3200 agendum
1828 3141 1900 3194 lit,
1928 3141 1968 3184 in
1996 3140 2189 3199 Regula,
2220 3140 2285 3185 vel

1305 3200 1646 3251 Proedecess'orum
1678 3200 1906 3245 nostrorum
1933 3199 2286 3245 declarationibus

1304 3261 1580 3317 continetur,
1610 3273 1664 3307 ne
1689 3258 1730 3304 in
1755 3259 1844 3317 ipfis
1859 3259 2040 3304 dubitari
2066 3260 2286 3316 contingat

1305 3322 1574 3381 imposterum
1599 3349 1615 3375 ‚
1648 3318 1907 3375 providendo
1939 3317 2169 3377 legantibus
2193 3349 2207 3372 ‚
2243 3322 2283 3363 δι

1307 3387 1495 3431 Fratrum
1510 3379 1768 3428 conscientiis
1783 3377 2071 3436 precavendm
2101 3378 2287 3424 declara-

1307 3458 1423 3493 mus,
1453 3440 1684 3489 ordinamus
1700 3468 1715 3493 ‚
1740 3438 1994 3492 dedicimus,
2021 3440 2159 3498 quod,
2186 3438 2210 3482 si
2227 3449 2285 3482 te·

1308 3505 1434 3548 stator
1448 3502 1613 3549 modum
1627 3529 1644 3553 ,
1667 3497 1883 3544 secundum
1900 3512 2022 3555 quem
2043 3500 2252 3544 Fratribus
2267 3527 2282 3550 ‚

1306 3566 1326 3623 (
1343 3577 1490 3607 corum
1503 3558 1741 3608 conditione
1757 3556 1970 3619 inspet‘iss)
1996 3560 2180 3618 recipere
2204 3573 2284 3604 non

1308 3624 1486 3675 liceret,
1508 3620 1703 3680 exprimat
1721 3617 1761 3661 in
1780 3617 1984 3675 legand03
2018 3629 2089 3673 ut,
2118 3619 2143 3662 st
2176 3619 2291 3675 lega-

1307 3694 1371 3728 ret
1388 3683 1599 3728 Fratribus
1615 3678 1803 3731 vineam‚
1836 3677 1901 3722 vel
1926 3692 2071 3736 agrum
2094 3679 2143 3722 ad
2170 3692 2291 3723 exco-

1307 3740 1509 3794 lendum,
1534 3739 1705 3785 domum
1731 3736 1781 3782 ad
1809 3738 2030 3784 locandum
2047 3769 2062 3793 ,
2091 3739 2155 3784 vel
2182 3739 2288 3783 limi-

1310 3804 1365 3848 lia
1381 3802 1502 3846 verba
1518 3801 1555 3844 in
1570 3798 1762 3843 fimilibus
1780 3795 2016 3855 proferret,
2041 3810 2109 3843 aut
2142 3799 2290 3843 modos

1311 3861 1455 3907 similes
1470 3863 1509 3906 in
1528 3858 1803 3920 relinquendo
1818 3858 2021 3913 servaret,
2047 3863 2070 3906 ὲ
2085 3860 2169 3961 talit
2178 3858 2292 3914 lega-

2172 3931 2200 3960 0
2218 3944 2232 3970 s
