2444 4192
677 227 846 316 sub
909 229 1306 340 Beneficio
1371 230 1528 317 VJ
1551 232 1592 316 1
1619 231 1676 314 1.

176 390 260 435 lere
278 399 349 440 ,ac
364 385 531 429 omnino
545 386 777 431 submovere
788 411 802 435 ‚
819 386 939 430 nullis
955 401 1130 445 unquam

170 446 318 492 suturis
343 447 621 501 temporibus,
646 443 807 488 favente
837 447 1016 490 Domino
1032 477 1046 500 ,
1073 447 1131 488 iu-

169 502 384 551 stitandam
395 506 563 560 :grandi
576 517 736 561 quoque
752 502 955 546 defiderio
965 507 1131 560 cupien-

161 572 228 609 tes
241 592 257 616 ,
271 573 313 604 ut
327 563 556 618 hujusmodi
572 574 781 619 negotium
797 591 813 615 ,
838 563 949 618 quod
973 562 1128 618 potiffi·

168 625 278 669 mt'tm
293 622 437 667 infidet
451 623 571 666 cordi
585 623 721 666 nostro
734 650 748 675 ,
763 619 880 665 finem
896 619 1129 666 salubrem..

163 683 206 725 δε
219 681 392 725 celerem
407 696 479 738 per
497 681 732 738 Apostolicae
756 679 932 723 solertiae
956 680 1127 723 studium

162 740 443 797 consequatur,
458 741 642 798 diligenti
657 754 749 783 cum
763 740 971 782 Fratribus
985 740 1126 783 nostris

161 799 460 844 deliberatione
470 800 691 856 praebabita
702 799 820 856 ὧροι
833 813 887 844 eo
899 828 913 850 ,
926 799 976 842 ad
994 800 1125 842 hono-

163 873 248 904 rem
270 860 377 908 Dei,
391 860 428 901 &
442 858 734 903 exaltationem
749 858 976 903 Catholicae
995 858 1122 910 Fidei,

194 918 350 961 uictum
360 916 501 959 statum
529 917 708 974 partium
737 918 1013 974 predictarum
1028 946 1043 970 ‚
1074 933 1121 960 ac

156 932 296 1019 glutis
326 975 550 1020 animarum
575 974 755 1020 fidelium
794 979 1093 1022 incrementum
1104 1002 1120 1026 ,

155 1034 209 1078 de
222 1031 396 1090 ipsorum
414 1036 598 1079 Fratrum
623 1035 819 1089 consilio,
843 1038 1123 1082 auctoritate)

58 1104 63 1114 ¹
153 1092 394 1149 Apostolica
411 1093 966 1146 statuimus,&ordinamus‚
996 1107 1040 1140 ut
1058 1095 1123 1138 di-

155 1155 317 1196 ctorum
331 1152 538 1196 ordinum
555 1156 720 1197 Fratres
737 1156 777 1197 in
796 1155 985 1199 Ecclcliis
1007 1158 1044 1198 δι
1060 1154 1123 1197 lo-

153 1213 211 1255 cis
235 1222 379 1255 eorum
391 1236 404 1259 ‚
418 1225 466 1253 ac
479 1211 519 1254 in
536 1210 683 1267 plateis
697 1215 978 1257 communibus
993 1212 1123 1257 libere

151 1270 312 1314 valeant
329 1269 477 1319 clero,
490 1271 531 1314 Gt
545 1270 700 1326 populo
715 1273 951 1327 predicare,
965 1286 1013 1316 ac
1029 1286 1120 1328 pro·

151 1341 305 1388 ponere
335 1328 518 1372 Verbum
547 1329 626 1373 Dei
648 1356 664 1380 ‚
702 1329 803 1374 bora
825 1331 896 1374 illa
922 1331 1123 1375 duntaxat

152 1386 322 1445 excepti
334 1414 350 1441 ‚
362 1386 403 1430 in
418 1401 498 1445 qua
515 1386 705 1434 locorum
727 1389 888 1434 Praelati
902 1390 1121 1446 predicate

155 1447 391 1500 voluerint,
405 1447 471 1492 vel
487 1460 628 1493 coram
653 1447 691 1492 se
722 1446 859 1494 facere
881 1449 1118 1494 solemniter

155 1504 365 1564 predicari
374 1535 392 1559 ,
401 1507 442 1551 in
454 1519 532 1576 qua
543 1507 764 1564 predicare
775 1507 1004 1562 celsabunt3
1019 1521 1117 1563 prae-

152 1575 340 1623 terquam
355 1595 372 1618 ‚
384 1566 414 1609 ss
428 1565 539 1611 alsud
563 1565 618 1611 de
644 1566 914 1612 Praelatorum
940 1568 1116 1625 ipsorum

150 1624 367 1669 voluntate
383 1621 644 1681 proeefferit,
674 1626 900 1672 aclicentia
925 1624 1114 1683 speciali.

151 1683 201 1726 ln
215 1682 356 1729 studiis
369 1693 509 1727 autem
530 1683 785 1740 generalibus
797 1711 812 1733 ‚
825 1685 894 1730 ubi
912 1686 1115 1729 sermones

147 1740 199 1785 ad
215 1742 388 1788 Clerum
403 1756 455 1787 ex
467 1754 585 1786 more
605 1740 690 1787 fieri
708 1739 838 1787 solent
850 1773 866 1796 ,
893 1743 1037 1789 diebus
1063 1742 1113 1786 il·

149 1799 201 1855 lis
213 1827 229 1851 ‚
243 1801 386 1859 quibus
397 1799 607 1860 predicari
621 1802 854 1848 solemniter
876 1804 1085 1848 consuevit
1097 1830 1114 1855 ‚

149 1857 203 1911 ‘ad
228 1858 373 1905 fisneta
397 1861 523 1907 etiam
547 1871 837 1916 mortuorum,
857 1864 899 1907 ds
926 1866 964 1908 in
993 1862 1112 1907 Fems

149 1914 422 1973 specialibus,
443 1919 525 1964 lire
549 1922 820 1977 peculiaribus
843 1923 1112 1975 eorumdem..

151 1977 346 2020 Fratrum
359 2001 376 2028 ,
400 1975 546 2032 poffint
568 1977 694 2023 iidem
710 1981 870 2027 Fratres
892 2009 909 2032 ,
928 1984 971 2026 Gt
987 1981 1110 2025 liceat

148 2033 211 2078 eis
238 2032 366 2077 libere
391 2032 628 2089 predicare:
653 2033 724 2077 nili
747 2031 859 2078 forte
883 2036 955 2079 illa
980 2039 1112 2086 hora,

147 2092 351 2193 guagglet
367 2091 418 2135 ad
436 2091 611 2188 Cle-mg,
634 2093 675 2188 i?
698 2093 899 2189 praedietisl
917 2094 1017 2192 {peis¹
1036 2093 1109 2136 Dei

188 2163 233 2192 er
291 2163 329 2190 m
371 2161 423 2190 ro
478 2161 552 2195 nr,
632 2161 715 2188 sco
769 2163 884 2197 s,ve
950 2161 1113 2191 reatus

142 2204 332 2262 superior
345 2163 400 2246 'aid
430 2161 633 2247 eClerunps
651 2162 898 2257 geri’e‘i’aliter
910 2215 1106 2247 convoca-

141 2273 208 2310 ret
218 2289 232 2314 2
245 2271 376 2307 autes
389 2261 522 2319 aliqua
541 2261 700 2306 ratione
712 2290 728 2314 ,
755 2263 820 2306 vel
833 2262 947 2304 causa
961 2274 1111 2317 urgen-

144 2321 391 2377 te‚'Clerum
413 2319 542 2379 ipsum
553 2319 725 2365 duceret
747 2321 1080 2375 congregandum
1100 2350 1113 2363 .

141 2384 191 2428 In
207 2379 395 2426 Ecclefiis
407 2390 544 2424 autem
558 2380 862 2426 parochialibus
888 2382 1052 2425 Fratres
1067 2379 1113 2423 il·

141 2441 177 2487 li
189 2440 421 2486 nullatenus
442 2439 620 2485 audeant
635 2467 652 2493 ,
682 2440 744 2484 vel
762 2440 942 2484 debeant
968 2439 1112 2495 pradi-

141 2513 239 2545 eare
252 2527 267 2552 ,
282 2498 345 2544 vel
362 2513 594 2556 proponere
610 2500 795 2544 Verbum
812 2498 918 2550 Dei,
943 2498 1012 2542 nili
1028 2496 1105 2541 for·

143 2558 189 2604 te
216 2557 397 2614 pradini
423 2562 448 2604 a
474 2559 783 2603 parochialibus
821 2558 1112 2603 sacerdotibus

144 2616 310 2662 invitati
331 2614 509 2669 fuerint,
538 2617 601 2661 vel
618 2619 780 2671 vocati,
806 2619 846 2662 dt
866 2617 918 2663 de
934 2617 1114 2674 iprrum

146 2676 411 2734 beneplxito
435 2677 472 2719 δι
502 2675 652 2722 affensu
669 2706 686 2731 ,
718 2679 785 2722 seu
809 2677 934 2731 petita
947 2678 1114 2723 licentia

143 2733 269 2781 fuerit
291 2735 544 2789 &obtenta,
569 2736 640 2781 nili
660 2737 910 2794 Episcopus,
933 2737 998 2782 rel
1016 2739 1113 2782 Ρη.

139 2793 252 2840 latus
266 2792 450 2850 superior
464 2809 544 2852 per-
555 2797 721 2842 comem
745 2797 907 2843 Fratres
919 2797 1111 2855 prodica-

18 2871 19 2874 ’
52 2895 54 2898 ,
141 2853 180 2900 ri
202 2853 419 2898 mandaret
437 2880 451 2896 .

255 2913 482 2956 statuimus
498 2913 623 2958 etiam
636 2942 653 2966 ,
667 2912 955 2963 &ordinamus
967 2919 1106 2960 aueto-

134 2973 270 3041 ritate
288 2971 491 3042 predicta,
504 2982 548 3017 ut
561 2972 601 3042 in
619 2971 783 3031 lingulis
796 2976 1108 3026 Civitatibus,&

139 3031 397 3077 Dioecefibus
411 3061 427 3086 ,
443 3047 487 3075 ιιι
500 3035 647 3090 qurbus
661 3033 752 3077 loca
783 3035 976 3082 Fratrum
1000 3034 1105 3093 ipso·

25 3094 29 3098 '
119 3099 232 3140 “anm
259 3090 474 3137 confillere
498 3092 823 3149 dignoscuntur,
845 3094 910 3139 vel
931 3097 974 3139 in
987 3095 1106 3141 Civi-

139 3153 294 3197 tatibus
304 3177 320 3201 ,
331 3152 372 3195 δι
389 3151 638 3197 Dioecefibus
653 3152 755 3196 locis
773 3151 861 3208 ipfis
877 3153 1015 3200 vicinis
1029 3186 1046 3208 ,
1062 3155 1103 3198 in

122 3213 292 3274 ,quibus
318 3210 411 3255 loca
435 3209 663 3267 hujusmodi
677 3226 757 3256 non
774 3214 971 3258 habentur
981 3218 1104 3267 ‚Ma-

135 3269 250 3334 gistri
261 3299 281 3324 ,
298 3270 480 3319 Priores,
498 3270 776 3316 Provinciales
792 3273 1109 3319 Praedicarorum
1180 3299 1185 3303 ·

139 3335 212 3383 saut
223 3344 366 3374 eorum
384 3330 540 3374 Vicarii
553 3360 569 3384 ,
599 3330 827 3376 Generales
842 3363 856 3384 ,
880 3335 919 3375 δε
934 3334 1110 3377 Provin-

147 3386 267 3457 ffiles
290 3389 493 3442 Ministri,
518 3392 559 3434 Bt
584 3390 783 3435 Custodes
812 3393 1044 3442 Minorum,
1070 3394 1111 3435 δι

149 3440 1110 3556 mfflgzssffssxizzz‘isffsssffzffsgztz

150 3574 223 3616 pel·
237 3564 275 3608 se
288 3594 305 3617 ,
331 3569 396 3611 vel
425 3583 494 3625 per
511 3571 670 3614 Fratres
688 3597 703 3620 ,
727 3585 827 3625 quos
844 3572 894 3613 ad
912 3573 990 3614 hoc
1017 3570 1106 3612 ido-

151 3633 246 3663 οεοῦ
258 3621 343 3668 fore
354 3629 587 3684 putaverint
602 3659 616 3679 ‚
629 3629 837 3673 humiliter
854 3630 1044 3685 petituri,
1061 3639 1105 3670 ut

150 3681 312 3746 Ffaffffl
325 3685 420 3740 aqui
432 3687 482 3731 ad
498 3690 573 3731 hoc
586 3688 701 3732 eleffl
717 3688 864 3732 fuerint
881 3717 893 3738 ,
906 3691 946 3731 in
963 3703 1102 3732 eorum

151 3740 462 3794 CWUtfibflQ&
477 3747 727 3791 Dioecefibus
741 3745 1001 3791 confeffiones
1018 3748 1103 3789 sub-

149 3797 334 3863 ditoss'lml
363 3798 517 3848 suorum
548 3805 735 3849 confiteri
770 3807 837 3849 libi
877 3808 1104 3850 volentium

151 3855 288 3899 audire
303 3856 430 3901 hbet&
443 3864 601 3909 valeam
615 3894 629 3918 ,
656 3867 698 3908 δι
726 3865 952 3922 hujusmodi
979 3864 1103 3908 confi-

1985 272 2099 350 77

1190 382 1408 438 tentibus(
1424 390 1549 437 prout
1577 381 1795 425 secuudum
1812 386 1944 428 Deum
1966 394 2153 443 expedire

1188 442 1461 498 cognoverint
1477 442 1776 498 >poenitentias
1799 441 2002 496 imponere
2020 449 2155 491 saluta-

1190 515 1285 552 res,
1313 511 1438 556 atque
1464 500 1601 542 iisdem
1626 497 1893 541 absolutionis
1916 501 2154 548 beneficium

1189 559 1427 616 impendere
1443 560 1496 602 dc
1510 558 1673 602 licentia
1692 587 1705 610 ‚
1718 560 1848 615 gratia
1864 586 1878 608 ,
1906 561 1941 599 ὅ(
1963 563 2157 616 benepla-

1188 620 1276 661 cito
1289 618 1527 661 eorumdem
1540 631 1554 660 ε
1569 632 1615 661 ac
1629 617 1780 662 deiude
1795 616 1946 673 praefati
1963 622 2156 675 Magistri,

1189 678 1378 726 Priores,
1395 676 1700 729 provinciales,
1720 678 1758 720 δι
1774 676 1943 719 Miniflri
1958 680 2157 722 Ordinum

1188 734 1476 793 praedictorum
1490 736 1642 792 eligere
1656 736 1838 780 studeant
1867 736 2057 792 personas
2081 737 2158 779 sus.

1185 794 1369 839 ficientes
1383 821 1398 843 ‚
1413 795 1580 838 idoneas
1595 824 1610 847 ,
1627 798 1711 838 vita
1725 795 2158 852 probatas,discretas,

1185 855 1543 911 modestas,atque
1563 855 1712 909 peritas
1740 855 1791 897 ad
1821 867 1901 897 tam
1916 854 2073 899 salubre
2088 856 2158 898 mi·

1183 913 1385 958 nisterium
1399 914 1436 956 δι
1454 912 1632 956 officium
1646 916 1928 970 exequendum
1943 940 1957 963 ‚
1981 928 2077 970 quas
2103 916 2153 957 fic

1182 977 1233 1017 ab
1247 976 1303 1017 eis
1316 974 1464 1018 electas
1480 972 1792 1029 repraesentent,
1814 974 1876 1017 vel
1891 972 2037 1016 faciant
2051 988 2153 1032 prae·

1183 1033 1330 1077 sentari
1349 1033 1528 1077 Pralatis
1541 1062 1556 1085 ,
1571 1034 1612 1076 δι
1623 1033 1676 1077 de
1690 1047 1830 1076 eorum
1850 1034 2016 1076 licentia
2031 1062 2042 1078 ,
2060 1047 2154 1090 gra-

1184 1092 1263 1143 tia,
1278 1093 1319 1135 &
1335 1092 1593 1148 beneplacito
1604 1093 1643 1135 in
1667 1092 1920 1136 Civitatibus
1934 1094 1975 1135 δι
1987 1093 2154 1136 Dioece·

1183 1150 1284 1195 libus
1306 1152 1542 1195 eorumdem
1566 1151 1787 1207 hujusmodi
1803 1154 1975 1208 persone
1989 1156 2039 1195 fic
2065 1154 2150 1195 ele-

1181 1211 1253 1253 δίε
1274 1209 1541 1255 consessiones
1566 1209 1752 1255 confiteri
1787 1212 1855 1254 fibi
1884 1212 2152 1255 volentium..-

1182 1271 1375 1322 audiant,
1404 1270 1614 1326 imponant
1639 1272 1898 1326 poenitcntias
1925 1269 2122 1315 salutares
2139 1298 2155 1323 ,

1181 1330 1219 1371 δι
1241 1327 1481 1372 beneficium
1495 1328 1754 1373 absolutionis
1784 1329 2047 1384 imposterum
2078 1332 2152 1371 im-

1180 1388 1358 1444 pendant
1370 1414 1386 1438 ,
1402 1399 1523 1440 prout
1548 1387 1729 1442 superius
1742 1388 1796 1431 est
1810 1387 2033 1444 expressum
2051 1400 2064 1430 :
2080 1402 2152 1431 ex·

1178 1457 1245 1491 tra
1276 1445 1479 1489 Civitates
1496 1447 1538 1488 δι
1555 1447 1790 1496 Dioecescs,
1819 1448 1860 1489 in
1887 1446 2034 1503 quibus
2065 1444 2151 1488 sue·

1177 1505 1259 1549 rint
1273 1503 1497 1560 deputate,
1511 1518 1582 1560 per
1594 1518 1693 1561 quas
1708 1518 1775 1547 eas
1792 1506 1999 1555 volumus,
2011 1506 2051 1547 δι
2064 1519 2149 1547 non

1228 1578 1246 1607 r
1271 1564 1514 1608 Provincias
1527 1564 1746 1619 deputari,
1768 1563 2040 1609 confeffiones
2058 1564 2150 1607 nul-

1192 1634 1335 1668 atenus
1357 1621 1580 1667 auditurae.

1292 1685 1495 1726 Numerus
1513 1692 1653 1726 autem
1669 1681 1930 1738 personarum
1944 1681 2145 1726 affumen·

1173 1741 1320 1785 darum
1338 1741 1389 1783 ad
1406 1742 1636 1800 hujusmodi
1665 1741 1844 1785 officium
1874 1742 2149 1787 exercendum

1172 1798 1251 1844 effe
1265 1801 1390 1845 debet
1404 1827 1420 1850 ‚
1446 1813 1569 1859 prout
1586 1800 1826 1846 universitas
1854 1803 2001 1852 Cleri,
2018 1803 2056 1843 δι
2074 1814 2149 1855 po-

1174 1861 1269 1917 pult
1278 1860 1530 1911 multitudo,
1555 1859 1621 1903 vel
1636 1861 1818 1915 paucitas
1841 1864 1968 1919 exigit
1985 1872 2153 1903 eorum-

1171 1920 1267 1963 dem
1283 1948 1295 1961 .

1292 1976 1378 2022 Etfi
1396 1978 1518 2023 iidem
1539 1978 1697 2023 Praelati
1724 1980 1895 2036 petitam
1911 1976 2153 2022 licentiam..

1172 2034 1468 2080 confeffionum
1497 2037 1724 2089 huiusmodi
1740 2039 2037 2083 audiendarum
2050 2048 2153 2077 con-

1174 2089 1360 2133 cesserint
1378 2118 1394 2142 ,
1414 2092 1527 2134 illam
1541 2091 1698 2146 prefati
1719 2097 1900 2150 Magistri
1915 2124 1932 2145 ,
1948 2094 2149 2144 Ministri,

1172 2150 1211 2189 δι
1228 2149 1295 2189 alii
1314 2162 1407 2189 cum
1423 2153 1648 2203 gratiarum
1665 2152 1864 2207 recipiant
1883 2153 2043 2194 actione
2057 2177 2072 2199 ,
2086 2150 2153 2193 di-

1174 2206 1326 2255 eta-que
1354 2206 1532 2254 personae
1555 2209 1606 2246 fic
1633 2212 1770 2248 eleetae
1799 2209 2052 2251 commissum
2078 2209 2152 2252 fibi

1171 2258 1354 2301 officium
1370 2271 1624 2315 exequantur
1642 2289 1654 2301 .
1666 2264 1790 2316 Quod
1808 2265 1831 2304 sn
1850 2265 1962 2305 forte
1981 2266 2061 2319 jam
2087 2266 2151 2307 di—

1171 2321 1224 2361 eti
1257 2319 1418 2361 Praelati
1445 2333 1686 2377 quemquam
1715 2334 1765 2363 ex
1792 2322 1912 2364 dietis
1938 2323 2150 2366 fratribus

1174 2376 1423 2434 presentans
1438 2378 1591 2422 eisdem
1605 2379 1658 2422 ad
1681 2378 1912 2435 hujusmodi
1934 2382 2150 2428 officium

1173 2438 1335 2480 nollent
1366 2439 1545 2487 babere,
1579 2440 1644 2482 vel
1672 2453 1754 2480 non
1781 2440 2152 2484 ducerentadmit-

1173 2498 1436 2541 tendumzeo
1450 2508 1592 2540 amoto
1619 2498 1682 2540 vel
1700 2499 1935 2551 subtrat‘to,
1968 2500 2064 2548 loco
2090 2500 2148 2556 ip·

1173 2557 1248 2601 fius
1268 2556 1452 2600 (imiliter
1465 2555 1616 2600 eisdem
1637 2556 1934 2613 presentandus
1967 2560 2146 2604 Praelatis

1172 2615 1288 2676 poffit
1304 2645 1320 2668 ,
1338 2618 1379 2660 δι
1393 2618 1540 2660 debeat
1556 2616 1660 2660 alius
1678 2615 1912 2674 subrogari.

1289 2677 1333 2720 si
1355 2678 1456 2720 vcro
1471 2676 1597 2721 iidem
1624 2676 1782 2719 Praelati
1801 2676 1975 2732 praefatis
1995 2679 2147 2722 fratri·

1158 2737 1246 2780 -bus
1278 2734 1329 2778 ad
1357 2733 1623 2780 confeffiones
1654 2735 1735 2792 (ut
1752 2738 2048 2793 praemittitur)
2075 2752 2146 2781 au-

1169 2795 1343 2840 diendas
1358 2796 1500 2839 electis
1515 2826 1531 2848 ,
1548 2795 1780 2850 hujusmodi
1809 2798 2005 2841 exhibere
2018 2797 2146 2840 licen·

1169 2857 1267 2900 tiam
1297 2857 1599 2900 recusaverint:
1626 2854 1720 2898 Nos
1746 2870 1794 2899 cx
1818 2870 1927 2899 nunc
1950 2856 2040 2911 ipfis
2057 2886 2070 2908 ,
2102 2866 2144 2898 ut

1166 2913 1434 2959 conseffiones
1453 2916 1521 2959 fibi
1537 2912 1727 2958 confiteri
1746 2915 1969 2957 volentium
1983 2915 2115 2959 libere
2128 2944 2143 2967 ,

1166 2975 1362 3032 liciteque
1390 2975 1533 3019 audire
1562 2972 1748 3023 valeant,
1777 2975 1819 3016 ἃ.
1845 2973 1994 3018 eisdem
2010 2977 2142 3030 poeni-
2168 3010 2184 3027 ,

1167 3037 1318 3078 tentias
1341 3036 1554 3089 imponere
1570 3033 1766 3077 salutares
1779 3060 1792 3080 ‚
1816 3043 1940 3089 atque
1953 3035 2141 3077 eisdem,

1166 3093 1412 3139 beneficium
1440 3092 1708 3136 absolutionis
1734 3092 1932 3147 impartiri
1958 3096 2137 3149 gratiose.

1166 3154 1431 3198 concedimus
1449 3153 1502 3195 de
1518 3151 1774 3209 plenitudiue
1801 3150 2046 3208 Apostolieae
2061 3166 2138 3208 po·

1168 3214 1320 3257 testatis
1339 3241 1353 3254 .

1285 3275 1365 3315 Per
1381 3268 1610 3323 huiusmodi
1637 3279 1775 3313 autem
1802 3268 2134 3313 conceffionem„

1171 3344 1427 3388 nequaquam
1444 3330 1695 3374 intendimus
1710 3327 1890 3386 personis
1903 3355 1918 3378 ,
1942 3329 2009 3372 seu
2041 3331 2138 3372 Fra-

1170 3393 1303 3435 tribus
1321 3392 1408 3445 ipsis
1422 3391 1472 3431 ad
1490 3389 1528 3431 id
1546 3389 1687 3432 taliter
1701 3389 1904 3444 deputatis
1916 3417 1933 3440 ,
1958 3388 2136 3443 potesta-

1171 3462 1255 3495 tem
1275 3452 1312 3494 in
1331 3452 1408 3494 boc
1423 3449 1662 3506 impendere
1689 3448 1924 3503 ampliorem
1937 3473 1954 3496 ,
1976 3461 2137 3504 quam-2

1168 3511 1208 3554 in
1229 3525 1284 3555 eo
1299 3512 1464 3554 Curatis
1478 3538 1493 3560 ,
1521 3510 1585 3552 vel
1618 3505 1917 3553 parochialibus
1936 3508 2136 3551 Sacerdo-

1168 3572 1279 3614 tibus
1295 3571 1351 3615 est
1364 3570 1385 3612 a
1399 3568 1486 3623 jure
1501 3566 1685 3611 conceffa
1698 3597 1712 3619 ,
1741 3566 1812 3609 niti
1836 3565 1967 3610 forsan
1981 3569 2039 3611 eis
2060 3570 2135 3609 Ec-

1167 3630 1377 3673 cleiiarum
1406 3628 1566 3670 Praelati
1596 3628 1826 3670 uberiorem
1854 3628 1894 3670 in
1920 3630 1992 3669 hac
2022 3638 2134 3682 parte

1165 3690 1336 3744 gratiam
1356 3686 1583 3742 specialiter
1595 3686 1797 3729 ducerent
1825 3685 2074 3729 faciendam.

1282 3745 1524 3798 Huiusmodi
1539 3759 1703 3802 quoque
1717 3745 1866 3788 statuto
1878 3773 1893 3795 ‚
1906 3748 1943 3787 &
1957 3745 2119 3787 ordina-

1164 3807 1342 3849 tionibus
1361 3805 1503 3847 nostris
1520 3806 1758 3859 adjicimus,
1774 3816 1819 3847 ut
1839 3808 1995 3847 Fratres
2011 3803 2130 3843 dicto-

1165 3881 1252 3909 rum
1270 3867 1472 3910 Ordinum
1488 3866 1528 3908 in
1541 3865 1746 3916 Ecclefiis,
1762 3863 1828 3906 vel
1843 3863 1941 3905 locis
1958 3862 2033 3960 sili-ihs2
2048 3855 2132 3953 utbi-

1997 3934 2007 3959 ι
2038 3929 2057 3955 e
