2444 4192
750 138 910 222 Sub
968 142 1344 228 Clemente
1410 138 1688 227 VIII.

258 292 305 335 fir
316 314 331 338 ,
346 285 416 328 nili
427 286 468 327 in
484 286 628 328 cnoro
642 314 654 338 ‚
670 284 709 328 in
728 287 905 330 Ecctefia
920 299 1099 344 tempore
1112 293 1202 336 offi-

259 349 407 391 ciorum
419 368 434 392 2
445 344 484 385 in
502 343 806 398 proceffionibus
821 373 836 395 ,
850 349 967 387 autin
984 351 1199 392 coenaculo

256 400 370 448 causa
404 401 632 446 refectionis
656 403 929 454 commorari,
949 418 1022 446 nec
1037 409 1202 457 permit-

257 472 366 504 tatur
394 461 452 502 εἰς
482 462 678 507 professos
708 461 829 505 domo
853 470 1041 505 exeuntes
1072 464 1201 504 comi·

257 529 333 564 ‘21⁵1
346 546 359 562 ι

369 579 452 621 Pro
477 578 751 621 communibus
769 603 783 627 ,
811 577 850 619 δι
876 576 1049 633 propriis
1073 575 1200 631 cujus:

253 648 329 692 que
358 636 680 686 neceffitatibus,
702 649 786 691 quat
809 633 990 678 accidere
1013 631 1167 688 possunt
1183 662 1199 685 ,

254 708 354 739 unus
370 709 419 737 ex
435 697 616 741 Novitiis
650 695 759 752 ipsis,
783 703 923 742 atate,
945 692 1198 748 moribusque

252 752 483 810 proveetior
514 754 732 811 deputetur
748 781 764 807 ,
783 752 849 810 qui
873 751 1036 798 absente
1061 750 1169 795 {ocio
1184 779 1198 804 ,

251 812 444 869 Magistro
471 814 756 869 permittente,
779 810 942 862 omnia,
967 822 1085 867 prout
1100 824 1198 866 opus

252 870 371 913 suerit
388 879 505 927 ,agat
522 899 537 924 ,
564 872 629 915 cui
655 869 912 927 etiamjanuae
931 869 1134 918 custodia,
1159 871 1196 911 δι

249 941 385 971 rerum
401 928 561 973 levioris
581 929 773 974 momenti
791 926 968 985 provifio
990 929 1095 973 intra
1111 931 1200 971 No-

249 986 435 1031 vitiatum
453 990 654 1032 committi
678 989 830 1046 poterit
843 1018 854 1030 .

367 1049 472 1090 Cum
494 1058 628 1091 autem
649 1075 664 1099 ,
691 1045 790 1092 licet
810 1045 1069 1090 clericorum
1094 1045 1198 1089 bene

249 1104 578 1149 instituendorum
593 1120 690 1149 cura
705 1105 849 1149 debeat
873 1101 948 1147 esse
976 1105 1169 1161 praecipua
1181 1132 1198 1156 ,

246 1162 547 1205 conversorum
593 1173 727 1206 tamen
765 1163 950 1217 religiosa
991 1164 1198 1206 instructio

246 1234 326 1264 non
340 1221 384 1263 fit
412 1220 750 1275 praetermittenda
766 1247 781 1270 ,
801 1220 896 1275 quin
925 1220 1056 1274 potius
1069 1234 1194 1277 aqua·

245 1278 413 1324 nimiter
436 1276 727 1332 amplexands;
752 1275 1077 1331 quandoquidem
1104 1278 1193 1319 fitis

247 1337 504 1393 exploratum
525 1334 576 1378 est
589 1364 603 1387 ,
617 1335 780 1378 istorum
794 1336 917 1379 etiam
929 1359 943 1382 ‚
970 1347 1062 1392 cum
1075 1349 1194 1392 regu-

249 1397 328 1440 lam
356 1390 620 1452 profiteantur
640 1393 808 1437 eandem
827 1420 841 1440 ‚
867 1390 1081 1447 perfectam
1098 1395 1197 1438 edu·

249 1453 447 1498 tationem
459 1478 474 1500 ,
488 1461 576 1494 tum
594 1451 799 1506 Religioni
815 1451 999 1493 decorem
1023 1453 1061 1495 8(
1077 1466 1200 1495 orna·

251 1521 427 1556 mentum
441 1534 456 1558 ,
470 1520 555 1552 tum
570 1510 656 1552 aliis
672 1506 1013 1553 christifidelibus
1035 1509 1203 1553 edifica-

252 1570 430 1618 tionem,
444 1568 668 1625 exemplum
680 1598 696 1619 ,
720 1576 839 1623 atque
855 1566 1070 1612 utilitatem
1086 1568 1201 1611 affer-

250 1641 297 1672 re
310 1655 323 1668 .
335 1624 548 1670 convertis
574 1625 660 1682 ipsis
673 1628 696 1670 a
711 1624 969 1667 Clericorum
988 1627 1200 1670 Novitiatu

249 1687 451 1741 separatus
476 1682 526 1726 ad
545 1680 826 1726 dormiendum
843 1682 954 1724 locus
968 1682 990 1739 (
1005 1686 1201 1739 quantum

251 1738 469 1789 commode
498 1738 583 1786 fieri
611 1741 795 1798 poterit)
820 1740 995 1797 affignari
1019 1742 1198 1798 precipi-

253 1813 336 1848 tur.
350 1799 416 1845 llli
434 1802 664 1852 tamen,bac
681 1799 933 1852 separatione
954 1806 1034 1845 non
1047 1801 1204 1845 obstan·

254 1870 322 1909 te,
342 1857 530 1914 Magistro
547 1859 817 1907 Novitiorun„
830 1857 898 1900 seu
916 1859 1202 1912 Superioribus

176 1969 179 1974 ,
255 1915 615 1967 monasteriorum,
643 1918 683 1959 δι
709 1918 998 1959 conventuum
1014 1917 1122 1972 juxta
1136 1932 1206 1960 cu-

253 1974 393 2035 jusque
416 1973 582 2017 Ordinis
612 1978 798 2025 Statura,
826 1975 863 2016 &
891 1975 1207 2017 constitutiones

254 2033 403 2080 subditi
427 2031 529 2084 effe,
549 2033 588 2075 δι
601 2031 869 2076 obedientiam
892 2032 1072 2085 praestare
1085 2033 1209 2077 debe-

256 2094 389 2144 bunt,
418 2090 439 2133 i
465 2089 550 2147 quo
575 2104 652 2134 non
677 2091 833 2134 tantum
854 2091 960 2132 circa
981 2090 1206 2148 corporalia

254 2148 440 2204 obstquia
471 2150 668 2206 probandi
705 2151 746 2192 δι
779 2148 994 2191 exercendi
1017 2178 1033 2200 ‚
1066 2149 1206 2194 verum

253 2210 375 2255 etiem
410 2218 484 2260 pro
510 2217 654 2248 eorum
667 2206 912 2262 capacitate,
928 2206 968 2246 &
980 2205 1206 2248 commodi·

251 2275 337 2312 tate
352 2293 368 2318 ,
389 2262 441 2306 de
464 2263 730 2321 spiritualibus
745 2289 759 2310 a
786 2261 1001 2316 prasertim
1015 2264 1066 2308 de
1080 2263 1203 2306 modo

251 2321 485 2369 mentaliter
513 2320 657 2364 orandi
681 2350 694 2373 ‚
728 2321 949 2376 diligenter
983 2321 1202 2365 instruendi

252 2391 399 2435 erunt,
421 2378 528 2437 quod
555 2390 600 2422 ut
613 2380 868 2424 commodius
883 2379 977 2428 fiat,
1005 2380 1058 2423 ad
1081 2381 1208 2435 Capi·

253 2441 349 2487 tula-
362 2440 425 2493 ,&
441 2438 664 2494 spirituales
681 2439 927 2491 Conciones,
940 2454 1024 2496 quae
1040 2454 1109 2493 per
1121 2441 1206 2482 Ma-

252 2502 397 2560 gistros
427 2496 615 2548 Novitiis,
632 2495 718 2542 fieri
731 2496 861 2540 solent
873 2526 889 2548 ‚
915 2497 1099 2541 accersiri
1132 2498 1204 2540 de·

252 2562 374 2604 beant
385 2581 401 2608 2
432 2556 525 2599 &in
539 2556 729 2599 Ecclefiis
761 2555 913 2598 statutis
930 2557 1038 2598 horis
1051 2571 1204 2600 eonve-

250 2617 380 2667 niant,
398 2613 467 2657 nili
484 2624 580 2659 tunc
602 2613 642 2658 in
661 2613 739 2659 suis
753 2612 897 2660 officiis
911 2615 1123 2661 actualiter
1135 2629 1208 2661 oc-

250 2675 384 2734 cupati
398 2670 553 2722 fuerint
564 2697 577 2712 .

370 2733 574 2787 Tempore
592 2731 691 2773 vero
719 2730 970 2786 probationis
985 2731 1147 2788 elapso,
1180 2733 1208 2777 ii

253 2790 411 2836 tautum
423 2813 438 2836 2
450 2788 520 2844 qui
533 2799 614 2829 non
641 2786 769 2832 lolium
788 2789 976 2845 religiosa:
991 2792 1210 2844 perfectio-

254 2849 315 2895 nis
325 2858 518 2902 capaces,
534 2843 600 2886 sed
617 2844 667 2888 ad
694 2845 851 2889 labores
870 2847 1096 2902 corporales
1125 2849 1209 2903 apti

255 2919 371 2952 novo
400 2918 446 2947 ae
469 2902 659 2959 diligenti
685 2904 861 2948 examine
875 2906 1022 2960 reperti
1042 2903 1208 2958 fuerint,

254 2961 508 3024 (dummodo
525 2958 651 3004 itatis
672 2960 747 3006 suae
759 2975 903 3006 annum
917 2989 931 3013 ,
943 2964 1078 3018 quoad
1107 2964 1210 3009 Cle-

254 3025 364 3069 ricos
393 3018 741 3065 decimumsextum
754 3046 769 3070 ,
798 3021 882 3076 quo
917 3021 1018 3064 vero
1035 3021 1083 3066 ad
1099 3026 1211 3066 Cone

258 3079 395 3127 versos
407 3106 422 3128 a
442 3078 844 3134 vigefimumprimum
879 3077 1113 3124 excesserint
1125 3081 1146 3138 )
1159 3081 1208 3126 ad

254 3137 533 3199 profeffionem
547 3137 816 3181 admittantur
829 3149 842 3181 ε
855 3136 935 3180 Sed
948 3136 1018 3193 qui
1030 3137 1080 3180 ad
1096 3141 1208 3184 Con-

257 3195 461 3246 versorum
477 3195 671 3241 Habitum
683 3195 839 3251 recepti
854 3192 1007 3241 fuerint
1018 3224 1033 3247 ,
1048 3196 1096 3239 ad
1111 3197 1210 3241 Cle-

260 3257 434 3302 nieorum
451 3254 592 3298 statum
606 3256 773 3297 transire
785 3282 801 3305 ,
830 3254 952 3296 etiam
982 3254 1208 3304 durant&

263 3322 438 3372 tempore
451 3312 698 3370 probationis
717 3339 732 3361 ,
757 3325 841 3355 non
855 3312 998 3369 poffint
1009 3342 1021 3356 .

373 3373 558 3429 Superior
569 3370 784 3427 cujuslibet
799 3369 1034 3415 Conventus
1049 3400 1063 3425 ,
1075 3374 1114 3416 in
1126 3386 1210 3428 quo

264 3429 496 3476 Novitiatus
525 3431 646 3477 fuerit
670 3429 912 3478 constitutus
937 3461 954 3483 ,
988 3430 1207 3485 particula-

266 3499 351 3530 rem
367 3487 512 3534 liBrum
525 3490 671 3535 habeat
689 3518 705 3542 ,
734 3488 773 3531 in
797 3504 878 3544 quo
908 3488 1210 3544 uniuscujusque

270 3544 432 3588 Novitii
443 3545 632 3603 profellio
644 3547 878 3605 registi-etur
890 3548 1106 3604 ,illamque
1123 3552 1212 3590 No-

267 3602 390 3644 vitius
406 3601 592 3658 professus
605 3609 770 3662 propria
784 3621 919 3656 manu,
932 3609 971 3651 δι
983 3608 1064 3650 duo
1080 3606 1212 3660 testes,

267 3674 318 3722 qu
329 3660 341 3702 i
352 3659 554 3717 praesentes
565 3662 718 3706 fuerint
729 3692 745 3715 ,
764 3664 1005 3708 subscribant
1021 3695 1033 3708 .

381 3719 607 3764 Conversus
639 3723 736 3768 vero
764 3722 995 3768 litterarum
1021 3726 1210 3780 ignarus,

1983 168 2134 248 333

1259 290 1451 347 professus
1466 319 1481 340 ,
1497 292 1537 331 in
1552 287 1778 330 eorundem·
1793 284 1947 327 testium
1958 313 1971 334 ,
1986 291 2104 343 quise
2122 295 2208 336 sub.

1259 346 1502 399 scripserint,
1518 343 1724 396 prasentia
1741 345 1905 397 propria
1927 359 2044 386 manu
2058 350 2205 400 iignum

1261 403 1409 444 Crucis
1422 410 1595 455 apponat
1611 425 1625 447 ,
1641 397 1935 454 asserveturque
1950 403 2067 449 liber,
2079 407 2116 444 δι
2139 421 2207 446 cu.

1259 459 1452 501 stodiatur
1468 460 1507 499 in
1524 457 1730 505 Archiv0,
1746 458 1812 496 ubi
1828 459 2027 510 scriptura:
2042 461 2091 500 ad
2117 465 2207 503 Mo-

1259 516 1469 558 nasserium
1482 539 1497 562 ‚
1510 512 1573 556 seu
1588 516 1847 556 conventum
1875 516 2126 571 pertinentes
2144 533 2207 559 re-

1259 575 1352 630 poni
1369 570 1692 615 consueverunt.

1372 632 1479 687 Quia
1494 632 1594 675 vero
1621 630 1660 672 in
1677 630 1909 687 quibusdam
1929 633 2150 675 Ordinibus
2167 633 2212 674 fi-

1259 690 1434 734 liationis
1455 690 1540 733 usus
1553 690 1605 734 est
1623 690 2211 748 receptus,declaratur,quod,

1259 750 1356 794 licet
1379 749 1586 792 decretum
1615 750 1690 799 fit,
1719 761 1763 791 ut
1794 751 1970 793 Novitiis
1991 751 2210 793 educandis

1258 819 1372 851 certa
1389 806 1631 851 Monasteria
1644 833 1659 854 ,
1672 819 1740 850 aut
1762 810 2003 854 Conventus
2014 809 2213 865 defignata

1259 868 1426 923 quilibet
1441 866 1557 909 Ordo
1572 867 1720 909 habere
1734 866 1899 919 debeat,
1913 869 2067 911 licitum
2079 880 2215 911 tamen

1261 928 1307 970 lit
1330 926 1612 982 Superioribus
1642 926 1978 971 Monasteriorum
2002 954 2017 976 ,
2040 929 2078 970 δε
2107 930 2214 970 Con-

1262 995 1454 1029 ventuum
1483 982 1711 1039 hujusmodi
1736 984 1936 1028 Ordinum
1960 1014 1974 1037 ,
1998 987 2038 1028 in
2065 987 2213 1042 quibus

1259 1043 1462 1088 filiationis
1477 1041 1568 1088 usus
1583 1052 1769 1098 receptus
1782 1044 1838 1086 est
1851 1070 1866 1092 ‚
1893 1058 1962 1088 eos
1974 1071 1989 1094 ,
2005 1059 2102 1101 quos
2117 1058 2215 1100 prae-

1256 1103 1428 1147 narratis
1460 1102 1718 1159 qualitatibus
1751 1101 1925 1147 suffultos
1952 1103 2182 1158 repererint
2196 1127 2212 1149 ,

1256 1164 1294 1205 in
1309 1161 1466 1205 suorum
1482 1161 1791 1204 locorutnFilios
1807 1160 1819 1216 j
1825 1172 1920 1205 uxta
1935 1161 2124 1218 cujusque
2137 1162 2212 1202 Or-

1254 1221 1359 1263 dinis
1384 1220 1690 1264 constitutiones
1721 1218 1948 1263 adscribere
1960 1250 1975 1271 ,
1993 1220 2124 1277 ficque
2142 1218 2216 1260 ad·

1255 1279 1421 1331 scriptos
1433 1306 1447 1329 ‚
1460 1293 1552 1319 cum
1568 1278 1674 1333 juxta
1690 1279 1896 1332 praesentes
1914 1279 2213 1324 Institutiones,

1256 1337 1294 1377 δι
1323 1336 1420 1378 aliis
1454 1333 1619 1378 servatis
1650 1335 1854 1376 servandis
1888 1360 1903 1383 ‚
1935 1337 1986 1376 ad
2015 1337 2216 1379 Ordinem

1259 1393 1406 1446 recepti
1432 1391 1602 1444 fuerint,
1626 1394 1676 1435 ad
1703 1392 1792 1433 loca
1821 1394 2110 1437 Novitiatuum
2125 1407 2217 1435 cum

1260 1451 1592 1495 testimonialibus
1621 1450 1771 1493 litteris
1798 1452 2070 1496 transmittere
2093 1479 2107 1500 ι,
2150 1450 2218 1494 ubi

1263 1520 1451 1564 tanquam
1466 1509 1663 1552 dictorum
1676 1513 1981 1562 conventuum,
1993 1512 2058 1554 seu
2075 1512 2219 1554 Mona-

1263 1568 1474 1610 stcriorum
1504 1565 1609 1618 filii,
1632 1566 1856 1609 eorundem
1882 1571 2127 1620 nomine,&
2157 1569 2219 1609 in-

1262 1626 1398 1668 stantia
1422 1625 1608 1679 recipi,ac
1622 1626 1661 1666 in
1679 1626 1890 1669 Novitiatu
1905 1629 2081 1680 probari,
2092 1630 2131 1670 &
2146 1627 2216 1667 de·

1261 1684 1373 1734 inde,
1390 1696 1604 1739 antequam
1629 1684 1678 1725 ad
1694 1682 1838 1727 eadem
1855 1686 2090 1730 Monasseria
2105 1714 2119 1736 ,
2153 1686 2218 1726 seu

1263 1747 1499 1788 Conventus
1518 1741 1723 1784 filiationis
1749 1742 1977 1798 hujusmodi
2009 1744 2219 1788 remittan-

1262 1812 1331 1845 tur
1345 1826 1360 1849 ‚
1371 1802 1411 1842 in
1426 1798 1658 1854 prosefforio
1673 1800 1719 1841 ad
1736 1802 2025 1853 perfectionem
2039 1830 2054 1854 ‚
2072 1813 2116 1844 ut
2134 1815 2221 1858 per·-

1266 1857 1416 1905 missum
1428 1858 1481 1900 est
1495 1884 1511 1910 ,
1525 1859 1707 1901 exerceri
1720 1857 1921 1901 debebunt
1934 1888 1946 1901 .

1384 1918 1514 1960 Porro
1532 1944 1547 1967 ,
1561 1931 1610 1959 ne
1625 1916 1714 1958 loca
1736 1917 1853 1958 unius
1871 1917 2100 1961 Monaflerii
2119 1944 2132 1966 ,
2156 1915 2221 1959 seu

1268 1971 1511 2017 Conventus
1537 1976 1588 2016 ab
1615 1973 1698 2014 alio
1719 1987 2051 2031 praeoccupentur
2065 2005 2080 2027 ,
2099 1977 2223 2030 Capi·

1269 2031 1344 2074 tuli
1372 2030 1614 2080 Generalis,
1638 2039 1703 2070 aut
1731 2032 2000 2076 provincialis
2028 2044 2166 2088 partes
2179 2048 2222 2076 e·

1269 2102 1361 2133 runt
1380 2116 1394 2138 ·,
1409 2101 1616 2131 numerum
1635 2086 1893 2142 praescribere
1906 2105 1983 2146 pro
1997 2092 2186 2134 omnibus
2206 2116 2221 2138 s

1266 2151 1304 2191 δι
1330 2162 1414 2191 eam
1441 2145 1623 2188 (imiliter
1645 2147 1842 2189 rationem
1867 2149 1973 2192 circa
2005 2149 2223 2192 alimento·

1266 2219 1351 2248 rum
1369 2205 1713 2247 contributionem
1729 2204 1747 2259 (
1765 2207 1789 2246 si
1810 2218 1911 2260 opus
1926 2208 2044 2251 fuerit
2061 2210 2078 2264 )
2093 2208 2192 2250 inire
2206 2235 2223 2257 ,

1264 2279 1308 2308 ac
1327 2262 1486 2318 fingulis
1500 2263 1795 2312 (tementibus,
1809 2266 1847 2306 δι
1863 2267 2111 2309 Monasteriis
2126 2278 2225 2322 prat·-¹

1267 2323 1440 2366 scribere
1452 2350 1467 2373 ,
1481 2335 1565 2377 quat
1579 2322 1699 2376 magis
1714 2323 1904 2377 expedire
1921 2324 2146 2368 videbitur-

1303 2395 1307 2399 ·
1382 2383 1437 2424 Ut
1450 2391 1585 2423 autem
1602 2381 1762 2422 Novitii
1787 2380 1866 2437 jam
1894 2383 2221 2427 inProsefforum

1265 2453 1476 2482 numerum
1501 2440 1520 2495 (
1538 2440 1634 2480 ficut
1649 2442 1946 2498 praemittitur)
1969 2444 2119 2496 recepti
2137 2454 2220 2483 me-

1267 2499 1340 2540 lius
1356 2499 1394 2539 in
1408 2498 1518 2540 bono
1531 2497 1691 2550 spiritu,
1714 2498 1988 2555 regularisque
2003 2498 2219 2554 disciplinae

1266 2556 1522 2601 observantia
1538 2555 1811 2606 stabiliantur,
1836 2558 1876 2600 δι
1892 2556 2184 2600 confirmentur
2209 2583 2222 2604 ,

1268 2615 1496 2664 mandatur,
1511 2626 1552 2656 ut
1570 2614 1698 2656 statim
1713 2614 1797 2668 post
1814 2615 2092 2672 profeffionem
2107 2615 2223 2658 emis-

1266 2673 1378 2724 sam,
1406 2673 1430 2716 fi
1467 2673 1506 2716 in
1530 2673 1808 2716 Conventibus
1833 2701 1849 2726 ,
1879 2686 1946 2719 aut
1975 2675 2221 2719 Mon-asterus

1266 2748 1341 2791 pro
1357 2732 1638 2777 Novitiatibus
1659 2732 1858 2786 aflignatis
1880 2733 1998 2776 locus
2018 2735 2149 2778 aderit
2171 2731 2225 2775 se-

1267 2791 1388 2835 eundi
1417 2789 1651 2833 Novitiattis
1669 2818 1682 2841 ,
1710 2792 1786 2833 five
1807 2791 2122 2842 Profefforii,ab
2147 2804 2222 2843 ea,

1267 2861 1353 2904 quae
1377 2848 1635 2891 Novitiorum
1657 2846 1714 2890 est
1738 2873 1752 2896 ‚
1779 2858 1902 2904 atque
1922 2851 2219 2908 antiquorum

1268 2901 1539 2952 Profefforum
1568 2905 1818 2949 habitatione
1840 2905 2042 2952 distinelus
2057 2937 2071 2958 ‚
2095 2909 2135 2950 δι
2161 2907 2217 2950 se·

1269 2973 1481 3022 gregatus,
1503 2964 1559 3005 ibi
1579 2962 1861 3010 collocentur,
1887 2962 1912 3005 fi
1926 2964 2224 3016 Monallerium,

1270 3034 1337 3067 aut
1352 3026 1590 3064 Conventus
1607 3034 1678 3064 eos
1691 3019 1801 3063 alere
1817 3031 1941 3077 queat
1955 3051 1972 3075 ,
1999 3023 2052 3065 lin
2065 3023 2194 3065 mimis
2206 3047 2222 3070 ‚

1270 3084 1310 3126 in
1329 3080 1451 3122 alium
1474 3078 1795 3123 commodiorem
1825 3083 2089 3125 Conventum
2109 3107 2124 3131 ‚
2151 3090 2220 3121 aut

1270 3136 1555 3184 Monallerium
1570 3135 1865 3181 transferantur
1876 3164 1890 3188 2
1906 3140 1944 3182 in
1967 3154 2048 3196 quo
2062 3140 2092 3182 is
2106 3137 2219 3182 locus

1269 3212 1363 3242 cum
1378 3195 1576 3254 requisitis
1595 3197 1644 3239 ad
1661 3196 1916 3240 Novitiatum
1935 3197 2219 3254 supranarratis

1268 3257 1493 3314 reperiatur
1506 3283 1522 3307 ,
1536 3255 1602 3299 vel
1615 3257 1946 3301 accommodetur
1959 3285 1972 3311 ,
1986 3266 2054 3300 aut
2069 3256 2122 3300 de
2146 3268 2221 3298 no-

1268 3330 1324 3360 vo
1341 3314 1622 3358 construatur·

1384 3373 1452 3417 Ab
1479 3374 1555 3416 hoe
1586 3381 1719 3416 tamen
1743 3372 1822 3415 illae
1849 3373 2086 3428 Religiones
2111 3373 2218 3416 exci-

1270 3433 1466 3490 piuntur,
1490 3445 1576 3487 quae
1601 3431 1755 3474 suarum
1779 3432 2135 3479 constitutionum,
2153 3434 2217 3474 seu

1271 3492 1552 3536 Institutorum
1569 3490 1706 3543 vigore
1725 3487 1892 3541 maioris
1906 3491 2102 3547 temporis
2118 3505 2214 3532 cur-

1272 3548 1312 3593 su
1339 3561 1469 3591 novos
1496 3544 1684 3603 professos
1703 3547 1808 3590 intra
1829 3544 2100 3594 Novitiatunss
2113 3549 2214 3593 deti-

1271 3621 1368 3651 nere
1380 3603 1637 3650 consuescunt
1650 3632 1664 3655 ‚
1689 3604 1831 3661 quibus
1848 3607 1887 3648 in
1904 3609 1976 3653 bac
1993 3619 2106 3664 parte
2137 3617 2214 3647 non

1269 3666 1482 3720 derogatur
1495 3693 1510 3715 ,
1522 3664 1602 3707 illis
1616 3674 1749 3708 tamen
1762 3666 2011 3719 permittitur
2023 3695 2039 3718 ,
2055 3676 2100 3708 ut
2116 3677 2212 3719 pra:-

1269 3724 1381 3769 dietis
1395 3736 1530 3781 carum
1546 3722 1899 3770 constitutionibus
1919 3739 2001 3771 non
2023 3719 2209 3820 olssstanti·

2089 3788 2132 3818 us
2145 3800 2161 3826 2
