2444 4192
852 167 1014 249 Sub
1073 171 1150 252 S.

194 305 473 364 non'facientes
490 308 648 366 plenam
660 336 675 361 ,
699 310 742 351 δέ
753 312 971 365 expressam
986 338 1003 360 ‚
1030 327 1075 355 ac
1089 312 1142 354 de

192 376 312 420 verbo
324 370 375 413 ad
392 371 557 413 verbum
569 366 790 413 deindulto
802 367 1023 422 hujusmodi
1032 384 1146 412 men-

191 434 363 475 tionem.
396 428 547 471 Datum
563 431 702 471 Romae
714 425 820 480 apud
841 429 1026 468 Sanctum
1037 432 1148 470 Mar-

189 499 280 532 cum
306 487 376 530 sub
392 486 560 530 Annulo
573 483 784 530 Piscatoris
810 482 878 526 die
901 497 1022 526 xxix.
1050 483 1146 540 Julii

183 544 319 603 „1566.
335 543 598 593 Pontificatiis
610 542 732 590 nostri
749 544 865 585 Anno
877 541 1038 583 Primo.

257 631 417 707 Bullar.
445 668 560 710 Rom.
588 673 679 707 tom.
691 673 733 714 4.
754 667 868 715 part.
882 671 922 701 2.
936 654 1020 713 fhl.
1039 655 1135 710 306.

186 725 293 768 Ball.
331 725 427 767 ord.
458 723 581 766 Praed.
604 731 696 767 tm.
710 731 751 768 5.
762 715 844 777 fol.
859 728 953 761 210.
974 714 1136 775 confert.

184 785 227 826 in
247 779 424 841 coll-sol.
437 793 539 826 ποι.

188 1015 511 1088 Qadraginta
526 1015 783 1086 praejudicia
801 1051 818 1075 ,
837 1014 1141 1086 Regularium

253 1089 623 1139 Mendieantium
636 1088 887 1158 privilegiis
897 1089 1026 1136 illata
1039 1102 1143 1134 enu-

253 1172 432 1221 merat3
455 1159 531 1207 illa
563 1156 694 1226 plura
719 1159 918 1209 Concilii
947 1153 1142 1207 Triden-

248 1228 336 1277 tini
353 1229 451 1277 loca
467 1225 741 1277 declarando
759 1225 975 1286 infirmat,
986 1225 1034 1279 ἀ
1047 1225 1139 1275 haee

250 1295 517 1348 renovando
542 1294 812 1346 confirmat.

189 1497 196 1503 ²
286 1427 478 1483 mus
526 1424 1037 1480 muscosus,

371 1548 545 1590 Sessvus
577 1546 831 1591 Sznvouuu
862 1546 976 1588 Dur.>

302 1662 372 1706 Ad
384 1668 621 1718 perpetuam
666 1664 727 1707 m·
758 1666 1008 1704 Μωσήους

296 1779 362 1823 Tst
388 1779 708 1826 Mendicantium
722 1779 900 1825 Ordines
913 1810 928 1832 ‚
944 1780 1012 1836 qui
1031 1776 1144 1821 sedu-

315 1837 449 1881 lumin
469 1839 586 1883 vinea
598 1840 758 1884 Domini
773 1840 959 1896 quotidie
973 1837 1139 1882 exhibe-

188 1908 237 1938 re
263 1908 343 1938 non
355 1894 499 1938 ceffant
514 1897 750 1942 famulatum
762 1926 777 1950 ‚
804 1899 957 1941 summo
982 1897 1136 1951 semper

184 1952 320 1996 studio
343 1951 500 2010 (etiam
514 1955 611 1997 dum
638 1957 679 1998 in
695 1955 916 1998 minoribus
932 1954 1135 2010 effemus)

191 2010 365 2068 amplexi
381 2012 511 2054 sumus
523 2039 538 2062 ‚
551 2012 602 2055 ad
617 2011 755 2056 summi
772 2021 908 2055 tamen
925 2013 1141 2068 Apostola—

190 2068 258 2115 tt'is
274 2070 465 2127 apicem(
480 2072 632 2115 meritis
647 2070 977 2126 licetimparibus'
997 2071 1016 2128 )
1043 2069 1149 2112 divi-

191 2144 243 2173 na
252 2131 414 2172 favente
426 2128 643 2173 clementia
656 2127 853 2184 assumpti,
867 2129 963 2172 dum
978 2128 1018 2171 id
1036 2142 1148 2172 men-

191 2196 234 2232 te
259 2185 470 2230 recolimus
487 2214 501 2237 ,
529 2186 665 2230 facere
687 2199 768 2229 non
798 2184 995 2240 possumus
1007 2215 1023 2236 ,
1047 2186 1146 2241 quin

186 2257 258 2289 eos
273 2244 522 2299 propensiori
535 2245 735 2287 charitate
760 2243 802 2284 δι
816 2251 985 2298 paterno
1002 2242 1144 2286 affeetu

187 2299 496 2359 amplenamu13
507 2315 555 2346 ac
569 2301 716 2346 exinde
727 2314 805 2358 pro
816 2299 892 2345 suis
909 2300 1047 2344 sant‘tis
1063 2302 1142 2344 stu-

185 2361 262 2406 diis
274 2388 290 2413 ‚
314 2359 562 2418 honestisque
576 2360 813 2412 laboribus,
861 2374 985 2417 roque
1010 2358 1137 2404 salute

188 2419 412 2467 animarum
424 2447 439 2472 ,
451 2421 501 2462 ab
519 2419 749 2475 Apostolica
763 2422 789 2464 S
844 2418 899 2477 e(
914 2418 1031 2475 cujus
1046 2434 1145 2462 con·

188 2477 307 2524 tinne
317 2492 457 2535 pacem
480 2480 521 2522 δι
539 2479 775 2535 dignitatem
792 2478 969 2521 Ordines
983 2479 1049 2535 ipfi
1064 2475 1146 2521 for·

192 2538 442 2583 titertutati
467 2538 590 2596 sunt)
614 2548 696 2581 tam
720 2535 938 2593 spiritualia
953 2567 970 2590 ,
993 2543 1146 2594 quam..

189 2596 428 2653 tcmporalia
443 2595 609 2640 subfidia
623 2625 639 2649 ‚
648 2607 966 2653 ornamentaque
982 2611 1148 2652 accepe-

191 2657 301 2704 rint,
324 2654 575 2712 &accipiant
588 2685 603 2707 ‚
630 2655 775 2714 quibus
803 2657 844 2698 δι
857 2654 986 2700 Γειιᾶει
1006 2660 1070 2699 sua
1085 2652 1150 2697 os-

189 2713 280 2762 ficia
291 2741 308 2765 ‚
321 2728 376 2756 -ac
403 2715 528 2758 vitam
542 2712 652 2757 suam
666 2714 895 2770 regularem
908 2714 1066 2759 facilius
1082 2724 1152 2756 at-

120 2788 137 2804 ··
151 2812 156 2817 .
185 2787 266 2831 que
280 2771 506 2828 expeditius
517 2786 565 2816 ex
617 2773 656 2815 ui
673 2801 688 2823 ,
702 2774 738 2814 δι
752 2775 971 2831 transigere
983 2773 1146 2830 poffint,

116 2822 134 2854 ·.
189 2833 233 2875 &
255 2838 405 2875 ecterae
418 2829 586 2885 Religio
601 2829 833 2872 aePersonae
858 2860 873 2884 ,
896 2831 1151 2888 Ordineffiue

195 2889 266 2934 alii
286 2915 302 2940 ‚
324 2886 516 2942 exemplo
535 2885 711 2942 ipsorum
738 2890 1013 2946 promptiores
1028 2919 1043 2942 ,
1071 2891 1152 2932 ala-

196 2945 426 3005 crioresque
451 2945 503 2987 ad
525 2944 590 2986 sua
611 2944 743 2988 officia
757 2946 1024 3002 persolvenda
1055 2949 1149 2991 red-

179 3007 348 3051 dantur
359 3035 371 3048 .
385 3006 494 3048 Hinc
505 3003 690 3060 est,quod
707 3006 795 3047 Nos
806 3008 1062 3052 attendentes
1071 3007 1157 3064 ple·

197 3064 345 3121 rosque
383 3077 435 3106 ex
461 3062 752 3108 venerabilibus
778 3065 982 3108 Fratribus
1014 3066 1155 3110 nostris

195 3121 530 3179 ‚ArchiepiscopIs
543 3150 560 3174 ,
580 3124 620 3165 δι
634 3120 843 3178 Episcopis
858 3151 873 3175 ‚
899 3124 968 3180 qni
992 3123 1156 3167 eosdem

201 3182 376 3228 Ordines
400 3180 599 3238 praecipue
634 3190 836 3237 tamquam
863 3179 1088 3226 fructiferos
1115 3182 1154 3226 in

204 3253 302 3297 agro
316 3239 483 3283 Domini
497 3239 685 3296 palmites
695 3265 710 3288 ‚
729 3242 768 3282 δι
782 3238 922 3285 colere
935 3242 974 3282 δι
987 3239 1155 3295 adjuva-

205 3298 462 3356 -sgdeberent
477 3326 491 3352 ,
515 3312 596 3342 non
613 3297 742 3343 solum
768 3298 808 3340 id
821 3299 963 3356 exequi
975 3298 1155 3354 neglige-

211 3357 573 3408 marnam'etiam
582 3358 762 3402 Concilii
776 3357 1004 3403 Tridentini
1018 3356 1157 3400 decre.

213 3411 486 3470 tisiupravum
499 3414 651 3459 sensum
666 3417 833 3460 retortis
847 3445 861 3468 ,
875 3430 945 3460 eos
959 3416 1000 3457 δι
1013 3429 1154 3461 eorum

213 3471 422 3524 quemlibet
433 3475 553 3518 variis
564 3473 725 3518 afficere
737 3474 1000 3519 incommodis
1013 3475 1054 3516 &
1066 3489 1153 3530 per-

214 3526 500 3576 turbationibus
515 3560 531 3584 ,
541 3547 768 3589 eorumque
794 3533 1013 3590 privilegiis
1038 3546 1151 3579 non.»

211 3582 413 3629 modicum
423 3589 563 3635 afferre
576 3606 790 3648 gravamen
804 3603 1005 3637 conantur
1015 3621 1027 3632 .

242 3643 280 3692 §-
289 3644 510 3700 10-'Qidam
522 3651 626 3692 enim
639 3652 841 3708 Episcopi,
856 3663 899 3695 ut
910 3651 1156 3707 accepimus,

208 3699 356 3744 nolunt
363 3701 572 3750 admittere
579 3709 994 3768 quosdamRegulares
1006 3711 1054 3752 ad
1067 3725 1157 3767 prg-

206 3757 476 3810 dicationem-2
499 3764 620 3808 etiam
642 3767 687 3810 in
700 3768 774 3811 suis
796 3769 984 3814 Ecclefiis
1016 3769 1168 3814 facien-5

325 3818 428 3859 Tam.
450 3819 507 3864 Vl.

1209 175 1354 254 Pio
1419 169 1521 255 V.
1933 187 1982 249 '2
2001 200 2102 284 37

1205 316 1299 356 dam
1314 345 1330 365 ,
1345 312 1524 370 quamvis
1548 309 1756 352 decorum
1781 312 1991 360 habilitate
2022 324 2072 364 ad
2094 326 2165 366 hu·

1204 370 1375 427 jusmodi
1409 381 1514 422 opus
1530 367 1803 410 exercendum
1831 371 2006 416 habeant
2019 377 2164 423 bonum

1206 427 1472 469 testimonium
1495 423 1517 464 i
1544 423 1621 464 suis
1637 425 1934 478 superioribus.
1965 432 2049 474 Alii
2065 437 2162 476 vero

1206 484 1354 527 volunt
1367 513 1381 535 ,
1394 492 1439 525 ut
1454 481 1603 524 nedum
1620 480 1768 532 semel,
1791 483 1859 526 sed
1875 487 1997 529 etiam
2011 489 2161 544 pluries

1201 542 1242 585 in
1257 557 1361 586 anno
1374 554 1512 584 coram
1524 541 1535 581 i
1541 538 1629 596 ptis,
1646 540 1708 582 vel
1722 554 1862 585 eorum
1877 546 2049 588 Vicat-iis
2066 549 2164 590 Prae-

1198 600 1403 644 dicatores
1426 598 1718 657 praesententur
1734 629 1749 653 ,
1782 616 1829 644 ac
1858 617 1938 660 pro
1966 604 2163 649 licentia...

1199 660 1444 717 praedicandi
1458 684 1473 707 ‚
1498 661 1616 716 quim
1635 661 1787 703 nonnifi
1815 661 1856 706 in
1883 663 2040 719 scriptis
2065 664 2166 706 dare

1201 721 1343 763 volunt
1356 746 1371 769 ,
1407 717 1561 772 aliquid
1589 720 1833 776 quandoque
1849 722 2018 778 exigunt
2035 752 2047 764 .
2079 722 2163 764 Alii

1197 779 1318 821 etiam
1334 778 1522 835 Episcopi
1539 778 1749 820 maximam
1764 780 2039 837 Regularibus
2062 780 2169 837 inju-

1199 838 1300 880 riam
1314 841 1496 893 irrogare
1511 836 1703 880 videntur
1720 866 1734 890 ,
1761 837 1859 882 dum
1884 850 2029 896 praeter
2055 839 2171 882 ordi·

1201 910 1293 940 nem
1307 899 1346 940 8(
1362 906 1540 939 veterem
1552 896 1902 951 consuetudinem,
1917 898 2063 957 absque
2083 898 2165 941 ulla

1200 957 1360 1000 ratione
1374 954 1570 1012 quosdam
1586 954 1777 1012 rejiciunt
1790 985 1805 1008 ,
1831 959 1870 1000 &
1884 958 2073 1014 quosdam
2089 970 2168 1014 pro

1202 1030 1342 1059 eorum
1369 1015 1488 1059 libito
1514 1013 1734 1058 admittunt
1761 1016 1811 1058 ad
1842 1017 2171 1073 praedicationem

1204 1074 1430 1129 huiusmodi
1444 1073 1670 1116 habendam
1687 1075 1727 1116 in
1746 1074 1850 1117 locis
1866 1075 1939 1119 suae
1956 1074 2168 1120 Dioecefis.

1230 1134 1315 1184 §.m
1332 1132 1599 1195 Qorundam
1615 1134 1736 1176 etiam
1752 1133 2166 1183 locorumordinarii,

1200 1192 1392 1248 quosdam
1412 1190 1641 1244 Religiosos
1664 1192 1815 1249 probos
1843 1194 1977 1246 viros,
2009 1194 2051 1236 δι
2076 1192 2170 1236 ido·

1199 1266 1296 1296 neos
1307 1281 1323 1303 ,
1338 1252 1456 1295 etiam
1466 1251 1489 1293 ἢ
1503 1250 1578 1293 suis
1591 1251 1867 1308 Superioribus
1889 1254 2139 1309 approbatos
2152 1278 2169 1302 ,

1203 1312 1253 1353 ad
1280 1309 1543 1352 confeffiones
1566 1311 1788 1353 audiendas
1813 1311 2030 1354 admittere
2056 1309 2173 1353 nullo

1202 1368 1327 1413 modo
1343 1368 1487 1410 volunt
1501 1396 1513 1408 .
1546 1367 1725 1426 Qidam
1746 1382 1797 1410 ex
1811 1370 1867 1410 eis
1885 1368 2031 1411 volunt
2046 1397 2061 1420 ,
2090 1380 2173 1411 non

1202 1426 1331 1472 solum
1359 1426 1520 1483 singulis
1549 1427 1685 1476 annis,
1715 1424 1782 1469 sed
1806 1427 1932 1470 etiam
1962 1427 2111 1483 pluries
2133 1425 2172 1467 in

1201 1500 1332 1537 anno,
1348 1487 1386 1528 in
1399 1484 1599 1542 aliquibus
1614 1486 1798 1542 partibus
1812 1486 1982 1530 eosdem
1998 1484 2174 1528 Confes-

1203 1546 1312 1590 snres
1328 1545 1396 1587 fibi
1412 1543 1665 1600 praesentari3
1694 1547 1743 1588 In
1755 1544 1955 1603 aliquibus
1977 1546 2076 1588 vero
2091 1546 2174 1599 Op-

1205 1605 1338 1663 pidis,
1363 1614 1444 1645 tam
1475 1603 1660 1659 Episcopi
1688 1632 1705 1654 ,
1729 1602 1793 1646 seu
1814 1619 1953 1648 eorum
1982 1602 2140 1647 Vicarii
2158 1631 2175 1653 ‚

1206 1666 1324 1721 quam
1343 1662 1583 1718 Presbyteri
1597 1662 1743 1706 Curati
1756 1663 1906 1706 nolunt
1921 1692 1936 1716 ,
1951 1671 1994 1706 ut
2010 1664 2173 1706 fratres

1205 1721 1490 1768 Mendicantes
1503 1722 1632 1764 vocati
1660 1720 1709 1763 ad
1724 1721 1948 1766 audiendas
1964 1720 2174 1764 consessio·

1205 1797 1275 1826 nes
1303 1780 1552 1823 infirmorum
1577 1806 1592 1828 ,
1619 1780 1791 1823 maxime
1819 1783 1846 1823 fi
1877 1779 2090 1823 infirmitas
2117 1777 2174 1822 est

1202 1841 1337 1898 gravis
1355 1866 1369 1888 ‚
1385 1848 1453 1881 aut
1468 1839 1590 1882 etiam
1608 1836 1793 1881 sanorum
1806 1867 1822 1890 ‚
1837 1840 1878 1882 in
1894 1839 2065 1894 privatis
2081 1837 2176 1879 illo-

1202 1915 1293 1944 rum
1311 1898 1509 1942 Domibus
1523 1924 1538 1945 ,
1550 1895 1614 1938 vel
1628 1895 1742 1948 alibi,
1754 1909 2022 1954 praterquam
2042 1895 2081 1939 in
2098 1894 2174 1938 suis

1203 1957 1391 2002 Ecelefiis
1405 1982 1420 2005 ,
1436 1967 1505 1998 aut
1522 1954 1775 1998 Monafleriis
1790 1956 1938 2012 poffint
1954 1955 2150 1998 accedere
2162 1981 2174 1994 .

1232 2017 1319 2068 §.3.
1340 2013 1540 2056 Nonnulli
1552 2013 1673 2054 ctiam
1688 2009 2174 2058 audentcb'sefforesMo·

1206 2073 1473 2126 nialium‚qu9
1485 2069 1608 2126 pleno
1620 2067 1709 2124 jure
1722 2069 2174 2126 subsuntRegularibus,

1207 2130 1442 2174 examinare
1455 2157 1470 2179 ,
1482 2141 1573 2169 cum
1589 2135 1722 2169 tamen
1734 2128 1776 2171 id
1793 2129 1955 2172 minime
1970 2142 2042 2184 per
2058 2132 2175 2172 eon-

1207 2189 1347 2232 cilium
1377 2187 1648 2236 decernatur,
1673 2187 1774 2230 ficut
1797 2189 1837 2230 δι
1860 2188 1913 2230 de
1939 2188 2174 2240 Fratribus,

1205 2247 1274 2304 qui
1288 2246 1381 2287 sunt
1394 2243 1571 2287 audituri
1597 2243 1859 2289 conseffiones
1887 2246 2061 2289 aliorum
2077 2249 2176 2290 Fra·

1204 2315 1320 2349 trum
1336 2333 1348 2345 .

1234 2360 1497 2423 §.4Qidam
1511 2363 1635 2406 etiam
1650 2362 1689 2405 in
1703 2364 1901 2420 aliquibus
1916 2364 2096 2422 partibus
2110 2364 2175 2408 ni-

1204 2434 1344 2468 tuntur
1360 2419 1616 2474 afferere‚seu
1629 2420 1778 2476 facere,
1788 2439 1842 2467 ne
1857 2426 2060 2481 qnisquam
2075 2424 2178 2467 infra

1208 2496 1355 2527 annum
1381 2481 1496 2537 poffit
1524 2486 1690 2526 Sacram
1716 2484 2009 2527 Eucharistiam
2040 2484 2081 2524 in
2097 2485 2179 2524 Ec-

1210 2541 1338 2586 clefiis
1350 2540 1670 2583 Mendicantium
1685 2541 1865 2598 recipere
1878 2570 1893 2592 ‚
1906 2554 2041 2597 oeque
2056 2543 2177 2583 etiam

1210 2599 1408 2647 Moniales
1422 2600 1646 2643 Tertiarias
1659 2613 1908 2658 nuncupatas
1923 2600 2086 2644 suorum
2098 2602 2177 2642 Or—

1210 2661 1428 2708 dinum‚ut
1444 2659 1568 2717 aliqui
1584 2659 1758 2702 afferunt
1775 2686 1789 2708 ‚
1816 2662 1855 2703 in
1871 2659 2070 2717 aliquibus
2086 2672 2178 2716 par*-

1209 2720 1319 2764 tibus
1333 2718 1419 2762 fieri
1433 2748 1449 2771 ,
1474 2733 1567 2763 cum
1594 2728 1728 2762 tamen
1752 2717 1878 2761 sotum
1901 2719 1942 2761 in
1956 2717 2175 2770 Pascbate,

1209 2778 1344 2838 quoad
1363 2776 1562 2822 seculares
1578 2777 1775 2821 duntaxat
1788 2805 1802 2828 ‚
1827 2778 1941 2835 juxta
1967 2777 2175 2833 privilegia

1213 2844 1472 2883 Summorum
1494 2835 1735 2880 Pontificum
1754 2835 2090 2880 Praedecefforum
2106 2849 2181 2877 no-

1212 2898 1385 2940 strorum
1399 2895 1546 2939 eisdem
1558 2893 1781 2938 Ordinibus
1794 2890 1975 2938 concessa
1990 2924 2009 2946 ,
2034 2895 2075 2936 id
2102 2895 2177 2935 ob-

1216 2953 1368 2999 servari
1383 2955 1534 2998 debeat
1549 2984 1562 2995 .

1211 3012 1217 3018 “
1245 3015 1327 3064 ᾅς.
1344 3013 1426 3056 Alii
1444 3015 1542 3056 vero
1557 3010 1769 3067 Episcopi,
1783 3009 1853 3054 seu
1863 3023 2004 3053 eorum
2021 3009 2177 3052 Vicarii

1216 3071 1365 3114 audent
1392 3072 1442 3114 ad
1465 3084 1607 3113 eorum
1634 3069 1796 3113 libitum
1821 3069 1919 3112 dare
1936 3069 2178 3111 licentiam.)

1216 3128 1516 3188 quibuscunque
1530 3157 1546 3180 ‚
1568 3141 1812 3184 quaecunque
1829 3126 2069 3171 Monasteria
2085 3130 2179 3169 Mo-

1217 3189 1365 3231 nalium
1383 3217 1399 3238 ,
1425 3190 1548 3229 etiam
1563 3187 1711 3230 Sanctae
1725 3187 1858 3231 Clarae
1889 3184 2141 3242 ingrediendi
2161 3213 2178 3235 ,

1215 3248 1367 3291 etiamsi
1384 3246 1646 3303 Reguiarium
1661 3260 1762 3289 curae
1774 3245 1931 3288 subdita
1945 3243 2022 3286 fint
2035 3273 2048 3286 .

1243 3306 1325 3356 §.6-
1334 3306 1513 3362 Qidam
1527 3305 1632 3348 vet-‹⁸›
1644 3304 1715 3347 sub
1727 3312 1922 3361 praetextu
1935 3301 2177 3359 exquirendi

1218 3363 1449 3408 voluntates
1466 3364 1805 3420 puellarum,ante
1818 3360 2097 3419 profeffionem
2113 3374 2177 3404 ea-

1216 3437 1306 3466 rum
1319 3424 1461 3466 volunt
1473 3437 1538 3466 eas
1555 3423 1770 3467 extrahere
1796 3420 1821 3463 ἃ
1837 3419 2085 3464 Monasteriis
2098 3447 2114 3471 ‚
2136 3421 2179 3462 δι

1213 3496 1286 3538 per
1299 3481 1467 3537 longum
1477 3491 1634 3537 tempus
1647 3481 1744 3523 alibi
1760 3479 1944 3524 detinere
1957 3507 1973 3532 ,
1999 3478 2177 3535 ipsasque

1211 3539 1366 3596 puellas
1380 3570 1396 3591 ,
1424 3540 1488 3581 seu
1502 3539 1670 3588 novitias
1684 3538 1736 3580 de
1750 3537 1948 3594 plerisque
1974 3539 2092 3581 rebus
2119 3539 2178 3578 in-

1214 3607 1425 3653 terrogant
1442 3625 1455 3647 ,
1469 3611 1598 3653 neque
1613 3593 1835 3640 necessariis
1849 3624 1863 3649 ,
1889 3611 2016 3654 neque
2042 3597 2081 3638 in
2100 3598 2175 3637 De-

1215 3665 1332 3698 creto
1353 3655 1531 3697 Concilii
1556 3654 1787 3699 Tridentini
1813 3654 1984 3710 desuper
2009 3663 2178 3696 conten-

1216 3714 1269 3757 tis
1280 3741 1295 3764 ‚
1309 3728 1358 3757 ex
1373 3713 1515 3767 quibus
1531 3728 1610 3758 non
1624 3712 1782 3757 modica
1796 3716 1927 3771 potest
1939 3714 2038 3757 oriri
2053 3721 2173 3752 occa-

1227 3771 1283 3815 fio
1296 3770 1496 3818 scandali.
2095 3819 2103 3827 -

1690 3834 1724 3876 K
1744 3831 1769 3873 k
2037 3821 2119 3867 Alii
