2444 4192
761 129 923 214 Sub
983 132 1362 217 Clemente
1427 131 1523 220 V
1530 128 1574 213 J
1590 127 1628 210 I
1650 126 1703 210 I.

242 276 597 337 constitutiones
666 276 782 328 sixti
843 282 972 347 Papae
1027 284 1192 349 Qinti

307 350 364 400 de
394 346 684 415 qualitatibus
709 378 726 404 ,
757 347 899 397 modo
924 368 977 398 ac
1004 349 1191 400 forma...

308 417 674 486 recipiendorum
717 416 1059 486 Religiosorum
1091 455 1108 477 ,
1140 420 1190 472 8:

309 490 444 539 aliam
485 490 604 539 illius
642 488 987 538 declaratoriam
1023 523 1041 546 ,
1079 506 1190 553 quo·

309 559 367 609 ad
387 559 618 609 nullitatcs
642 555 965 628 profeffionum
981 592 999 615 ,
1033 555 1094 607 ob
1120 558 1190 605 ni-

305 631 446 679 miam
465 625 726 680 facilitatem
749 627 800 680 &
829 626 1016 678 casuum
1035 627 1188 677 multi-

304 702 411 770 plici
418 696 589 759 tatem}
611 701 657 750 in
674 698 835 768 quibus
851 696 1066 767 profeffio
1093 698 1188 748 nul·

304 773 349 820 la
370 769 696 830 declaratum&
721 767 1038 838 consequentes
1065 771 1188 819 exin·

303 840 362 890 de
380 838 559 890 fraudes
581 840 673 893 ἃς.
692 840 750 892 ad
767 843 983 891 terminos
990 842 1105 906 juris
1138 838 1187 891 ὅ(

303 914 549 961 Sacrorum
566 915 810 963 Canonum
827 911 1004 963 reducit
1020 947 1036 971 ,
1055 909 1186 961 salvis

300 983 447 1049 poenis
465 997 626 1032 contra
652 983 915 1052 Superiores
949 982 1186 1034 Ordinum

226 1061 229 1064 ⁴
301 1054 349 1101 in
385 1055 642 1120 receptione
674 1051 1018 1124 Religiosorum
1045 1053 1187 1104 delin-

300 1136 486 1190 quentes
506 1122 690 1173 inflictis
706 1159 720 1172 .

243 1262 650 1319 CLEMENS
702 1264 926 1314 PAPA
978 1266 1174 1314 VIII.

390 1388 696 1445 Adpcrpetuam
708 1387 771 1433 rei
783 1388 1011 1433 memoriane
1021 1416 1034 1430 .

307 1506 345 1547 N
362 1502 544 1562 suprema
567 1505 749 1550 Ecclefiae
762 1505 986 1550 Catholicae
1006 1504 1162 1563 specula
1176 1539 1192 1561 ,

320 1564 471 1606 meritis
501 1561 599 1608 licet
632 1564 862 1622 imparibus,
880 1566 1028 1608 Divina
1057 1570 1190 1621 provi·

234 1619 373 1663 dentia
389 1622 622 1678 disponente
649 1624 853 1667 constituti
869 1650 884 1672 ‚
913 1624 1098 1668 omnibus
1129 1626 1191 1668 in-

233 1679 455 1722 commodis
471 1707 486 1732 ,
498 1694 586 1736 quoe
602 1681 639 1721 in
655 1683 796 1725 eadem
812 1681 1002 1731 Ecclefia,
1017 1697 1099 1726 non
1115 1684 1194 1726 fine

232 1736 433 1782 fidelium
453 1740 676 1782 animarum
692 1739 875 1795 periculo
890 1770 904 1794 ,
916 1742 957 1782 δι
970 1741 1194 1785 detrimen·

234 1802 281 1836 to
307 1798 411 1840 oriri
435 1797 591 1852 poll’unt
609 1799 690 1851 ‚ob
707 1799 856 1842 variam
871 1828 885 1851 ‚
911 1802 949 1842 δι
967 1800 1193 1844 finistranu

238 1854 583 1900 Constitutionum
607 1859 887 1901 Romanorum
913 1858 1190 1905 Pontificum,

176 1970 178 1972 V
239 1910 571 1957 Praedeceilorum
598 1916 826 1959 nostrorum
851 1942 866 1965 ,
892 1931 985 1972 quas
1007 1917 1114 1972 justis
1144 1918 1198 1970 dc

239 1970 361 2014 caufis
376 1971 589 2015 ediderunt
605 1998 619 2021 2
632 1973 1029 2030 interpretationem,
1044 1990 1118 2030 pro
1127 1990 1200 2018 no-

238 2029 308 2072 stri
329 2031 538 2073 Pastoralis
552 2030 684 2074 Officii
713 2045 878 2074 munere
897 2046 1089 2075 conamur
1106 2047 1202 2091 pro·

240 2087 383 2132 videre
397 2117 412 2141 ,
429 2100 547 2144 prout
562 2089 601 2131 in
617 2091 794 2133 Domino
816 2090 1029 2135 salubriter
1041 2107 1115 2135 con
1123 2092 1197 2149 spi-

239 2148 368 2188 cimus
396 2148 609 2202 expedire.
636 2151 742 2190 Cum
760 2148 884 2203 igitur
913 2148 988 2190 fel.
1004 2163 1088 2192 ree.
1105 2155 1197 2193 Six-

240 2213 303 2247 tus
324 2205 428 2258 Papa
444 2205 495 2245 V.
523 2202 787 2246 Praedecess'or
813 2205 944 2247 noster
957 2205 1007 2247 ad
1026 2208 1195 2264 integri-

237 2271 364 2305 tatem
377 2262 418 2303 δι
429 2260 650 2304 candorem
665 2262 706 2304 in
724 2262 996 2319 Regularibus
1011 2291 1026 2313 ·,
1059 2266 1098 2308 δι
1117 2268 1199 2309 Re·

236 2319 385 2377 ligiofis
406 2320 630 2364 Ordinibus
659 2322 700 2363 in
729 2321 908 2366 Ecclesia
941 2322 1068 2366 saneta
1094 2324 1198 2368 inssi-

236 2379 335 2423 tutis
363 2378 616 2423 retinendum
632 2407 648 2431 ‚
677 2380 716 2422 δι
745 2379 1088 2434 conservandum,
1102 2397 1200 2440 qua-

236 2440 331 2481 dam
345 2435 413 2480 sua
429 2465 444 2487 2
461 2452 549 2495 quae
561 2438 702 2494 incipit
719 2452 734 2482 ε
765 2443 862 2483 Cum
874 2440 920 2482 de
937 2440 1109 2484 omnibus
1126 2446 1200 2485 Ec-

238 2495 456 2557 clefiastt‘cis
470 2496 708 2545 Ordimbur,
725 2497 792 2541 sub
812 2501 905 2541 Dat.
921 2502 1037 2543 sexto
1053 2501 1201 2545 Kalen·

238 2556 309 2599 das
332 2556 568 2599 Decembris
581 2581 597 2606 ‚
610 2556 871 2600 Pontificau‘is
886 2556 944 2601 sui
962 2563 1081 2601 Anno
1101 2563 1201 2604 Ter·

236 2613 328 2668 tio,
350 2614 547 2658 nonnulla
574 2615 681 2658 circa
702 2616 897 2670 modum,
925 2616 1126 2672 formam,
1155 2622 1197 2662 δι

236 2673 456 2730 qualitates
478 2672 718 2718 admittendi
748 2677 979 2734 Religiosos
1006 2678 1057 2720 ad
1082 2681 1193 2734 quos-

237 2733 299 2775 vis
321 2729 538 2786 Regulares
553 2733 726 2776 Ordines
752 2733 983 2780 decreverit
998 2761 1013 2783 ,
1031 2738 1070 2781 δι
1083 2737 1198 2782 dein-

240 2789 293 2832 de
306 2788 386 2831 alia
402 2779 540 2836 simili,
554 2802 640 2843 quae
663 2790 804 2844 incipit
819 2805 832 2836 ε
859 2794 926 2837 Ad
938 2797 1198 2841 Romanum„

228 2846 392 2908 spcflat
411 2844 654 2904 Pontificem,
685 2846 753 2888 sub
777 2849 871 2891 Dat.
885 2864 980 2894 x11.
996 2853 1198 2900 Kalendas

242 2904 494 2950 Novembris
508 2929 524 2953 ‚
539 2901 798 2949 Pontificatsss
821 2905 876 2950 sui
895 2912 1015 2954 Anno
1030 2912 1197 2966 Tertio,

242 2962 421 3020 quaedam
438 2961 561 3005 dubia
588 2961 699 3018 super
711 2962 818 3008 dieta
843 2967 969 3020 priori
993 2969 1196 3015 Constitu-

241 3025 356 3065 tione
367 3031 510 3065 exorta
523 3020 793 3066 declaraverit
807 3035 824 3075 3
854 3026 908 3068 Et
925 3037 1110 3082 preterea
1123 3029 1194 3084 pia

241 3081 545 3136 sne-Gregorius
561 3080 664 3135 Papa
678 3081 921 3126 X1V.etiam
937 3085 1195 3132 Proedecess'or

242 3140 372 3183 noster
384 3139 462 3182 alia
490 3138 554 3183 sua
569 3139 766 3196 perpetuo
789 3141 960 3186 valituri
989 3144 1196 3191 Constitu-

243 3199 356 3242 tione
381 3227 396 3250 ,
416 3211 501 3254 quae
527 3198 668 3253 incipit
692 3211 704 3242 ε
745 3200 1026 3259 Ct'rcumspeffa
1055 3206 1195 3248 Roma-

246 3259 288 3299 ni
303 3257 491 3314 pontificis
495 3257 749 3313 providentia
760 3287 777 3309 ,
805 3258 875 3302 sub
891 3258 1040 3305 Datum
1055 3263 1100 3305 ld
1108 3263 1195 3307 ibus

248 3315 413 3368 Martii,
431 3314 692 3360 pontificatus
717 3317 773 3360 sui
789 3320 910 3362 Anno
923 3322 1064 3363 Primo
1076 3348 1091 3372 ,
1117 3319 1198 3365 res-

248 3372 400 3426 penite
411 3374 528 3420 editis
543 3405 559 3428 ,
581 3375 904 3423 Constitutiones
928 3380 1030 3424 Sixti
1047 3380 1195 3426 Proede.

251 3425 408 3472 cefforis
421 3432 663 3488 supradictas
678 3463 693 3486 ‚
711 3435 846 3492 quoad
862 3438 1099 3495 illegitimos
1114 3450 1200 3482 mos

251 3485 415 3553 ἀξια-ωε
427 3488 546 3536 fuerit
559 3521 574 3545 ,
605 3504 723 3551 prout
747 3494 787 3537 in
815 3495 963 3540 eisdem
996 3497 1200 3541 Constitu·-¹

252 3543 427 3588 tiombus
441 3548 594 3602 plenius
607 3554 841 3599 continetur
854 3582 866 3596 .
890 3558 1044 3599 Tamen
1062 3584 1078 3608 ,
1105 3556 1198 3611 quia

253 3600 381 3656 ¹01180
397 3605 467 3668 ΡΠ,
479 3631 494 3654 2
519 3610 559 3650 δι
584 3614 830 3666 experientia
845 3627 1095 3671 compertum
1110 3614 1167 3657 est
1177 3645 1195 3668 ,

252 3674 298 3702 ex
314 3674 429 3727 .⁰¹m¹²
447 3659 693 3720 facilitate,&
708 3673 963 3718 multitudine
978 3673 1196 3723 casuum,in

252 3722 396 3775 quibus
421 3721 602 3777 profeffio
618 3729 641 3770 ὲ
667 3726 969 3789 suscipientibus
999 3733 1196 3776 Habitum

1968 158 2132 245 335

1251 282 1419 336 alicujus
1447 279 1662 335 Regularis
1692 274 1856 318 Ordinis
1885 275 1907 320 ὲ
1935 278 2042 321 dieto
2083 286 2198 326 Sixto

1251 335 1545 381 Praedeceffore
1558 334 1669 376 nulla
1681 332 1911 374 declaratur
1924 362 1939 384 ,
1962 338 2108 380 multos
2123 344 2196 382 hac

1249 394 1457 437 occafione
1479 388 1637 446 arrepta
1654 388 1930 432 fraudulenter
1948 395 2094 445 petiiffe
2118 422 2132 444 ,
2161 399 2200 437 δε

1248 453 1290 494 in
1304 451 1390 493 dies
1411 458 1550 503 petere
1564 475 1578 498 ‚
1595 456 1638 488 ut
1650 445 1837 501 profeffio
1850 473 1864 494 ,
1878 461 1994 503 quam
2009 451 2049 491 in
2064 452 2200 505 aliquo

1249 506 1444 564 Regulari
1459 504 1615 548 Ordine
1629 502 1845 548 emiserunt
1862 532 1875 555 ‚
1898 505 2007 547 nulla
2023 507 2204 549 declare-

1248 576 1315 609 tur
1329 579 1344 618 ;
1360 579 1410 607 ex
1423 578 1509 620 quo
1526 562 1716 606 nonnulli
1734 577 1874 605 eorum
1890 565 2111 620 Regulares
2126 568 2207 606 Or-

1248 625 1392 676 dines,
1413 625 1451 665 &
1484 621 1663 665 instituta
1689 622 1759 663 sub
1785 624 1861 664 hoc
1890 635 2086 678 praetextu
2101 622 2208 665 dese-

1248 694 1415 726 ruerunt
1430 710 1445 733 ,
1456 683 1496 724 δι
1510 681 1664 724 idcirco
1677 680 1880 738 plerisque
1895 682 1934 724 in
1953 683 2054 725 locis
2080 682 2206 723 maxi-

1247 756 1310 786 ma
1335 740 1607 790 incommoda,
1620 741 1659 782 δι
1677 739 1860 783 scandala
1876 752 2016 784 exorta
2027 738 2205 784 fuerunt.

1249 805 1337 846 Nos
1365 814 1411 843 ea
1427 799 1607 843 scandala
1622 828 1638 850 ,
1651 800 1961 843 &incommoda
1978 829 1992 852 ,
2013 799 2205 856 quantum

1247 862 1287 904 in
1309 861 1489 903 Domino
1512 857 1711 914 possumus
1725 886 1741 910 ,
1760 872 1964 903 removere
1979 886 1994 910 ,
2020 861 2060 903 &
2074 872 2124 900 ne
2143 858 2202 900 in-

1247 919 1451 978 posterum
1466 918 1543 961 alia
1558 916 1752 974 ejusmodi
1777 920 1851 959 hac
1874 919 1925 960 de
1940 918 2054 961 causa
2069 918 2209 961 orian-

1247 987 1557 1035 tur20pportuna·
1570 977 1727 1020 ratione
1751 976 1968 1032 providere
1980 979 2208 1034 cupientes,

1249 1038 1491 1094 lingularum
1517 1035 1869 1080 Constitutionum
1896 1037 2206 1092 praedictarum..

1247 1107 1406 1140 tenores
1451 1096 1678 1139 raesentibus
1691 1109 1766 1152 pro
1779 1098 1961 1151 expreffis
1986 1096 2177 1138 habentes
2195 1120 2209 1143 ,

1245 1155 1401 1199 maturi
1430 1169 1527 1212 uper
1543 1156 1600 1197 his
1616 1169 1706 1197 cum
1732 1156 2042 1199 venerabilibus
2062 1153 2212 1199 Fratriq

1244 1215 1319 1257 bus
1343 1215 1485 1257 nostris
1514 1216 1661 1257 Sanelae
1682 1216 1875 1258 Romanae
1896 1214 2083 1259 Ecclefiae
2103 1213 2211 1253 Car·

1251 1273 1454 1315 dinalibus
1482 1273 1596 1327 super
1619 1274 1787 1328 negotiis
1815 1274 2135 1330 Epffcoporum,
2170 1270 2209 1310 &

1252 1331 1522 1384 Regularium
1538 1331 1740 1385 deputatis
1751 1356 1766 1377 ,
1792 1332 2089 1374 consultatione
2105 1342 2207 1382 ρη-

1252 1388 1388 1431 habita
1403 1416 1417 1440 ,
1431 1402 1482 1430 ex
1497 1388 1664 1431 illorum
1678 1387 1875 1432 sententia
1892 1418 1908 1440 ,
1937 1390 1978 1432 δι
1993 1400 2091 1431 voto
2105 1387 2212 1427 Con-

1252 1446 1478 1490 stitutiones
1506 1447 1706 1503 praedit‘ias
1742 1447 1847 1490 Sixti
1876 1444 2182 1492 Praedecefforis
2198 1471 2213 1494 ,

1253 1507 1387 1560 quoad
1404 1520 1491 1548 eam
1507 1518 1660 1562 partem
1673 1536 1689 1559 ‚
1712 1519 1785 1562 per
1797 1519 1914 1561 quam
1942 1521 2084 1550 eorum
2098 1531 2113 1554 ,
2145 1503 2215 1560 qui

1252 1558 1421 1604 formam
1436 1564 1472 1604 in
1489 1563 1643 1606 eisdem
1657 1565 2024 1609 constitutionibus
2039 1561 2217 1621 praescri-

1256 1632 1366 1679 ptam
1380 1620 1431 1663 de
1444 1632 1592 1664 caetero
1606 1636 1683 1665 non
1710 1621 1977 1675 servaverint,
2008 1624 2047 1666 δι
2078 1619 2215 1679 quoad

1254 1681 1353 1723 alios
1369 1680 1490 1722 etiam
1513 1680 1625 1723 casus
1642 1680 1792 1724 ibidem
1820 1679 2046 1738 expreffos,
2069 1682 2107 1722 in
2121 1680 2212 1737 qui-

1256 1744 1327 1784 bus
1355 1751 1614 1796 receptorum
1643 1741 1683 1783 in
1709 1738 2035 1796 quibuscunque,
2055 1740 2216 1781 etiam-a

1254 1798 1817 1849 Mendicsnrium,0rdinibus
1831 1797 2020 1852 professio
2031 1798 2138 1840 nulla
2150 1796 2220 1839 de-

1255 1857 1434 1901 claratur
1454 1858 1528 1908 ‚ad
1551 1855 1744 1898 terminos
1756 1856 1943 1911 Juris,&
1965 1856 2216 1898 Sacrorum..

1254 1921 1467 1959 Cauonum
1482 1944 1497 1967 ,
1515 1913 1706 1967 perinde,
1736 1928 1781 1957 ac
1801 1914 1828 1955 st
1842 1916 2036 1970 predicte
2056 1911 2219 1955 Consti-

1257 1974 1439 2016 tutiones
1455 1972 1493 2013 in
1507 1972 1578 2013 illa
1596 1982 1712 2023 parte
1723 1971 1839 2014 edite
1856 1986 1939 2015 non
1954 1971 2111 2017 fuifl'ent
2122 1999 2136 2024 ‚
2149 1983 2221 2012 au-

1258 2030 1446 2072 storime
1464 2027 1692 2084 Apostoliea
1714 2038 1857 2072 tenore
1888 2030 2137 2087 presentium
2152 2040 2218 2070 κ-

1258 2088 1447 2132 ducimus
1474 2115 1486 2128 .
1515 2088 1718 2130 Caeterum
1751 2099 1893 2145 poenas
1922 2096 2067 2130 contra
2093 2089 2223 2142 Supe-

1258 2149 1387 2189 riores
1401 2159 1739 2202 quorumcunque
1751 2144 2092 2195 Ordinum2etiam
2104 2148 2222 2187 Men·

1258 2204 1483 2247 dicanrium
1511 2204 1765 2257 hujusmodi,
1796 2207 1863 2261 qui
1889 2207 1926 2248 in
1953 2203 2220 2248 admittendis

1260 2262 1534 2318 Regularibus
1548 2262 1597 2303 ad
1618 2264 1813 2305 Habitum
1831 2293 1846 2316 ‚
1860 2266 1901 2307 δι
1916 2262 2219 2316 Profeffionem,

1259 2322 1475 2364 earundem
1504 2321 1855 2365 constitutionum
1902 2320 2072 2366 sormam
2101 2335 2219 2367 non..-

1260 2376 1537 2433 servaverint,
1563 2392 1633 2424 sut
1662 2383 1780 2425 aliter
1801 2382 1943 2436 quovis
1966 2382 2092 2424 modo
2117 2392 2219 2423 con·

1265 2438 1524 2488 trasecerint,
1550 2440 1587 2481 in
1613 2442 1699 2497 ipfls
1725 2441 2099 2484 Constitutionibus
2115 2439 2219 2481 infli-

1261 2502 1340 2540 ctas
1357 2499 1479 2540 salvas
1503 2498 1580 2541 effe
1598 2500 1782 2543 volumus
1796 2529 1810 2553 ‚
1829 2500 1868 2542 &
1883 2499 2089 2542 statuimus
2106 2499 2218 2550 33ic-

1261 2558 1390 2612 que&
1405 2571 1485 2599 non
1512 2557 1628 2600 aliter
1654 2560 1691 2602 in
1719 2557 1914 2615 praemissis
1940 2558 2125 2601 omnibus
2141 2584 2155 2606 ,
2177 2556 2218 2596 δι

1257 2615 1420 2674 lingulis
1434 2629 1506 2672 per
1519 2618 1775 2675 quoscunque
1783 2620 1947 2674 Judices
1962 2616 2217 2664 Ordinatios,

1255 2677 1295 2719 δι
1310 2676 1521 2732 delegatos
1538 2705 1552 2728 ‚
1564 2681 1689 2718 etiarn
1703 2676 1910 2719 causarum
1933 2677 2011 2718 διε.

1374 2735 1520 2778 Datum
1551 2737 1688 2778 Romae
1710 2736 1818 2792 apud
1836 2737 2022 2778 §anetum
2050 2735 2214 2777 Petrum

1259 2794 1328 2837 sub
1341 2794 1536 2838 Annnulo
1555 2793 1770 2837 Pistatoris
1785 2824 1802 2845 2
1817 2795 1885 2837 die
1897 2793 2070 2835 secunda
2094 2794 2219 2847 Apri-

1259 2850 1310 2894 lis
1338 2864 1507 2895 nnctt.
1533 2850 1798 2895 Pontificatiis
1825 2852 1950 2894 nostri
1980 2851 2098 2917 Anno
2128 2854 2212 2895 Un·
2293 2887 2297 2891 .

1257 2908 1417 2954 decimo
1427 2937 1441 2952 .

1312 3026 1522 3079 Exemplar
1544 3023 1721 3067 authent.
1737 3024 1787 3074 (9*
1800 3027 1929 3067 Rome
1954 3024 2213 3081 bapt-efflent„

1368 3085 1410 3129 in
1425 3082 1939 3141 Arcb.gcn.ord.Armario
1953 3084 2212 3141 Anthentica.

2056 3781 2155 3824 DE·
