2444 4192
741 173 904 255 Sub
961 174 1345 258 Clemente
1409 171 1502 256 V
1513 170 1558 251 J
1577 168 1630 250 I.

197 339 284 373 rcm
294 304 541 370 obtinenda;
562 329 607 360 ac
625 313 909 373 quascunque,
936 319 989 361 de
1003 320 1147 376 quibus

197 387 254 430 eis
268 377 467 423 videbitur
482 404 496 428 ,
514 376 698 419 censuras
724 376 764 416 &
792 389 931 429 poenss
947 406 963 428 ,
984 379 1024 419 δι
1036 379 1146 422 alia...

191 441 289 501 juris
301 445 528 494 opportuna
544 433 737 483 remedia,
749 432 1022 489 appellatione
1039 436 1145 490 post-

190 498 315 557 posita
332 523 346 547 ‚
373 490 665 549 compescendo
679 521 693 544 ‚
723 493 914 534 invocato
943 494 1066 534 etism
1090 493 1143 533 ad

189 558 298 605 hoc,
318 551 342 596 fi
357 567 459 609 opus
474 551 622 605 fuerit,
643 549 792 595 auxilio
819 549 969 593 brachii
984 548 1145 590 saecula-

186 615 242 659 ris
253 642 266 655 .
289 615 386 656 Non
403 611 648 655 obstantibus
661 607 729 653 fel.
745 622 828 652 rec.
845 605 1039 651 Bonifacii
1057 607 1140 648 ΡΡ.

185 673 307 715 vm.
322 668 619 714 Praedecefforis
646 668 794 717 nostri,
818 665 871 709 de
897 680 973 708 una
993 694 1008 717 ‚
1040 666 1079 707 δι
1101 664 1142 706 in

183 730 378 774 Concilio
407 730 599 773 Generali
622 728 672 772 de
697 726 848 771 duabus
866 725 988 769 dictis
1001 722 1112 767 editi
1125 750 1141 775 ,

184 804 230 832 ac
247 789 337 832 aliis
352 789 732 837 Constitutionibus‚
750 787 791 828 δε
805 783 1139 829 ordinationibus

183 846 432 904 ApostolicIs
445 873 459 896 ‚
493 860 654 890 necnon
670 845 821 889 statutis
835 872 850 896 ,
873 845 913 887 δι
925 844 1142 891 consuetu·

183 906 332 950 tinibus
346 933 362 958 ,
377 906 500 949 etiam
513 904 743 963 juramento
753 930 768 954 ,
792 902 1142 948 confirmatione,

181 963 419 1021 Apostolica
437 994 452 1018 ‚
467 966 506 1007 δι
517 965 655 1020 quavis
670 961 860 1006 firmitate
883 961 961 1004 alia
976 962 1141 1003 robora-

181 1025 235 1067 tis
250 1023 402 1067 statutis
418 1052 432 1076 ‚
447 1037 605 1068 necnon
618 1021 841 1080 privilegiis
856 1048 870 1069 ‚
886 1019 1069 1068 indultis,
1089 1019 1130 1060 δι

136 1085 139 1089 ’
179 1082 587 1138 litterisApostolicis
598 1097 671 1138 per
685 1080 914 1138 quoscfique
933 1081 1140 1122 Romanos

179 1140 404 1186 Pontifices
423 1139 732 1186 Praedeceffores
758 1140 939 1187 nostros,
969 1151 1017 1180 ac
1035 1140 1141 1187 Nos,

176 1201 219 1242 &
235 1200 381 1245 Sedem
395 1199 620 1253 praediaam
635 1224 650 1246 ,
673 1198 797 1242 etlam
810 1208 924 1240 motu
940 1195 1107 1252 proprio
1120 1223 1138 1246 ,

177 1259 220 1302 δι
232 1259 283 1302 de
295 1266 407 1303 certa
423 1257 585 1300 scientia
599 1282 614 1306 ‚
630 1270 675 1298 ac
689 1256 741 1298 de
760 1259 792 1298 A
799 1255 1003 1311 poslolicae
1016 1265 1138 1309 pote-

178 1317 286 1362 statis
298 1313 424 1373 plenit
455 1314 549 1357 dine
562 1342 578 1367 ‚
607 1315 647 1356 &
660 1327 753 1357 cum
767 1311 968 1371 quibusvis
1000 1312 1133 1353 irrita·

180 1377 276 1422 tivis
289 1403 304 1428 ,
317 1387 418 1418 annu
455 1372 574 1416 ativis
586 1398 601 1420 2
616 1372 814 1417 csslstivis
828 1400 843 1424 ,
862 1369 1107 1414 revocativis
1118 1398 1136 1420 ,

180 1432 462 1480 modificativis
476 1460 490 1484 ‚
522 1431 810 1489 praeservativis
837 1459 852 1483 ‚
881 1430 1133 1485 exceptiviss

180 1493 405 1540 restridtivis
420 1523 436 1545 ‚
465 1490 727 1534 declarativis
741 1519 755 1542 ‚
786 1490 1024 1534 attestativis
1046 1516 1060 1539 ,
1090 1500 1136 1529 ac

181 1551 534 1609 derogatorisrum
549 1549 820 1606 derogator-iis
832 1576 846 1600 ‚
872 1546 1037 1603 aliisque
1054 1545 1139 1589 effi·

183 1612 438 1662 cacioribus,
463 1607 761 1658 efficacissimis,
790 1609 830 1650 δε
849 1605 1015 1650 insolitis
1029 1605 1142 1648 clau·

182 1672 275 1717 sulis
287 1695 302 1719 2
331 1666 645 1726 quomodolibet
660 1667 782 1710 etiam
809 1666 964 1722 pluries
977 1664 1141 1708 conces·

183 1732 232 1777 sis
248 1759 262 1782 ‚
275 1726 517 1772 confirmatis
532 1727 590 1778 ,δι
609 1726 809 1768 innovatis
827 1753 840 1776 ‚
854 1725 996 1779 quibus
1013 1723 1142 1765 omni·

184 1790 286 1840 bus,
299 1784 450 1832 etiamfi
465 1799 540 1841 pro
564 1784 728 1827 illorum
742 1782 951 1827 sufficienti
971 1783 1142 1838 deroga·

184 1847 294 1890 tione
323 1846 374 1890 de
404 1842 509 1895 illis,
534 1858 755 1900 eorumque
786 1842 1140 1899 totis-tenoribus,

190 1904 369 1961 specialis
393 1902 435 1946 δι
458 1900 666 1945 individua
682 1931 697 1954 ‚
720 1916 767 1945 ac
779 1902 831 1944 de
849 1903 974 1944 verbo
985 1901 1032 1941 ad
1051 1914 1139 1943 ver-

185 1958 311 2014 bum,
337 1968 418 2004 nou
446 1963 595 2002 auteur*
605 1973 675 2014 per
697 1958 890 2001 clausulas
902 1959 1110 2016 generales
1124 1983 1142 2006 2

188 2022 297 2071 idem
311 2020 577 2076 imponantes
590 2045 605 2068 ‚
628 2018 806 2067 mentio,
831 2016 894 2058 seu
909 2017 1051 2072 quaevis
1065 2016 1142 2056 alia

188 2075 612 2184 ῖξὲἓὶὦὲἰέἒῗωέἰεὲ
624 2074 903 2177 ἓῖῗὲἒὲἒέῗζῗ
921 2073 1141 2189 ἷῗέἰέἑῗ·

476 2164 490 2186 2
1130 2160 1145 2183 ⁵

186 2198 294 2254 quod
312 2194 389 2237 illis
404 2192 634 2238 nullatenus
655 2190 842 2246 derogari
869 2190 1015 2245 possit,
1046 2190 1138 2233 illo·

183 2268 274 2300 rum
288 2251 484 2300 omnium,
504 2262 657 2291 necnon
673 2248 1136 2303 quarumcunque2etiam

182 2314 224 2358 iu
238 2310 363 2355 forma
379 2306 535 2358 Brevis,
549 2306 777 2350 litterarum
795 2306 1133 2362 Apostolicarum,

183 2371 395 2423 occasione
410 2363 689 2424 praemifl‘orum
714 2365 1025 2423 quomodolibet
1039 2379 1136 2407 con-

182 2429 375 2476 festarum
387 2450 406 2483 ,ν
431 2427 472 2468 δε
486 2438 817 2485 quorumcunque
831 2424 872 2467 in
885 2428 941 2468 eis
965 2435 1137 2466 conten-

183 2500 322 2540 torum
337 2496 510 2538 ‚tenore
528 2483 774 2541 praesentium
796 2497 872 2540 pro
893 2482 1136 2526 sufficienter

182 2545 364 2604 expreslis
377 2573 392 2598 ,
410 2558 456 2588 ac
476 2545 528 2587 de
543 2544 668 2586 verbo
694 2544 746 2588 ad
761 2544 927 2588 verbum
951 2542 1106 2584 insertis
1120 2570 1136 2594 ,

182 2618 340 2651 necnon
354 2603 498 2648 modos
510 2628 525 2653 ,
549 2604 589 2645 &
602 2600 750 2647 formas
763 2602 812 2645 ad
840 2602 879 2644 id
896 2600 1136 2652 servandos,

211 2680 257 2709 ro
282 2662 496 2707 individuo
509 2661 676 2705 servatis
688 2664 906 2710 habentes,
933 2660 1013 2704 illis
1039 2662 1135 2704 alias

183 2738 226 2767 in
239 2725 308 2767 suo
323 2723 473 2764 robore
496 2720 764 2775 permansuris
779 2750 795 2773 ,
823 2722 964 2764 harum
980 2719 1135 2767 serie-³

181 2779 407 2840 specialiter
416 2805 431 2829 ‚
441 2779 481 2820 δι
497 2776 679 2834 expresse
692 2780 936 2834 derogamus
949 2805 964 2828 ,
978 2793 1135 2822 necnon

181 2838 365 2885 omnibus
380 2835 459 2879 illis
473 2864 488 2888 ,
512 2837 659 2891 quibus
684 2838 726 2879 in
747 2836 865 2879 diens
876 2836 1137 2880 eoncessum-a

180 2899 237 2950 est
248 2925 264 2949 ‚
291 2911 370 2940 non
382 2894 632 2941 obstantibus
644 2893 951 2951 quibuscunque
974 2906 1138 2939 eontra-

182 2958 252 3003 riis
268 2985 283 3009 ,
295 2963 381 3012 aut,
394 2955 420 2996 si
435 2952 628 3010 aliquibus
643 2953 930 3007 communiter,
946 2954 1009 3000 vel
1031 2954 1136 2997 divi-

178 3016 251 3063 fim
281 3018 331 3057 ab
347 3013 488 3056 eadem
503 3010 550 3054 stt
562 3011 666 3055 Sede
678 3011 879 3055 indultum
891 3039 907 3063 ‚
935 3012 1048 3069 quod
1076 3014 1137 3054 in-

182 3073 330 3118 terdici
342 3099 356 3124 ‚
377 3069 586 3128 suspendi,
614 3071 679 3114 vel
698 3071 1035 3114 excommunicari
1053 3085 1134 3114 nou

182 3132 326 3194 possint
342 3161 356 3184 ,
368 3145 441 3188 per
452 3131 611 3174 litteras
628 3128 876 3186 Apostolicas
896 3142 976 3172 non
991 3128 1135 3172 facien-

182 3199 247 3243 tes
269 3193 426 3250 plenam
439 3187 761 3243 ‚&expreffam,
781 3202 828 3230 ac
853 3187 904 3230 de
930 3189 1054 3230 verbo
1084 3188 1134 3231 ad

187 3247 350 3305 verbum
363 3249 414 3291 de
426 3248 588 3291 indulto
609 3246 835 3303 hujusmodi
863 3247 1106 3288 mentionem
1121 3274 1134 3288 .

187 3309 384 3365 Volumus
398 3319 550 3356 sutem,
562 3307 670 3364 quod
687 3304 932 3363 praestntium
946 3298 1135 3348 transum-

191 3364 399 3423 prismanu
413 3365 582 3422 alicujus
598 3365 762 3410 Notat-ii
791 3364 943 3421 publ-ici
974 3362 1134 3406 subscrb

192 3424 296 3524 iaztis,
306 3427 346 3467 δι
357 3426 486 3481 sigillo
497 3425 666 3479 alicuius
680 3424 855 3482 personae
881 3425 920 3464 in
936 3420 1136 3478 dignitate

232 3480 458 3542 eclesiastica
479 3485 702 3529 constituta
736 3481 897 3527 munitis
921 3508 936 3531 2
960 3481 1139 3524 cadem-a

193 3538 473 3596 prorsus‘fides
498 3544 535 3586 in
563 3544 715 3600 judicio
742 3546 784 3586 ὅτ.
806 3553 921 3586 extra
945 3539 1137 3582 adhibea-

195 3609 285 3648 tur,
303 3610 387 3652 ‘1⁰2
408 3599 658 3654 presentibus
689 3602 947 3659 originalibus
968 3599 1137 3642 adhibe-

194 3665 309 3700 retur
321 3652 371 3704 ,fi
383 3653 510 3700 forent
522 3660 678 3704 exibitae
692 3689 707 3713 ,
720 3660 784 3703 vel
797 3659 955 3703 ostensae
964 3688 977 3700 .

337 3712 481 3756 Datum
515 3719 653 3761 Romae
697 3715 802 3775 apud
837 3722 1023 3763 Sanctum
1062 3719 1138 3760 Pe-

195 3781 303 3817 trum
315 3768 401 3868 {2¹2
419 3773 578 3870 Ανῑὶηιιὶο
590 3774 800 3820 Piscator-is
819 3777 887 3822 die
899 3792 947 3820 xi
961 3790 976 3818 t
990 3790 1023 3818 1.
1041 3774 1137 3831 Maii

1929 207 1967 248 2
1980 205 2038 283 4
2054 215 2077 255 ι

1206 336 1403 418 ςιῖωωνιν.
1434 316 1698 363 Pontificatfis
1723 318 1848 360 nostri
1892 336 1993 364 anno
2021 326 2162 371 secun-

1235 391 1288 418 o.

1262 485 1504 541 Waddingur
1514 500 1560 526 cx
1574 487 1843 543 authograpbo
1852 499 1944 532 tom.
1955 506 1966 533 t
1976 493 2005 533 6
2008 498 2170 538 .Annal.

1308 544 1482 601 beais.
1497 548 1651 588 Butlar.
1667 547 1806 589 Ordin.
1829 550 1989 590 Praedic.
2019 563 2110 592 tom.
2128 564 2168 601 7.

1308 602 1393 661 fil.
1404 604 1575 661 127·sub
1590 606 1691 647 data
1707 619 1755 648 xi
1770 621 1783 650 ι
1799 620 1831 648 ι.
1848 608 1971 660 ‘Junii
1983 633 1998 655 ‚
2026 610 2164 663 Noster·

1315 664 1343 704 a*
1362 663 1480 704 sorbo
1493 664 1624 720 infine
1631 674 1728 719 pag.
1739 679 1773 707 t.
1794 666 1864 710 ubi
1889 667 1937 715 (⁶5
1950 667 2062 708 illam
2076 668 2165 710 benc

1317 721 1530 765 notandam
1546 724 1719 766 advertit
1729 751 1742 765 .

1200 863 1432 879 ——-

1202 963 1259 1010 In
1303 975 1403 1011 toto
1454 962 1740 1012 Minoritano
1780 962 1958 1014 Ordine
1989 963 2157 1016 festum

1270 1032 1488 1081 Nominis
1516 1030 1631 1101 Jesu
1662 1033 1877 1083 celebrari
1926 1036 2113 1086 mandat
2146 1071 2163 1094 ,

1272 1100 1502 1152 Fidelibus
1536 1104 1839 1154 decantationi
1867 1103 2030 1154 Officii
2050 1125 2163 1175 pra:-

1270 1171 1468 1222 sentibus
1497 1210 1513 1232 ,
1543 1191 1596 1223 ac
1632 1173 1733 1240 ipsis
1761 1175 2049 1226 cantantibus
2080 1181 2159 1226 ln-

1264 1242 1555 1312 dulgentias,
1582 1246 1691 1293 aliAs
1721 1242 1900 1294 Officio
1929 1249 2157 1314 Corporis

1268 1312 1438 1363 Christi
1471 1313 1693 1364 concessas
1720 1317 1945 1385 largitur,
1982 1335 2034 1365 ac
2055 1333 2158 1366 turn

1263 1383 1322 1432 ad
1342 1381 1552 1504 tsl‘estutn,
1580 1398 1684 1436 tum
1727 1385 1784 1435 ad
1824 1385 2038 1436 ostavam
2082 1405 2161 1437 ex·

1266 1467 1341 1506 ten
1376 1468 1411 1504 it
1432 1489 1444 1502 ο

1303 1586 1704 1635 CLEMENS
1752 1588 1857 1637 PP.
1909 1589 2061 1638 VII.

1349 1711 1418 1755 Ad
1434 1722 1669 1768 perpetuam
1695 1714 1755 1756 rei
1776 1713 2029 1756 memoriam.

1290 1840 1498 1885 Alvatoris
1523 1842 1687 1883 Domini
1709 1842 1845 1884 Nostri
1864 1843 1955 1897 Jesu
1978 1843 2129 1885 Christi
2146 1869 2160 1892 ‚

1307 1902 1381 1943 Dei
1416 1904 1542 1944 Patris
1579 1901 1786 1956 Unigeniti
1802 1930 1816 1952 ‚
1840 1900 1979 1956 quide
1998 1899 2159 1943 summis

1203 1958 1406 2003 coelorum
1421 1961 1470 2001 ad
1489 1957 1642 2002 infirma
1658 1973 1731 2014 pro
1744 1961 1908 2015 generis
1923 1958 2082 2003 humani
2097 1974 2162 2003 rc-

1204 2017 1439 2067 demptione
1462 2016 1702 2059 descendere
1724 2042 1739 2065 ‚
1761 2020 1800 2060 δι
1830 2020 2044 2060 humanam
2070 2033 2165 2060 car·

1202 2087 1296 2115 nem
1312 2072 1504 2116 assumere
1522 2086 1600 2114 non
1615 2074 1758 2115 abnuit
1779 2103 1794 2126 ‚
1809 2076 1920 2118 vices
1933 2102 1948 2125 ‚
1976 2077 2071 2118 licet
2089 2077 2163 2117 im-

1203 2132 1363 2183 meriti,
1387 2140 1572 2187 gerentes
1605 2132 1642 2173 in
1674 2132 1826 2183 terris,
1852 2132 1936 2187 ejus
1965 2132 2161 2175 sanstissi-

1201 2204 1307 2232 mum
1323 2193 1501 2240 Nomen,
1515 2191 1554 2230 in
1567 2205 1650 2245 quo
1664 2204 1787 2234 omne
1803 2204 1903 2245 genu
1918 2190 2164 2242 coelestium,

1200 2248 1449 2291 terrestrium
1464 2277 1478 2299 ,
1519 2250 1558 2290 &
1587 2248 1836 2290 infernorum
1867 2250 2039 2293 flefiitur
2068 2279 2081 2302 ,
2123 2252 2164 2292 &

1199 2320 1343 2363 preces
1364 2307 1517 2348 nostras
1538 2306 1715 2356 effundi,
1742 2322 1786 2349 ac
1813 2322 1885 2349 nos
1917 2306 2045 2350 salvos
2071 2307 2160 2351 fieri

1199 2376 1392 2422 oportet,
1417 2368 1458 2407 δι
1489 2366 1674 2422 perquod
1694 2366 1875 2408 saeculum
1902 2366 1958 2408 est
1977 2381 2156 2410 conver-

1200 2428 1370 2473 sum‚ac
1396 2424 1608 2478 Apostoli,
1642 2425 1791 2480 aliique
1817 2427 1953 2468 Sanffl
1983 2426 2163 2483 miracu-,⁴

1202 2485 1253 2527 lis
1264 2485 1495 2527 claruerunt
1511 2513 1526 2533 ,
1555 2483 1772 2529 celebriter
1795 2485 2157 2538 veneraricupien-

1200 2554 1261 2588 tes
1278 2573 1296 2595 2
1315 2542 1431 2586 sacrae
1457 2542 1665 2600 Religioni
1686 2543 1850 2586 deditos
1866 2570 1882 2592 ,
1905 2542 1972 2600 qui
1997 2542 2158 2598 singulis

1197 2602 1338 2647 mundi
1369 2603 1611 2645 vanitatibus
1636 2600 1801 2657 spretis,
1830 2600 1880 2643 ad
1903 2599 1968 2658 ipsi
1995 2602 2158 2642 Christo

1196 2662 1503 2707 deserviendum
1521 2660 1558 2701 s'e
1571 2659 1759 2704 dicfirunt
1775 2687 1788 2708 ,
1821 2662 1860 2702 δι
1877 2659 1975 2700 alios
1991 2659 2158 2702 Christi-

1196 2722 1339 2765 fideles
1355 2721 1404 2764 ad
1420 2720 1458 2762 id
1473 2721 1708 2776 quibusdam
1724 2718 1967 2762 alleflativis
1981 2721 2156 2762 muneri-

1193 2782 1267 2826 bus
1279 2808 1293 2830 ,
1315 2779 1584 2836 indulgentiis
1601 2779 1796 2823 videlicet
1808 2780 1848 2821 &
1862 2777 2152 2821 remissionibus

1198 2841 1414 2885 invitamus
1428 2868 1443 2890 ‚
1475 2849 1519 2883 ut
1536 2840 1630 2883 iude
1643 2838 1874 2881 reddantur
1894 2838 2047 2879 Divina:
2062 2851 2155 2885 era·

1197 2900 1259 2943 tiae
1275 2900 1448 2954 aptiores
1467 2925 1477 2936 .
1501 2896 1622 2946 sane,
1636 2897 1733 2938 sicut
1748 2896 1929 2938 exhibita
1943 2895 2158 2939 Nobisuu·

1197 2973 1269 3013 per
1287 2971 1361 3013 pro
1376 2967 1488 3010 parte
1499 2955 1637 2997 dileffi
1654 2951 1726 2994 filii
1753 2956 2045 2997 Bonsventurae
2068 2958 2156 2997 Du-

1196 3016 1474 3060 bien.Ordinis
1491 3016 1676 3056 Fratrum
1690 3013 1893 3054 Minorum
1907 3010 2152 3062 Professoris‚

1197 3076 1347 3132 petitio
1360 3073 1594 3115 continebat
1609 3100 1623 3123 ‚
1652 3072 1762 3128 quod
1789 3070 1886 3113 licet
1911 3069 1982 3112 fel.
1998 3083 2075 3112 rec.
2094 3071 2158 3112 si-

1196 3145 1285 3177 xtus
1302 3137 1406 3188 Papa
1422 3134 1498 3174 tv.
1526 3130 1783 3173 Praedeceslor
1809 3129 1943 3173 noster
1974 3126 2153 3171 officium

1194 3193 1245 3236 de
1255 3193 1339 3247 ipso
1353 3189 1620 3232 Sacratiffimo
1633 3187 1919 3245 NomineJes'u,
1939 3200 2012 3244 per
2025 3200 2153 3242 quon-

1194 3252 1286 3293 dam
1303 3249 1596 3293 Bernardinurn
1627 3248 1678 3290 de
1707 3247 1828 3289 Bustis
1845 3249 2029 3288 fratrem
2054 3245 2151 3287 dicii

1195 3310 1383 3359 Ordinis,
1404 3307 1503 3351 dum
1527 3307 1566 3349 in
1585 3308 1768 3349 humanis
1789 3314 1943 3359 ageret,
1957 3305 2151 3357 composi·

1194 3379 1281 3411 tum
1293 3396 1307 3420 ,
1335 3367 1577 3411 auctoritate
1592 3364 1823 3422 Apostolica
1837 3361 2026 3405 confirma
2034 3364 2152 3417 verit,

1195 3429 1233 3469 &
1251 3426 1536 3483 approbaverit
1551 3454 1565 3475 ‚
1591 3435 1723 3467 tamen
1750 3422 1850 3463 illud
1865 3451 1879 3474 ‚
1904 3431 1973 3465 aut
1988 3421 2151 3476 aliquod

1196 3479 1335 3528 festum
1348 3486 1400 3528 de
1416 3484 1499 3539 ipso
1510 3484 1637 3526 bened
1644 3485 1721 3524 icio
1736 3480 1910 3523 Nomine
1923 3481 1961 3522 iu
1976 3479 2151 3523 Ecclesia

1197 3544 1399 3586 militante
1411 3550 1489 3585 non
1502 3542 1733 3584 celebratur
1748 3569 1759 3580 .
1788 3543 1929 3598 Qare
1940 3553 2017 3596 pro
2033 3552 2147 3593 parte

1195 3601 1312 3658 ipsius
1329 3605 1619 3644 Bonaventurae
1633 3628 1647 3651 ,
1660 3598 1712 3641 de
1724 3599 1934 3641 Generalis
1949 3598 2005 3642 sui
2021 3599 2143 3640 Ordi-

1195 3661 1255 3702 nis
1269 3660 1457 3706 licentia,
1480 3658 1611 3700 Nobis
1636 3658 1709 3700 fuit
1725 3658 1932 3700 humiliter
1946 3657 2143 3712 supplica-

1197 3727 1285 3760 tum
1303 3747 1316 3770 ‚
1340 3716 1446 3773 quod
1472 3716 1596 3772 ipsum
1623 3717 1810 3759 Officium
1834 3717 1877 3760 in
1889 3726 1982 3759 toto
1992 3713 2154 3755 Ordine-

1200 3779 1383 3821 Fratrum
1403 3776 1602 3819 Minorum
1615 3777 1656 3818 δι
1669 3779 1863 3819 Sororum
1878 3781 1920 3820 S.
1935 3773 2065 3869 Cllagat
2075 3782 2140 3811 cc.-

1985 3843 2004 3869 e
2034 3838 2087 3867 ra-

1654 3835 1735 3881 Hh
