2444 4192
755 99 918 185 Sub
980 108 1330 218 Gregorio
1387 106 1654 195 XIV.
1987 140 2148 220 309

245 254 458 300 dicentium
473 278 487 301 ,
513 251 737 300 Fratrum,
762 252 1040 296 Monacborum
1061 282 1076 304 ,
1109 255 1373 299 Eremitarum
1396 285 1412 307 ,
1437 260 1500 299 vel
1532 257 1811 299 canonicorum
1838 279 1851 303 ,
1875 266 1946 296 aut
1974 261 2207 306 Clericorum

245 313 500 369 Regulorium
513 337 526 361 ,
539 309 887 377 Congregationum
902 335 917 357 ,
946 321 1019 352 aut
1035 314 1294 368 Hospitalium
1313 313 1551 366 Religionem
1564 338 1580 360 ,
1603 324 1726 363 neque
1739 311 1793 350 ad
1815 310 1990 353 habitum
2001 340 2016 361 ,
2036 331 2102 358 nec
2117 330 2210 371 pro-

233 371 432 473 {45:¹53
445 368 848 483 Σὲῗὲἴῖἱιιξῖῖἑίὶἰη
857 367 1388 484 ἶῖιὶἴΖῖ-Ῐ’ἑ;;’,,ῗὲιῖῖῖἑῖἔί
1400 366 2211 486 ἔᾶἇὶὲὲἵῖιᾷἷῖἴᾝῖἑῧῖᾑῒ

243 500 328 532 rtem
352 484 509 542 posthac
530 487 700 544 emisi-rit
714 512 729 539 ,
755 482 986 525 decernimus
1010 483 1166 526 habitas
1173 483 1456 540 susceptionem
1477 481 1531 532 ῤ’
1552 479 1812 539 profifflonem
1827 511 1843 533 ,
1870 497 1915 523 ex
1940 497 2064 534 nune,
2082 496 2208 540 prout

242 560 287 588 ex
315 556 409 588 tunc
425 572 439 595 ,
465 545 631 589 irritam
645 571 660 594 ‚
690 541 839 587 nullam
861 540 914 591 ά·
939 541 1180 592 invalidam,
1207 542 1426 599 nulliusque
1443 540 1592 583 roboris
1614 543 1676 582 vel
1690 546 1872 583 momenti
1885 540 1979 596 fiere
2000 569 2015 591 ,
2051 558 2097 585 ac
2121 549 2211 587 nul-

243 605 326 647 lum
349 602 484 645 exinde
504 629 519 654 2
543 615 613 648 aut
639 617 685 647 cx
710 599 924 660 hujusmodi
945 609 1033 642 voto
1051 602 1211 655 penitus
1234 600 1440 642 annullato
1454 629 1470 651 ,
1494 600 1738 655 obligationis
1759 601 1950 643 vinculum
1965 602 2067 643 oriri
2083 604 2210 660 posti-3

240 666 421 718 quinimo
449 662 535 704 illos
561 661 700 707 babitu
712 658 903 716 Regulari
916 687 931 710 ,
953 658 1007 700 ad
1031 671 1143 714 quem
1167 658 1471 717 reaffiimendum
1491 660 1682 715 perpetui
1710 659 1894 701 inhabiles
1906 659 1998 715 sint
2015 687 2029 709 ,
2070 675 2211 715 quam-

234 725 415 778 primum
439 724 554 774 exui,
589 721 637 770 ὸ·
661 721 712 763 ab
733 718 819 776 ipsa
841 720 1037 774 Religione
1061 717 1150 775 ejici
1171 721 1502 772 exterminarique
1523 717 1658 760 debere
1671 746 1684 758 .
1717 723 1768 761 Et
1782 718 2026 761 nibilominus
2049 719 2211 775 quicun-

241 793 316 836 que
341 783 563 837 superiores
578 809 593 832 ,
617 789 702 823 tam
731 777 1081 833 monasteriorum,
1109 779 1360 820 Prioratuum
1373 807 1387 830 ,
1415 776 1766 833 Prcpositurarum
1779 807 1796 829 ‚
1822 780 2033 822 Domorum
2052 806 2066 831 ,
2088 781 2213 823 Colle·

230 841 392 893 giorum
405 864 420 887 ,
447 838 495 886 19*
519 839 689 881 locorum
711 835 980 894 regularium,
1006 835 1126 891 qudm
1148 838 1269 878 etiam
1289 834 1555 895 prefatorum
1586 836 1775 879 ordinum
1788 866 1802 888 ,
1831 840 2182 894 Congregationum
2195 867 2211 891 ,

238 896 500 954 Hospitalt'um
517 925 532 948 ,
557 897 610 948 ῤ’
638 909 957 955 quarumcunque
986 894 1228 951 Religionum
1256 895 1512 939 Provincialcs
1536 923 1551 946 ‚
1574 897 1638 936 vel
1666 897 1870 937 Generales
1884 925 1900 946 ,
1929 896 2064 951 quovis
2094 897 2211 939 nomi·

233 968 282 998 ne
309 956 552 1011 nuncupati,
584 959 655 1011 qui
682 970 727 998 ex
748 955 947 1012 praediiiis
973 952 1116 1010 incestu
1132 983 1147 1004 ,
1177 956 1242 996 vel
1252 954 1470 1012 ficrilegio
1492 957 1644 1010 genitos
1658 981 1672 1004 ‚
1697 954 1783 1012 pss
1807 955 1950 997 dii-'iam
1972 956 2212 1012 publicatio-

170 1051 174 1056 Ι
235 1028 323 1059 nem
348 1016 403 1059 ad
419 1013 601 1058 habitum
633 1013 874 1072 receperint,
904 1015 968 1056 vel
987 1014 1042 1055 ad
1050 1010 1315 1071 profi-ffioaem
1338 1013 1572 1070 admiserint
1596 1042 1611 1065 ‚
1641 1013 2041 1057 excommunicationis
2052 1016 2215 1071 sinten-

237 1076 337 1117 tiam
359 1088 399 1116 eo
425 1073 506 1132 ipso
529 1077 742 1118 incurrant
759 1101 774 1124 ‚
797 1074 824 1117 d
846 1073 926 1128 qud
961 1084 1091 1117 eorum
1118 1085 1255 1123 nemo,
1281 1073 1361 1127 nisi
1382 1074 1426 1116 in
1446 1076 1580 1116 mortis
1593 1074 1761 1116 articulo
1784 1075 2010 1131 constitutus
2023 1101 2038 1124 ,
2064 1073 2116 1114 ab
2129 1076 2207 1116 alio

238 1133 360 1188 qudm
386 1135 557 1175 Romano
588 1132 772 1189 Pontefice
794 1131 1040 1187 absolutionis
1068 1129 1291 1188 beneficium
1314 1134 1446 1175 valeat
1474 1130 1648 1175 obtinere
1661 1162 1674 1174 .

350 1189 429 1232 Sed
447 1200 493 1230 ne
522 1190 572 1230 iis
585 1213 601 1236 ,
628 1191 698 1244 qui
724 1193 767 1230 in
786 1189 1023 1232 humilitatis
1047 1186 1204 1243 Spiritu
1218 1216 1234 1240 ,
1254 1193 1392 1242 DEO,
1419 1191 1467 1239 δ’
1497 1190 1690 1248 Religioni
1705 1189 1860 1246 le'rvire
1885 1221 1901 1244 ,
1939 1193 1993 1242 ὠ·
2014 1194 2211 1246 poeniten·

235 1247 337 1294 tiam
363 1260 479 1303 agere
507 1245 619 1289 intra
643 1246 883 1302 Monasteria
909 1247 973 1287 vei
995 1251 1135 1289 Demos
1158 1249 1354 1301 regulares
1379 1253 1542 1304 cupiunt
1567 1277 1582 1299 ‚
1608 1251 1663 1292 ad
1672 1251 1860 1308 stmiium
1884 1250 2102 1306 hujusmodi
2120 1260 2213 1303 pro-

229 1306 400 1367 posttum
427 1308 493 1350 via
507 1303 665 1361 penitus
684 1303 958 1361 precludatur
971 1330 987 1354 ,
1001 1303 1272 1360 permittimus
1286 1332 1302 1356 ‚
1326 1316 1374 1348 ut
1387 1304 1560 1361 praefhti
1581 1308 1809 1363 illegitimi,
1838 1322 1886 1349 ex
1913 1309 2024 1349 diHis
2039 1307 2213 1359 incestu,

237 1375 310 1411 aut
323 1363 538 1424 sacrilegio
553 1364 684 1423 geniti
715 1362 770 1405 ad
792 1361 972 1406 habitum
998 1362 1281 1421 conversorum
1306 1393 1322 1417 ‚
1347 1365 1423 1422 sea
1440 1363 1687 1422 famulorum
1714 1393 1730 1416 ,
1767 1370 1811 1407 in
1837 1364 2087 1421 Monasleriis
2109 1390 2124 1413 ‚
2152 1367 2215 1407 vel

239 1423 433 1471 Domibus
459 1421 718 1480 Reguivribus
725 1420 988 1478 finientium
1010 1422 1256 1477 recipiantur
1268 1448 1283 1471 ‚
1304 1422 1358 1474 ὰ
1378 1425 1423 1466 in
1448 1423 1538 1480 ipsis
1554 1424 1801 1480 Monasteriis
1816 1453 1832 1476 ,
1846 1425 1923 1483 stu
1941 1425 2125 1467 Domibus
2142 1427 2215 1466 Re·-

234 1481 446 1542 gularibus
458 1507 474 1531 ‚
498 1482 555 1524 ad
563 1480 733 1540 servilia
754 1478 996 1537 ministeria,
1019 1482 1162 1522 viliora
1186 1478 1368 1539 ulfi-quia
1381 1510 1397 1533 ‚
1417 1483 1579 1525 humiles
1590 1482 1816 1540 fithiones
1837 1511 1853 1534 ,
1876 1494 1993 1540 atque
2025 1483 2221 1540 abjeHeta

223 1545 401 1603 struitia
425 1540 587 1584 admitti
606 1537 767 1598 poffinh
786 1551 832 1580 ea
858 1547 988 1581 tamen
1009 1538 1226 1582 conditione
1240 1568 1254 1591 ,
1280 1550 1327 1582 ut
1350 1542 1404 1583 ad
1425 1540 1603 1583 habitunt
1616 1542 1901 1599 Religifirum
1921 1569 1936 1591 ,
1968 1544 2030 1584 vel
2050 1547 2105 1584 ad
2116 1552 2215 1598 pro-

228 1601 453 1662 fiffloncm,
467 1612 587 1655 quam
601 1596 784 1654 Religiofi
805 1596 982 1642 emittere
992 1598 1127 1654 sblent
1140 1627 1154 1650 ‚
1175 1600 1427 1641 emittendam
1440 1627 1454 1648 ‚
1481 1612 1624 1642 necnon
1646 1601 1702 1642 ad
1713 1614 1839 1643 omnes
1854 1615 1928 1644 non
1941 1602 2047 1643 modo
2058 1602 2214 1658 sacros,

225 1661 306 1721 fid
321 1663 441 1702 etiam
462 1659 636 1703 Minores
665 1655 854 1704 Ordines,
879 1658 942 1698 vel
964 1656 1020 1697 ad
1047 1658 1276 1700 Cleriealem
1297 1659 1584 1710 choretim-em,
1606 1658 1772 1716 denique
1793 1660 1849 1701 ad
1870 1661 2007 1702 cunita
2039 1659 2216 1712 Ecclesia-

239 1719 334 1819 liiga
353 1715 502 1774 officia,
521 1716 579 1824 ἔ
590 1713 845 1832 sliestciiones,
873 1714 923 1763 θ’
946 1715 1001 1757 ad
1017 1715 1292 1773 ascendendum
1315 1719 1372 1761 ad
1388 1720 1544 1762 altiores
1565 1720 1717 1774 gradus
1734 1718 1825 1772 fint
1850 1723 1903 1760 eis
1925 1728 2053 1775 porte
2074 1729 2216 1775 perpe·

242 1787 286 1821 tu
333 1790 351 1819 c
438 1790 496 1827 e,
593 1788 612 1816 o
656 1781 806 1816 erate.

274 1866 278 1870 .
339 1776 503 1891 *Iggiesoad
525 1834 696 1888 reliquos
731 1832 820 1875 vera
842 1846 918 1876 non
953 1847 1001 1876 ex
1027 1834 1171 1892 incesta
1187 1835 1364 1894 prefato
1387 1864 1403 1888 ,
1439 1849 1505 1878 nec
1527 1835 1746 1894 sacrilegio
1767 1859 1783 1880 ‚
1805 1835 1885 1892 std
1905 1849 1953 1876 ex
1979 1838 2114 1890 quovis
2139 1835 2216 1874 allo

192 1942 195 1946 ,
245 1895 369 1938 minus
395 1893 563 1946 legitimo
589 1891 702 1933 thoro
727 1900 860 1942 natos,
871 1892 1058 1946 spurios,
1072 1894 1135 1934 vel
1148 1897 1348 1938 naturales
1370 1898 1515 1946 etiam,
1542 1905 1591 1938 ut
1603 1892 1827 1950 prefertur
1841 1923 1857 1945 ,
1881 1894 1945 1936 vel
1961 1894 2064 1935 alids
2089 1894 2220 1948 legiti-

244 1962 367 1996 matos
380 1978 395 2002 ,
419 1953 488 2006 qui
508 1946 552 1991 ob
578 1948 770 1992 meliorem
794 1952 889 1992 vite
901 1948 1068 2007 frugem
1098 1952 1334 2007 Religionem
1362 1952 1519 2005 ingredi
1544 1951 1707 2005 cupiunt
1731 1975 1748 1997 ‚
1763 1951 1975 2003 staini-m
2000 1978 2014 1999 ,
2040 1952 2091 1999 δ’
2117 1951 2221 1992 ordi·

245 2023 405 2061 namus,
427 2022 486 2051 ees
505 2007 561 2049 ad
585 2005 821 2063 Religionem
848 2006 1010 2051 admitti
1043 2022 1117 2051 non
1140 2008 1236 2068 poste
1250 2036 1264 2059 ,
1290 2019 1361 2051 aut
1385 2009 1546 2058 debere,
1578 2005 1781 2062 nfipritis
1806 2009 1964 2050 iliorum
1979 2010 2071 2049 vitii
2084 2012 2220 2059 &mo-

243 2070 354 2114 ribus
379 2068 590 2124 diligenter
615 2070 778 2122 cognitis
793 2092 808 2114 ‚
834 2066 889 2116 ῥυ
914 2066 1215 2123 circumstantiis
1238 2066 1424 2122 univerfis
1452 2094 1467 2116 ,
1507 2078 1596 2121 quc
1632 2068 1740 2107 circa
1773 2065 2022 2108 idoneitatem
2045 2069 2221 2124 perfinae

243 2125 487 2172 attendenda
509 2135 626 2166 erunt
640 2152 654 2175 ,
682 2123 958 2179 confideratis3
979 2137 1026 2166 ac
1055 2126 1100 2166 de
1129 2129 1337 2181 Religionis
1366 2127 1447 2167 zelo
1460 2154 1473 2176 ‚
1493 2127 1644 2179 pietate
1657 2152 1671 2175 ‚
1685 2129 1946 2179 integritate,
1971 2125 2019 2173 (9·
2043 2126 2220 2168 doHrina

232 2184 318 2245 fide
329 2185 457 2239 dignis
477 2179 704 2236 testimoniis
726 2179 819 2222 adeo
843 2182 1096 2222 commendati
1101 2179 1263 2238 fuerint
1278 2212 1294 2234 ‚
1317 2183 1409 2224 adeo
1434 2184 1574 2223 bonam
1600 2184 1789 2230 indolem,
1813 2183 1866 2232 ἀι
1877 2181 2075 2238 specimen
2087 2185 2219 2227 virta-

239 2246 292 2288 tic
304 2238 564 2300 praefiftrant
575 2266 591 2290 ,
614 2251 660 2281 ac
683 2248 745 2282 tot
776 2237 919 2282 merita
933 2238 985 2283 eis
999 2238 1277 2299 suffragentur
1292 2272 1306 2292 ‚
1333 2252 1378 2284 ut
1394 2240 1585 2298 desc-Hunc
1598 2242 1792 2282 natalium
1803 2240 2017 2296 suppleant
2030 2270 2046 2293 ,
2072 2257 2220 2286 eorum-

243 2298 318 2359 q'ne
337 2301 502 2354 receptio
524 2297 715 2356 universa
743 2297 952 2352 Religionis
978 2299 1165 2342 commodo
1193 2329 1209 2351 ,
1243 2300 1292 2348 θ’
1311 2301 1488 2343 utilitati
1512 2296 1730 2354 profutura
1760 2299 1943 2342 videatur
1969 2330 1981 2342 .
2029 2299 2078 2344 Et
2090 2302 2218 2359 super

242 2359 311 2403 boc
332 2358 413 2418 ipfi
435 2358 480 2400 in
501 2357 689 2400 Generali
710 2358 775 2399 vel
804 2358 1038 2401 Provinciali
1059 2359 1242 2413 capitulo
1267 2388 1281 2411 ‚
1320 2370 1479 2401 matura
1505 2358 1783 2401 deliberatione
1811 2357 1951 2400 habita
1972 2390 1988 2411 ,
2017 2362 2220 2403 Generalis

241 2420 308 2461 vel
329 2416 585 2461 Provincialis
613 2414 831 2472 Superioris
849 2444 863 2468 ,
887 2430 933 2459 ac
962 2416 1233 2475 Diffinitorum
1261 2418 1440 2461 unanimi
1460 2417 1636 2479 eonstnstt
1662 2416 1873 2472 approbati
1896 2443 1911 2465 ,
1947 2418 1995 2466 ἐς
2025 2419 2077 2459 ad
2103 2420 2220 2460 babi-

241 2486 328 2522 tunt
341 2478 398 2520 Rc
422 2477 574 2521 ulai-em
595 2473 957 2533 admifficxtiterint
970 2490 984 2519 ε
1010 2476 1202 2524 &tamen
1223 2477 1267 2517 bi
1278 2478 1339 2530 ste
1363 2477 1509 2531 recepti
1529 2472 1584 2519 aii
1598 2476 1748 2531 gradus
1779 2501 1794 2524 ,
1823 2475 1980 2517 bonores
2013 2477 2065 2526 &
2086 2477 2218 2531 digni·

240 2539 343 2581 tates
359 2491 438 2592 1ξί
461 2531 624 2578 ordinis
652 2534 1073 2592 obtinendasptrpetuo
1093 2534 1282 2578 inhabiles
1298 2566 1311 2588 ,
1325 2538 1380 2588 ὰ
1400 2539 1559 2579 illorum
1575 2540 1771 2589 incapaces
1782 2543 2033 2583 remaneant,
2058 2535 2218 2592 niststi·

229 2603 314 2652 por
327 2594 396 2636 boc
417 2605 505 2636 eant
526 2593 578 2636 eis
592 2592 733 2652 suerit
754 2592 993 2639 aniioritote
1018 2593 1234 2650 Apostolica
1246 2594 1480 2654 specialiter
1509 2594 1767 2652 dispensatum
1782 2622 1794 2634 .
1828 2598 1870 2636 si
1893 2599 1979 2650 qais
2003 2603 2131 2635 autem
2156 2608 2217 2635 eo-

240 2666 331 2698 rum
359 2650 602 2707 aliisquo,
628 2661 674 2696 nt
695 2648 918 2708 prefirtnr
937 2680 953 2704 ,
979 2651 1217 2709 recipietur,
1237 2652 1415 2712 profeffio
1426 2653 1620 2711 stmiliter
1649 2653 1763 2695 nulla
1782 2652 1871 2709 fit,
1899 2663 2018 2708 atque
2044 2652 2120 2708 ipsi
2144 2653 2215 2694 ba·

241 2711 335 2755 bitu
349 2708 513 2767 privari
526 2724 545 2762 3
567 2708 621 2758 θ
638 2710 666 2751 d
693 2711 893 2765 Religionc
917 2709 1008 2753 e'ici
1032 2712 1223 2763 debeant,
1246 2726 1453 2770 corumque
1476 2723 1688 2771 receptores
1702 2740 1717 2765 ,
1741 2710 2149 2761 excommunicatione,
2174 2721 2219 2755 ut

231 2769 392 2827 sitprd,
418 2766 597 2814 innodati
623 2766 704 2827 ipr
713 2765 826 2823 fabio
849 2772 915 2809 exi
947 2778 1020 2812 ant
1035 2801 1049 2811 .
1424 2817 1428 2824 ἡ

362 2823 573 2877 cntertim,
587 2826 771 2880 quoniam
783 2825 894 2881 sapi
907 2827 959 2885 st
981 2831 1086 2871 vitia
1108 2831 1318 2885 ingerunt,
1343 2831 1393 2879 ὅ
1404 2831 1455 2889 st
1476 2831 1546 2889 ff
1568 2834 1736 2874 virtutes
1761 2832 2032 2879 mentiuntur,
2058 2843 2105 2872 ac
2117 2831 2221 2871 mul-'

243 2884 281 2931 ti
301 2884 508 2928 dicei-'iores
522 2882 610 2943 post
630 2883 900 2940 'dilapidatam
923 2900 1006 2930 rem
1013 2884 1266 2946 fhmiliarem
1290 2919 1306 2941 ,
1337 2889 1387 2937 (5
1416 2888 1656 2932 contraHam
1682 2892 1874 2944 ingentem
1902 2887 1984 2927 vim
2010 2891 2100 2929 eris
2126 2890 2222 2928 alie-

245 2945 316 2997 ni,
341 2950 410 2987 aut
438 2941 700 3000 interversam
722 2945 894 2986 alienam
906 2946 1114 3002 pecuniam
1137 2961 1267 2989 eorum
1286 2947 1384 3004 fidei
1416 2949 1605 2992 creditam
1633 2975 1648 2996 ,
1675 2955 1722 2988 ut
1751 2944 1961 2988 ratiocinia
1989 2944 2182 3003 ffigiant
2205 2974 2218 2986 .

245 3001 336 3048 Alii
350 3000 438 3059 post
430 3001 605 3104 ἄρηα,
629 3000 840 3045 latrocinia
852 3031 868 3054 ,
890 3006 1075 3059 rapinas,
1097 3005 1304 3049 homicidia
1317 3034 1331 3056 ‚
1352 3008 1484 3049 aliave
1495 3006 1687 3064 facinora
1706 3013 1900 3060 patrata,
1931 3007 2050 3044 etiam
2076 3002 2217 3044 banni.

243 3065 306 3111 8³⁹³
333 3071 406 3106 ΒΜ
455 3060 718 3116 Μᾶῖέ,]ἓ14
745 3061 812 3116 qu?
834 3063 995 3106 meritas·
1008 3073 1088 3121 pro
1098 3062 1191 3122 sicis
1210 3063 1360 3108 delitiis
1377 3074 1511 3120 penas
1531 3073 1708 3106 metuunt
1733 3090 1747 3112 ,
1769 3077 1843 3105 non
1864 3061 1935 3118 pia
1966 3064 2181 3103 intentione
2202 3090 2217 3114 ‚

234 3120 313 3179 fid
330 3120 387 3163 ad
410 3119 634 3164 evitandam
659 3121 788 3178 legum
806 3119 855 3168 b·
871 3120 1107 3177 judiciorum
1117 3122 1376 3179 severitatem
1389 3152 1403 3175 ‚
1428 3122 1522 3179 quia
1547 3121 1633 3166 tuti
1659 3122 1702 3164 in
1707 3121 1854 3178 seculo
1879 3125 2009 3161 vivere
2037 3132 2111 3160 non
2127 3118 2217 3177 pos:

225 3176 336 3238 'fiat
348 3188 486 3230 ,ritmo
507 3179 660 3222 demum
682 3187 870 3236 querunt
893 3182 921 3224 d
944 3180 1142 3240 Religione
1159 3185 1352 3226 auxilium
1375 3212 1392 3233 ,
1414 3184 1566 3238 quando
1594 3181 1751 3225 aliunde
1783 3181 1888 3224 illud
1923 3192 1998 3221 non
2017 3178 2190 3234 sperant
2203 3209 2218 3232 ‚

245 3237 458 3296 «nih-stab
472 3237 635 3289 babitu,
665 3239 716 3289 θ’
745 3238 895 3281 nomine
920 3239 1202 3297 Religiesorum
1214 3270 1230 3293 ,
1259 3242 1432 3285 animum
1460 3243 1651 3297 Religioni
1678 3243 1879 3283 inimicum
1911 3238 1964 3289 &-
1994 3240 2216 3280 inveterata

250 3294 351 3340 vina
372 3297 570 3349 meinent,
595 3310 717 3355 neque
740 3299 837 3341 alios
850 3323 865 3344 a
889 3298 1117 3355 quisanHa
1135 3303 1330 3345 vocatione
1351 3301 1476 3343 vocati
1481 3302 1586 3361 sient
1598 3329 1613 3352 ,
1628 3302 1844 3356 patiuntur
1865 3297 2085 3350 tranquilli
2099 3299 2219 3339 Divi·

253 3353 528 3415 ΜῘἿΨΙΙῙῘ*
549 3356 746 3414 “finires
769 3362 811 3398 in
834 3370 999 3413 gravem
1027 3361 1106 3400 Dei
1127 3358 1338 3418 offlnfim,
1363 3358 1574 3416 Religionis
1599 3357 1846 3415 opprobrium
1875 3385 1890 3408 ,
1920 3353 2218 3415 &fiandalum

245 3411 537 3474 pistorum,
559 3425 605 3460 nt
629 3416 688 3459 bis
720 3429 870 3472 quoque
881 3416 1137 3477 subterfugii
1160 3418 1215 3470 ἀι
1237 3418 1486 3475 impunitatis
1493 3420 1583 3478 spes
1608 3416 1729 3461 omnis
1753 3417 1922 3459 tollatur
1937 3442 1951 3464 ‚
1978 3414 2215 3456 auiioritace

257 3468 473 3533 Apostolieo
486 3484 513 3527 ,·
529 3473 579 3524 θ’
601 3484 730 3519 tenore
748 3474 1005 3534 presentium
1021 3504 1036 3529 ,
1059 3479 1180 3519 etiam
1188 3478 1379 3534 perpetuo
1391 3477 1607 3535 statuimus
1633 3506 1647 3528 ‚
1670 3477 1723 3526 &v
1749 3475 1971 3517 ordinamus
1992 3502 2008 3524 ,
2030 3472 2213 3530 juveneta

254 3536 327 3570 am
353 3532 459 3576 viros
483 3533 663 3584 aazias,
689 3535 855 3592 majores
869 3535 1071 3590 stxdecim
1099 3540 1211 3579 annis
1241 3567 1255 3589 ,
1289 3549 1365 3579 non
1408 3537 1528 3579 aliter
1555 3540 1598 3578 in
1627 3536 1802 3589 aliquam
1833 3535 2069 3591 Religionem
2097 3533 2216 3587 recipi

251 3585 354 3652 pff
365 3611 381 3634 υ
407 3599 472 3629 ⁹¹00
501 3589 660 3642 debere,
689 3593 766 3648 nist
777 3592 894 3651 pritis
921 3596 964 3638 de
987 3608 1118 3639 eorum
1140 3595 1366 3640 Parentibus
1378 3622 1393 3646 ,
1397 3594 1564 3649 patria,
1587 3595 1705 3648 deque
1715 3592 1897 3636 anteaHa
1922 3593 2010 3633 vita
2023 3620 2036 3643 ‚
2064 3591 2118 3640 ῥ’
2136 3605 2212 3632 mo·

254 3644 365 3687 ribus
395 3644 599 3701 diligenter
620 3654 856 3706 inquiratur
872 3682 887 3706 ,
910 3654 963 3705 &
994 3670 1039 3697 ex
1067 3664 1254 3698 accurata
1276 3652 1579 3711 informatione,
1611 3653 1663 3704 &⁴
1675 3651 1758 3709 fide
1778 3657 1898 3708 digna
1917 3652 2103 3693 relatione
2115 3661 2208 3710 cam—

250 3711 412 3760 perium
448 3703 498 3753 δ’
525 3708 766 3763 exploratum
777 3710 842 3768 sit
855 3742 871 3765 ‚
900 3727 959 3756 eos
982 3727 1103 3770 neque
1136 3713 1356 3769 aliquorum
1397 3712 1605 3757 criminum
1631 3738 1647 3762 ,
1679 3713 1813 3767 qualia
1834 3712 1938 3769 fient
1967 3705 2168 3822 horfia-idm
2194 3730 2208 3753 2

2039 3772 2131 3805 urta
2145 3786 2159 3809 2
