2444 4192
735 226 895 312 Sub
959 227 1353 314 Benediffo
1413 229 1558 314 XI
1578 231 1674 316 V.

205 382 352 429 adduci
369 382 550 439 poffunt,
577 391 620 425 ut
635 382 801 441 aliquod
830 394 1037 435 peccatum
1055 389 1164 428 suum

202 444 415 486 ordinario
427 440 678 487 Confeffario
692 439 963 484 confiteantur
975 456 991 494 ς
1004 445 1104 486 adeo
1118 453 1164 485 ut

202 501 355 545 neceffe
370 502 534 544 omnino
550 500 594 542 fit
607 525 622 548 2
636 500 801 544 alterius
831 498 1068 542 Conseffarii
1095 514 1162 541 co.

199 561 307 617 piam
321 559 407 616 ipfis
426 560 634 616 suppetere
649 584 663 608 ,
686 567 732 601 ut
748 557 852 612 apud
870 558 976 599 hunc
1003 559 1054 601 de
1068 571 1161 610 pec-

201 620 303 663 catis
316 619 391 661 suis
405 617 560 674 integre
572 645 590 668 ,
605 616 684 659 rit'e
697 641 712 665 2
724 626 845 670 atque
858 615 1016 658 utiliter
1031 613 1158 659 confi·

199 678 277 719 teri
304 675 472 732 poffint.
504 675 550 719 ld
573 675 699 732 ipsum
725 672 856 730 probis
870 673 1154 717 animadvertit

196 739 368 792 Magnus
392 734 575 778 Ecclefiae
605 732 680 776 Dei
706 732 895 776 Sacerdos
923 730 1153 775 §.Carolus

196 796 448 837 Bon-omaus
460 821 475 844 ,
488 793 557 849 qui
576 790 748 846 pra-dicti
780 790 960 835 Concilii
979 790 1152 832 Triden-

195 853 270 894 tini
290 844 581 896 absolutionem
607 863 685 906 ope
697 847 764 892 sua
781 848 1000 904 plurimum
1015 846 1122 901 iuvit
1137 875 1152 898 ‚

195 909 354 966 ejusque
364 909 645 954 executionem
658 907 1000 951 &observantiam
1029 906 1067 949 in
1085 907 1150 949 sua

192 969 477 1013 Mediolanensi
491 968 726 1011 civitate&
744 968 957 1010 Provincia
977 979 1058 1008 non
1073 965 1152 1008 fine

189 1028 393 1070 immensis
407 1026 608 1071 laboribus
620 1027 661 1068 &
671 1025 776 1069 curis
789 1026 940 1070 invexit
951 1038 968 1078 3
993 1025 1032 1066 Is
1043 1027 1152 1067 enim

190 1086 267 1129 hac
280 1086 332 1129 de
346 1101 388 1129 re
403 1088 457 1128 ita
471 1085 656 1128 decrevit
670 1096 687 1136 ζ,
709 1086 900 1128 Praeterea
912 1087 1151 1140 superarer,

189 1157 238 1186 ex
260 1144 409 1187 decreto
425 1146 541 1186 Sacri
560 1145 781 1186 Tridentini
809 1144 975 1187 Concilii
989 1172 1006 1194 ,
1037 1150 1152 1197 quot-

187 1205 302 1244 annis
313 1202 489 1244 idoneum
504 1201 626 1258 Conse
657 1215 762 1244 orem
788 1200 1151 1244 extraordinarium

186 1259 428 1303 Monialibus
441 1257 530 1311 sthi
542 1259 602 1314 st‘
620 1258 736 1315 jeffir
759 1258 992 1310 exhibeant,
1007 1260 1068 1301 cui
1082 1272 1152 1300 cu·

183 1324 274 1360 rme
287 1345 302 1368 ‚
315 1325 362 1360 ut
375 1315 566 1372 universe
579 1314 839 1370 confiteantur
852 1341 867 1364 ‚
887 1325 947 1363 ut,
964 1329 1052 1371 que
1076 1316 1151 1357 bu-

178 1373 350 1432 jufmodt'
362 1373 539 1429 Indiga-ut
552 1373 741 1416 medicina
754 1401 769 1425 ‚
787 1382 955 1429 propter
973 1375 1150 1429 aliquem

185 1434 375 1476 occultum
387 1436 531 1475 anime
544 1433 718 1475 morbum
733 1457 748 1479 ,
776 1444 897 1484 neque
919 1430 1011 1489 ipsc
1021 1444 1151 1476 eam„

180 1490 379 1550 postulare
393 1517 408 1540 ‚
431 1499 504 1532 aut
515 1494 687 1547 accipere
700 1488 752 1531 ab
775 1487 918 1545 usitato
933 1487 1151 1546 Confifflre

184 1563 358 1606 unquam
368 1549 550 1592 auderent
565 1578 579 1599 ‚
607 1547 769 1591 liberidr
783 1547 925 1590 mederi
935 1546 1026 1605 fisis
1039 1548 1151 1589 malls

179 1608 318 1667 pofflnt
330 1622 399 1658 ,ac
415 1608 577 1653 Diaboli
589 1609 743 1663 laqueos
754 1608 913 1650 evadere
926 1633 940 1655 ‚
959 1607 1042 1649 und
1065 1620 1151 1648 cum

185 1670 348 1723 reliquis
373 1663 612 1725 Conftffirlo
635 1676 732 1709 novo
743 1665 826 1724 fita
849 1675 1012 1722 peccata
1036 1665 1138 1720 const

184 1727 298 1770 tendo
329 1741 416 1778 =‚
447 1729 505 1768 uti
535 1726 670 1780 legere
695 1724 750 1767 est
780 1730 823 1767 in
850 1724 960 1769 ,mis
980 1723 1151 1780 Ecclest'ae

186 1780 631 1842 Mediolanen.impreffi
639 1792 736 1826 anno
757 1795 883 1840 1599.
895 1792 989 1838 pag.
995 1794 1060 1838 53.
1078 1811 1092 1833 ‚
1106 1781 1150 1823 in

184 1843 367 1887 Editione
385 1854 514 1887 autem
533 1841 782 1899 Lugdunenst
796 1853 889 1885 tom.
900 1855 932 1884 ι.
944 1842 1115 1896 pag.46.

303 1904 430 1945 Porro
455 1901 696 1958 quicumque
715 1901 957 1945 Conciliaris
979 1900 1144 1943 Decreti

134 1965 137 1969 ’
185 1958 314 2004 sensus
339 1962 496 2017 penitus
511 1961 794 2016 introspexerit
810 1989 824 2011 ,
848 1974 928 2002 non
946 1958 1071 2001 modo
1089 1957 1150 2000 sa·

184 2021 360 2063 lutarem
375 2019 480 2062 illius
496 2019 794 2074 providentiam
809 2018 928 2061 facile
942 2015 1149 2073 agnoscet,

184 2078 251 2122 sed
275 2076 652 2132 &circumspectam
680 2075 856 2133 ejusdem
883 2080 1153 2132 aequitatem..

185 2137 323 2180 mirari
337 2137 504 2180 debebit
519 2165 531 2178 .
552 2136 832 2192 Superioribus
849 2140 956 2179 enim
973 2146 1148 2178 tantum-

180 2195 310 2238 modo
341 2195 588 2252 injungitur‚
614 2206 660 2238 ut
674 2195 828 2238 duabus
850 2194 1026 2238 tribusve
1045 2195 1143 2236 vici·

182 2255 254 2297 bus
272 2251 373 2296 infra
401 2267 576 2306 annum,
601 2251 891 2297 Confeffarium
916 2254 1144 2297 extraordi-

181 2313 340 2358 narium
355 2312 601 2355 Monialibus
617 2313 831 2355 exhibeant
845 2326 862 2366 3
885 2313 941 2354 bis
953 2339 968 2362 ‚
993 2322 1064 2354 aut
1078 2322 1144 2354 ter

179 2376 225 2414 tn
238 2385 338 2413 anno
355 2369 546 2431 iffi-atur
558 2383 575 2424 3
606 2370 844 2427 Huiusmodi
868 2383 1004 2414 autem
1030 2371 1142 2413 Con·

181 2429 355 2474 fetrarias
376 2431 538 2485 jubetur
556 2444 693 2473 earum
720 2429 899 2473 omnium
915 2428 1142 2473 Conseffio-

178 2502 248 2531 ucs
261 2489 446 2543 excipere
460 2499 688 2544 ‚quotquot
709 2488 843 2532 eidem
867 2487 1053 2532 confiteri
1074 2502 1142 2531 ve-

96 2585 97 2588 ,
130 2558 134 2564 ’
150 2550 163 2578 -”
176 2546 403 2604 lint=Qui
413 2545 828 2600 omiumconfbsp'ones
842 2549 979 2589 audire
991 2547 1142 2588 debeat.

143 2603 153 2616 ”
167 2607 323 2664 ,Neque
351 2615 485 2647 tamen
511 2604 695 2646 omnibus
711 2604 752 2644 Gr.
764 2604 924 2659 lingulis
952 2605 1140 2647 Moniali-

174 2661 251 2707 bus
284 2660 520 2719 pmipitur
535 2688 551 2713 ,
579 2672 623 2705 ut
637 2671 802 2716 peccata
830 2661 895 2705 sua
911 2663 1139 2705 extraordi-

176 2721 291 2765 nario
318 2717 533 2765 Sacerdoti
555 2717 830 2762 ‘confiteantur
853 2748 865 2761 .
890 2721 1007 2763 Nihil
1025 2719 1135 2764 aliud

175 2781 283 2824 enim
309 2776 526 2833 requiritur
551 2778 600 2819 ab
618 2775 805 2819 omnibus
827 2777 867 2819 in
889 2778 1136 2820 Monasterio

175 2832 411 2895 degentibus
424 2862 439 2886 ,
453 2844 535 2877 tam
550 2834 703 2878 scilicet
720 2833 743 2876 ἃ
758 2834 1015 2890 Superior-iffa
1029 2865 1043 2885 ‚
1060 2850 1132 2879 cae-

175 2894 353 2952 terisque
381 2892 625 2937 Monialibus
637 2891 818 2946 Proseffis
831 2920 846 2944 ‚
870 2902 992 2948 atque
1008 2894 1138 2937 Novi.

173 2956 240 3000 tiis
254 2981 270 3005 ,
286 2953 404 3012 quim
418 2951 441 2996 d
457 2951 738 3001 Saecularibus,
749 2965 835 3008 quae
850 2952 911 2994 vel
925 2952 1133 2995 educatio-

177 3014 239 3058 nis
253 3011 373 3057 causa
388 3039 403 3064 ,
417 3010 481 3054 vel
497 3010 579 3054 alio
594 3010 720 3053 titulo
731 3035 745 3058 ‚
768 3012 808 3052 in
820 3011 967 3053 eodem
990 3014 1134 3054 Mona-

175 3073 296 3123 sserio
307 3084 400 3115 cum
414 3068 563 3113 debitis
591 3065 851 3113 facultatibus
875 3082 1133 3112 commoran-

174 3142 244 3175 tur
259 3159 274 3184 ,
285 3129 352 3173 nist
369 3139 412 3171 ut
427 3127 755 3171 extraordinario
779 3125 1031 3170 Confeflario
1057 3128 1133 3170 (in-

174 3189 275 3248 gulae
290 3188 327 3233 se
341 3187 470 3231 (issant
483 3215 497 3239 ,
515 3185 595 3230 five
607 3186 657 3229 ad
673 3186 996 3230 sacramentalem
1013 3189 1130 3230 Con·

173 3247 374 3292 senionem
385 3245 491 3303 apud
508 3245 651 3301 ipsum,
664 3244 688 3288 fi
711 3245 925 3301 placuerit,
938 3258 1131 3300 peragen-

173 3305 267 3350 dam
281 3333 296 3358 ,
321 3308 399 3348 five
421 3304 471 3348 ad
485 3303 671 3347 salutaria
686 3304 836 3347 monita
849 3333 863 3356 ,
879 3304 1001 3346 etiam
1016 3314 1132 3347 extra

173 3361 499 3408 sacramentalem
517 3361 835 3414 Conseffionem,
846 3364 897 3406 ab
918 3362 998 3419 ipso
1023 3365 1131 3405 acci-

174 3422 487 3479 pienda-Atque
502 3423 559 3465 ita
575 3421 881 3478 prudentissime
897 3420 1129 3465 consultum

174 3481 230 3524 est
242 3509 256 3532 ,
268 3492 339 3531 ne,
353 3479 380 3538 li
393 3481 592 3525 Moniales
604 3481 746 3537 aliquae
761 3481 1129 3524 extraordinarium

176 3536 470 3584 Confeffarium
490 3540 649 3583 adirent
662 3569 678 3593 ,
696 3539 780 3583 aliae
796 3549 928 3582 autem
952 3553 1128 3583 coram-a

171 3594 258 3653 ipso
271 3610 352 3639 non
362 3610 659 3652 comparerent,
675 3596 914 3653 suspiciones
928 3608 1047 3654 atque
1059 3600 1128 3641 ob.

172 3655 403 3698 locutiones
419 3655 707 3710 excitarentur-3
721 3659 761 3699 ἃ.
775 3656 848 3700 illae
860 3656 1022 3713 quidem
1036 3672 1128 3700 cen·

170 3716 354 3757 serentur
368 3712 598 3757 neceffarias
613 3717 786 3760 habuisse
799 3715 948 3768 causas,
961 3718 1016 3759 ob
1029 3729 1125 3772 quas

169 3774 220 3815 ad
253 3772 567 3816 extraordinarii
590 3787 708 3829 opem
734 3774 958 3832 confugere
983 3778 1126 3817 coactae

1965 271 2108 350 331

1224 387 1297 428 bus
1311 415 1326 437 ,
1338 388 1375 428 δι
1391 384 1515 427 cautis
1533 383 1729 424 immunes
1742 382 2028 438 judicarentur.
2042 396 2172 450 Qam

1222 444 1366 497 agendi
1380 443 1577 483 rationem
1593 444 1797 482 communi
1811 442 2028 486 Doctorum
2043 453 2175 493 calcu.

1222 501 1267 542 lo
1294 500 1598 552 comprobatam
1620 526 1634 548 ,
1658 498 1724 539 san
1759 513 1877 540 mem.
1914 503 2171 549 Praedeceffor

1216 557 1352 600 noster
1370 555 1560 599 Clemens
1574 558 1677 610 Papa
1695 559 1771 599 Xl.
1789 557 1932 599 Edicto
1946 558 2028 610 sun,
2040 561 2173 616 (quod

1217 615 1270 658 est
1286 618 1326 658 X
1332 617 1368 657 V.
1381 614 1596 672 inſscunda
1602 623 1723 668 parte
1736 615 1851 669 ipsius
1876 617 2087 674 Bullart't')
2114 621 2174 662 in·

1216 673 1454 716 violabiliter
1482 670 1630 715 servari
1661 675 1897 726 mandavit,
1927 676 2174 732 eandemque

1213 734 1391 776 omnium
1407 729 1640 782 Dioecestim
1651 731 1903 775 consuetudo
1917 735 2175 788 recepit.Nec

1213 790 1323 835 aliud
1346 789 1478 834 Nobis
1504 791 1579 831 hac
1602 789 1643 831 in
1659 804 1705 832 re
1717 790 1947 834 addendum
1972 792 2145 848 superest
2160 821 2174 844 ‚

1213 850 1281 893 nifi
1293 879 1308 901 ,
1323 859 1368 892 ut
1385 847 1649 891 Venerabiles
1665 850 1826 892 fratres
1855 850 2011 895 nostros
2029 852 2173 894 Eccle-

1212 911 1355 953 siarum
1371 906 1580 949 Antistites
1593 906 1709 949 enixe
1726 908 2171 965 hortemur2ut,quam-

1214 969 1273 1010 vis
1301 966 1540 1010 Tridentina
1556 965 1745 1019 synodus
1768 967 1821 1008 de
1835 965 1927 1008 solis
1947 968 2171 1010 claustrali·

1213 1028 1285 1070 bus
1300 1024 1544 1069 Monialibus
1570 1025 1610 1066 in
1626 1022 1819 1079 praemiss'o
1844 1025 2014 1068 decreto
2029 1026 2171 1082 loqua-

1212 1095 1303 1133 tur,
1319 1082 1580 1129 nihilominus
1594 1082 1762 1124 eandem
1774 1080 1985 1139 disciplinae
2001 1083 2171 1127 formam

1210 1143 1448 1190 observent,
1472 1152 1556 1184 tam
1569 1155 1663 1185 cum
1676 1141 1764 1184 aliis
1783 1142 2027 1184 Monialibus
2043 1172 2057 1193 ,
2071 1157 2174 1198 quae,

1212 1202 1311 1247 licet
1326 1198 1524 1245 Clausurae
1536 1201 1692 1258 legibus
1707 1201 1867 1243 minime
1882 1201 1930 1243 ad
1938 1201 2069 1244 stristae
2083 1201 2174 1254 lint,

1212 1263 1254 1306 in
1277 1260 1572 1306 communitate
1596 1272 1731 1303 tamen
1748 1259 2057 1315 vivunt3quam
2079 1274 2172 1303 cum

1212 1321 1384 1364 aliarum
1419 1332 1764 1375 quarumcumque
1811 1320 2031 1361 Mulierum
2062 1347 2076 1370 ,
2103 1328 2173 1360 aut

1211 1376 1449 1421 Puellarum
1482 1377 1702 1427 Coetibus,
1722 1374 1788 1421 seu
1819 1376 2171 1425 Conservatoriis,

1210 1436 1371 1490 quoties
1385 1444 1468 1477 tam
1493 1432 1596 1481 illae,
1622 1434 1741 1490 quim
1764 1434 1840 1475 inae
1858 1435 2019 1476 unicum
2050 1433 2178 1475 Ordi-

1212 1492 1368 1535 narium
1394 1492 1652 1535 Poenitcntiae
1669 1491 1898 1537 Ministrum
1911 1493 1934 1536 a
1950 1492 2176 1547 Superiori·

1211 1550 1282 1595 bus
1298 1549 1545 1606 designatum
1562 1549 1735 1594 habeant
1747 1576 1760 1591 .
1777 1551 2054 1607 Quacumque
2067 1550 2175 1593 enim

1212 1610 1319 1653 circa
1337 1608 1535 1652 Monialcs
1566 1608 1604 1649 in
1631 1607 1810 1663 rigorosa
1835 1606 2017 1650 clausura
2034 1609 2178 1651 viven-

1212 1678 1271 1712 tes
1286 1667 1464 1710 cavenda
1484 1665 1588 1718 sunt,
1603 1667 1745 1708 eadem
1758 1667 1797 1708 in
1813 1665 1902 1708 aliis
1924 1666 2177 1722 quibuscum-

1210 1741 1287 1783 que
1306 1725 1546 1768 Mulieribus
1562 1752 1576 1774 ‚
1592 1725 1669 1766 sive
1697 1724 1982 1780 Regularibus,
2003 1725 2078 1769 five
2093 1727 2171 1770 δἐ-

1209 1786 1447 1829 cularibus.
1471 1785 1512 1826 in
1539 1787 1868 1835 communitate,
1894 1791 1962 1825 aut
1980 1786 2172 1841 Collegio

1207 1846 1448 1899 degentibus
1461 1869 1475 1890 ‚
1492 1843 1625 1884 locum
1641 1842 1788 1884 habere
1804 1841 2166 1899 poffunt3ideoque

1209 1903 1295 1960 pari
1308 1901 1562 1958 providentia
1579 1928 1591 1952 ,
1606 1900 1821 1958 iisdemque
1850 1902 2038 1942 remediis
2058 1915 2174 1944 arce·

1209 1963 1273 2013 ri,
1288 1972 1355 2005 aut
1372 1959 1574 2003 emendari
1589 1958 1737 2002 debent
1753 1988 1766 2003 .
1795 1959 1847 2002 Et
1867 1963 1955 2001 Nos
1971 1960 2137 2016 quidem
2155 1990 2170 2012 ,

1207 2034 1330 2074 quum
1358 2020 1459 2061 hanc
1486 2010 1816 2061 consuetudinem
1837 2017 2034 2061 offerendi
2061 2022 2172 2062 Con-

1208 2077 1382 2122 feffarios
1396 2076 1738 2119 extraordinarios
1753 2077 1828 2128 bis,
1841 2087 1909 2119 aut
1927 2086 1992 2118 ter
2007 2076 2045 2119 in
2061 2091 2168 2120 anno

1207 2136 1369 2193 singulis
1394 2145 1477 2177 tam
1509 2134 1748 2178 Monialium
1774 2149 1853 2178 nou
1880 2135 2169 2178 Claustralium

1206 2194 1579 2254 Communitatibus
1595 2223 1609 2246 ‚
1630 2196 1748 2250 quam
1769 2194 1840 2250 piis
1862 2194 2034 2240 aliarum
2055 2194 2171 2237 Puel-

1205 2257 1331 2299 larum
1342 2254 1385 2295 &
1399 2251 1616 2296 Mulierum
1631 2253 1819 2296 Coetibus
1833 2253 1873 2294 &
1886 2253 2172 2296 Communita·

1204 2315 1310 2358 tibus
1343 2314 1381 2355 in
1408 2310 1538 2353 nostra
1565 2312 1747 2354 Civitate
1768 2314 1808 2354 δι
1839 2312 2010 2355 Dioecefi
2033 2313 2170 2354 Bono-

1204 2373 1325 2416 nienfi
1353 2370 1652 2424 induxerimu33
1675 2370 1783 2426 (qua
1796 2370 1848 2413 de
1877 2385 1919 2413 re
1934 2382 2044 2414 extat
2064 2371 2165 2413 Edi·

1202 2436 1307 2474 c’tum
1328 2431 1505 2472 nostrum
1533 2444 1638 2472 num.
1658 2432 1764 2472 LVI.
1805 2430 1912 2472 inter
1942 2430 2167 2474 Pastor-ales

1203 2490 1476 2534 Institutiones
1491 2490 1639 2531 Italico
1654 2488 1824 2543 primum
1847 2490 2023 2532 sermone
2037 2491 2056 2530 a
2076 2492 2165 2531 No-

1203 2551 1263 2591 bis
1295 2548 1480 2603 vulgatas
1509 2577 1524 2598 ,
1545 2548 1775 2604 deindeque
1801 2548 1840 2589 in
1865 2546 2036 2590 latinum
2066 2561 2168 2590 con-

1203 2606 1361 2663 versas)
1385 2607 1574 2650 omnibus
1596 2606 1728 2649 testari
1754 2604 1952 2662 possumus
1973 2635 1986 2658 ,
2004 2606 2067 2648 vel
2095 2620 2164 2662 po.

1200 2667 1278 2710 tius
1295 2667 1487 2708 debemus
1502 2692 1516 2713 ,
1535 2667 1703 2707 uberem
1729 2663 1994 2720 spiritualium
2010 2665 2167 2706 utilita-

1198 2734 1287 2768 tum
1316 2722 1476 2766 mess'em
1499 2724 1691 2766 Nosinde
1709 2723 1920 2765 evidenter
1943 2723 2166 2778 collegisse.

1311 2784 1452 2838 Quum
1488 2784 1586 2826 vero
1621 2784 1735 2838 super
1765 2780 1884 2824 relati
1918 2783 2163 2826 Conciliaris

1198 2837 1353 2883 Textfis
1389 2839 1655 2891 intelligentia
1687 2840 1889 2883 nonnulle
1925 2840 2160 2894 questiones

1195 2897 1294 2940 alias
1309 2895 1493 2939 excitatae
1508 2925 1522 2947 ,
1545 2894 1775 2951 eaedemque
1800 2894 1880 2950 jam
1900 2897 2060 2950 pridem
2087 2913 2157 2950 per

1194 2964 1424 3010 opportuna
1439 2954 1556 3000 Sedis
1570 2953 1810 3010 Apostolicae
1837 2954 2001 2997 decreta
2015 2954 2159 2998 defini·

1194 3023 1243 3056 tae
1266 3011 1440 3066 suerint,
1467 3026 1598 3069 opcrae
1621 3011 1800 3069 pretium
1826 3011 2006 3056 ducimus
2028 3013 2153 3066 hujus·

1193 3071 1304 3114 modi
1317 3069 1574 3114 definitiones
1590 3073 1640 3114 ab
1655 3073 1842 3114 omnibus
1855 3100 1870 3123 ,
1894 3071 1944 3113 ad
1959 3086 2060 3129 quos
2076 3072 2160 3128 spe·

1190 3134 1299 3182 aar,
1325 3130 1488 3172 omnino
1513 3130 1737 3181 tenendas,
1765 3140 1885 3186 atque
1911 3131 2154 3184 servandas,

1193 3190 1255 3231 his
1276 3188 1421 3231 nostris
1437 3189 1684 3245 Apostolicis
1698 3190 1844 3232 litteris
1859 3191 2071 3247 compieffi
2089 3219 2102 3243 ,
2115 3193 2155 3235 δι

1191 3248 1441 3290 auctoritatis
1455 3262 1615 3303 quoque
1641 3249 1782 3291 nostrae
1805 3248 1951 3291 robore
1970 3263 2155 3291 commu-

1194 3307 1296 3349 nitas
1310 3333 1325 3357 ,
1339 3305 1376 3348 in
1393 3308 1671 3362 praedic'torum
1683 3307 1861 3350 omnium
1881 3308 2064 3350 notitiam
2077 3310 2151 3352 de·

1190 3367 1369 3409 ducere.
1389 3366 1440 3409 Et
1472 3366 1604 3422 primo
1617 3365 1819 3423 quaefitum
1835 3361 1912 3407 fuit
1926 3394 1940 3415 ‚
1966 3366 2015 3409 ad
2031 3380 2150 3422 quem

1190 3424 1454 3479 Superiorem
1501 3426 1704 3480 pertineat
1751 3424 2152 3469 extraordinarium-e

1187 3480 1465 3528 Confefforem
1495 3481 1738 3526 Monialibus
1771 3482 1967 3538 deputare
1982 3512 1997 3536 ,
2028 3495 2149 3539 atque

1189 3541 1364 3584 offerre?
1385 3542 1463 3587 Sed
1487 3542 1615 3586 facilis
1642 3540 1716 3583 fuit
1745 3541 1948 3598 responfio
1960 3571 1977 3593 ,
1998 3558 2146 3599 quam„

1190 3604 1277 3643 Nos
1290 3614 1450 3658 quoque
1467 3600 1637 3644 decreto
1649 3601 1787 3643 nostro
1802 3610 1926 3644 ratam
1942 3603 2142 3650 habemus3

1189 3659 1416 3713 hujusmodi
1430 3659 1580 3702 scilicet
1594 3659 1896 3716 deputationetn
1910 3660 1960 3702 ad
1975 3675 2065 3702 eum
2080 3671 2145 3699 re-

1186 3719 1382 3774 gulariter
1395 3718 1595 3775 spectare,
1618 3720 1668 3762 ad
1689 3733 1812 3775 quem
1838 3719 2012 3775 pertinet
2028 3719 2142 3758 Con·

1185 3776 1332 3821 feffarii
1345 3778 1552 3821 Ordinarii
1571 3779 1718 3820 elefitio
1729 3780 1765 3819 8:
1778 3778 2004 3834 deputati03
2019 3775 2135 3814 ideo-

168 3831 318 3874 ess‘ents
340 3830 423 3873 aliae
447 3833 544 3876 vero
569 3831 618 3874 ab
632 3832 856 3891 hujusmodi
878 3833 1116 3879 neceffitati-
1172 3852 1250 3895 que
1276 3838 1498 3896 Episcopus
1514 3864 1528 3888 a
1557 3836 1637 3880 five
1662 3838 1901 3881 ordinarius
1929 3834 2039 3879 loci,
2066 3830 2134 3886 qui

282 3893 390 3932 Tam.
404 3893 463 3933 VI.

1588 3898 1699 3938 Xxx
1730 3908 1751 3936 2
1985 3892 2078 3932 Μο-
