2444 4192
836 176 996 261 Sub
1056 178 1484 263 Innocentio
1545 177 1752 262 XII.

314 333 486 378 sentibus
506 329 767 373 adhiberetur
778 352 792 376 ,
805 327 832 368 fi
845 325 975 369 forent
988 330 1190 383 exhibitae,
1200 331 1265 374 vel

308 390 488 435 ostensae.

428 448 544 491 Nulli
558 461 657 502 ergo
668 446 831 488 omnino
843 441 1047 485 hominum
1063 444 1177 487 liceat
1201 460 1267 502 pa·

234 540 237 541 ν
306 510 441 565 ginam
455 509 556 550 banc
579 507 796 550 nostrarum
810 498 1164 553 confirmationis,
1177 506 1266 556 Ap.

308 565 563 624 probationis
576 595 592 617 ,
620 564 792 611 statuti,
821 562 1088 625 Decretorum
1104 587 1120 610 ,
1139 560 1265 602 Ordi-

308 626 480 668 nationis
491 652 505 675 ,
522 623 757 667 Voluntatis
773 649 785 672 ,
796 619 1034 667 Sane'tionis,
1048 616 1263 682 Mandatu-

307 698 399 726 rum
412 710 426 733 ,
439 686 480 726 ὅτ.
496 680 780 738 Derogationis
799 673 1044 730 infringere,
1061 672 1128 717 vel
1145 687 1182 716 ei
1194 686 1263 714 au-

306 749 351 789 su
369 743 581 786 temerario
605 739 836 784 contraire.
863 735 904 780 Si
919 735 1008 790 quis
1030 741 1164 775 autem
1187 732 1264 773 hoc

220 796 223 807 ’
305 810 509 844 attentare
543 796 830 857 praesumpserit
855 821 871 846 ‚
910 791 1263 848 indignationem.»

305 859 613 915 Omnipotentis
641 856 803 906 Dei-,ac
818 856 1030 896 Beatorum
1054 849 1194 899 Petri,
1224 846 1265 887 &

305 947 776 968 ——-——

2047 188 2214 292 463

1324 329 1441 371 Pauli
1468 328 1755 382 Apostolorum
1778 321 1863 379 ejus
1884 325 1923 370 se
1960 335 2117 375 noverit
2148 338 2284 382 incure

1326 388 1591 481 summo-amm
1620 442 1761 480 Romae
1784 438 1891 492 apud
1916 441 2091 482 Sanctam
2116 439 2283 495 Mariam

1325 499 1523 550 Maiorem
1553 497 1677 537 Anno
1710 499 2001 538 Incarnationis
2037 502 2280 558 Dominicae,

1323 554 1534 597 millefimo
1559 550 1848 595 sexcentesimo
1883 560 2137 609 nonagefimo
2166 559 2283 611 septi.

1322 626 1415 662 mo,
1437 611 1596 652 decimo
1624 611 1823 655 Kalendas
1845 613 2044 666 Ianuarii,
2066 616 2284 661 Pontifica-

1323 669 1388 713 tt‘is
1403 668 1540 713 Nostri
1556 671 1676 712 Anno
1690 671 1875 727 Septimo
1890 699 1903 712 .

1382 786 1555 841 Exempl.
1572 788 1703 830 Rome
1715 787 1938 846 impnffiem
1950 789 2028 831 loco
2034 791 2226 847 praedt‘Ho
2240 820 2253 835 .

333 1046 1829 1199 CLEMENTJ
1969 1053 2252 1194 ΧΙ,

299 1283 513 1338 Urbinati
543 1317 559 1341 ,
584 1284 752 1350 &oanni
782 1284 1000 1348 Francisco
1043 1279 1210 1330 Albano
1238 1294 1359 1328 antea
1388 1293 1615 1344 nuncupato
1638 1313 1655 1336 ,
1699 1277 1748 1328 S.
1776 1279 1840 1330 R.
1873 1280 1926 1331 Ε.
1956 1281 2176 1333 Cardinali
2208 1285 2285 1332 tit.

304 1350 308 1354 ’
365 1353 413 1404 S.
428 1353 639 1405 Silveflri
661 1358 706 1405 in
721 1354 870 1421 Capite
882 1387 898 1410 ,
913 1351 1058 1399 Annus
1076 1348 1284 1406 Jubilaeus
1309 1366 1458 1407 ¹700·
1484 1349 1553 1396 die
1570 1367 1595 1395 2
1605 1366 1650 1408 3.
1669 1347 1936 1400 Novembris
1952 1386 1968 1408 ,
1992 1348 2285 1417 ‘Pontificaeas

368 1423 562 1484 Claves3
595 1425 683 1475 dies
708 1424 887 1477 oHavus
914 1419 1166 1472 Decembris
1186 1418 1382 1486 substqui
1395 1452 1413 1476 ,
1441 1415 1705 1483 conceptioni
1728 1416 1784 1467 B.
1826 1418 1879 1467 V.
1896 1418 1973 1468 M.
2007 1418 2286 1470 Immaculata

371 1494 499 1544 Sacer
519 1529 536 1553 ,
567 1493 800 1557 Coronam3
827 1495 882 1543 (θ’
895 1492 982 1542 dees
994 1492 1171 1541 decimus
1198 1507 1324 1537 nonus
1356 1486 1522 1539 Martii
1558 1505 1705 1547 1721.
1730 1488 1863 1538 cultui
1889 1489 2013 1541 Divi
2030 1490 2066 1549 J
2068 1492 2205 1560 osiphi
2224 1491 2288 1540 di-

374 1580 520 1623 catus,
535 1566 622 1633 pss
642 1585 726 1616 αο.Ι
738 1581 930 1615 annorum
948 1597 963 1621 ‚
982 1581 1028 1624 3.
1053 1559 1272 1629 meigfiunt,
1288 1558 1344 1604 ό
1374 1576 1455 1621 ²5·
1480 1557 1638 1607 diem·
1663 1562 1842 1627 regimen
1854 1579 1928 1619 ,re
1955 1564 2063 1611 uiem
2092 1578 2283 1612 aternam

366 1635 480 1686 dedit
498 1640 665 1700 3cajus,
679 1636 824 1703 ceufiei
849 1635 946 1684 olim
963 1632 1159 1681 Canonici
1175 1627 1464 1688 ,Venerabiles
1491 1631 1687 1698 exequias
1715 1627 1905 1698 Bqfilt'cae
1928 1579 2140 1683 ilaeicau
2172 1632 2283 1684 Cho-

368 1725 439 1757 rus
463 1741 481 1765 ,
496 1705 636 1756 dolens
665 1709 830 1774 excepit
844 1740 862 1764 ,
890 1709 944 1753 ΕΞ
968 1702 1148 1772 gaudens
1172 1700 1390 1769 confirvat
1405 1732 1420 1748 .

299 1845 527 1899 censuras
571 1845 627 1896 ab
661 1843 1022 1915 Archiepiscopo
1059 1839 1259 1910 Aquenii

369 1919 481 1967 latas
522 1930 680 1967 contra
710 1919 960 1988 Regulares
994 1911 1259 1965 Vifitationi

368 1992 463 2052 ejus
506 1985 552 2038 se
594 1983 810 2052 subjicere
844 1988 1046 2037 nolentes
1079 1981 1260 2051 suspen-

368 2058 465 2109 dit.

301 2205 760 2255 CLEMENS
823 2205 1071 2255 PAPA
1138 2203 1260 2253 XI.

379 2344 613 2392 Venerabilis
634 2347 782 2389 Frater
795 2341 992 2400 ,filatem
1014 2342 1070 2395 ὸ·
1082 2344 1187 2400 Apo-⁴

516 2405 698 2462 stolieam
714 2400 1029 2446 Benediflionem.

407 2550 567 2591 Gerunt
587 2545 692 2600 apud
721 2549 807 2588 Nos
837 2545 965 2588 enixis
988 2547 1176 2602 precibus
1206 2545 1266 2587 di·

427 2605 519 2648 lecti
533 2594 834 2659 Filii,Re1igiofi
849 2603 1189 2661 Viri,Superiores
1206 2605 1268 2646 in·

301 2667 362 2708 fra
377 2664 615 2720 scriptorum
634 2661 838 2706 Ordinum
852 2688 866 2710 ‚
894 2663 1103 2715 videlicet,
1118 2667 1269 2707 Servo·

299 2736 388 2766 rum
406 2723 535 2764 Beata
548 2720 688 2764 Maria
699 2719 882 2776 Virginis
899 2749 916 2772 ,
930 2724 1135 2767 Minorum
1150 2725 1264 2765 Con-

300 2778 546 2824 ventualium
560 2806 575 2828 ,
593 2777 863 2821 Eremitarum
885 2780 1016 2823 Sanni
1036 2779 1263 2835 Augustini,

300 2836 635 2884 carmelitarum,
647 2834 903 2878 Minimorum
917 2865 931 2888 ,
944 2851 991 2881 ae
1005 2837 1263 2881 Recolleeio-

301 2910 392 2941 rum
417 2895 524 2939 istius
551 2893 768 2942 Civitatis,
795 2906 841 2935 ac
855 2892 1035 2950 ejusdem
1055 2893 1266 2939 suburbio·

301 2968 396 3000 rum
409 2965 594 3006 ,necnon
609 2948 824 3002 Prioriffae,
847 2965 892 2994 ac
913 2952 1108 2997 Moniales
1130 2954 1260 2998 Sane'ti

303 3011 586 3059 Bartholomaei
600 3039 616 3064 ,
628 3009 793 3054 Ordinis
806 3012 939 3071 Sanni}
962 3012 1164 3056 Dominiei
1176 3040 1191 3063 ,
1220 3014 1261 3055 δι

303 3074 457 3117 Sancte
465 3069 596 3114 Clarae
609 3068 773 3112 Ordinis
788 3071 918 3114 Sansti
932 3070 1130 3115 Francisti
1147 3099 1159 3122 ,
1173 3072 1261 3127 qui-

303 3133 376 3176 bus
389 3129 576 3173 omnibus
592 3125 828 3172 Professores
842 3128 1006 3172 Ordinis
1021 3130 1264 3173 Praedicato-

303 3203 393 3235 rum
410 3202 485 3243 pro
504 3201 646 3231 eorum
674 3184 758 3240 jure
781 3187 901 3230 etiam
929 3186 1177 3231 adheserunt
1190 3202 1263 3243 ap·

304 3247 500 3305 pellantes
516 3276 532 3300 ,
548 3260 594 3289 ac
608 3245 826 3302 respestive
841 3247 1104 3290 reclamantes
1118 3246 1261 3290 adver-

254 3324 257 3325 ’
304 3309 367 3350 sits
379 3306 621 3350 ordinariam
639 3304 951 3361 pastoralemque
977 3303 1261 3354 vilitationem,

307 3377 424 3420 quam
439 3364 683 3408 Fraternitas
708 3373 776 3408 tua
794 3376 981 3419 peragere
996 3362 1135 3418 sategit
1157 3377 1264 3407 men-

308 3423 348 3464 se
361 3420 546 3466 Ofiobris
569 3423 751 3477 proxime
766 3422 955 3478 praeteriti
970 3430 1052 3465 tam
1068 3421 1264 3466 Ecclesia-

312 3494 431 3530 rum,
451 3481 734 3538 capellarum,
760 3482 876 3524 chori
894 3510 907 3532 ,
933 3480 1112 3524 vasorum
1129 3478 1263 3524 sacro.

309 3553 401 3582 rum
416 3564 431 3587 ,
446 3540 562 3594 quim
576 3540 751 3585 aliorum
772 3542 812 3583 in
831 3541 876 3584 iis
890 3538 1143 3584 existentium
1155 3566 1170 3587 ,
1200 3537 1260 3581 as-

1320 1846 1516 1896 quatenus
1535 1837 1818 1884 mandaremus
1832 1842 1985 1886 aboleri
2011 1841 2221 1893 censuras,
2242 1844 2286 1886 δε

1321 1898 1582 1943 ἰηῑετάἰᾶυω
1609 1900 1841 1947 removeri,
1861 1901 1915 1942 ob
1943 1899 2164 1955 hujusmodi
2194 1901 2284 1942 vifi-

1322 1957 1486 2002 tationis
1502 1951 1789 2002 recusationem
1818 1958 2009 2008 infliftas,
2023 1957 2123 2000 acin
2140 1971 2281 2002 eorum

1321 2014 1510 2060 Ecclefiis
1525 2013 1735 2070 respective
1758 2018 2013 2071 appetituma
2033 2017 2285 2060 Fraternita-

1323 2082 1365 2118 te
1391 2083 1488 2125 tua,
1511 2086 1637 2129 eaque
1651 2074 1784 2118 omnia
1795 2074 1910 2118 irrita
1925 2103 1940 2128 ,
1964 2077 2006 2119 δι
2021 2075 2180 2118 innania
2204 2074 2281 2120 effe

1322 2132 1620 2177 declararemus
1631 2158 1646 2171 .

1434 2194 1522 2235 Nos
1547 2190 1684 2244 itaque
1711 2192 1768 2235 rei
1781 2192 2021 2247 gravitatem
2051 2191 2281 2249 expenden-

1319 2258 1444 2302 tes,ac
1461 2250 1607 2293 merito
1620 2248 1853 2302 solliciti,ne
1864 2251 2072 2295 oecafione
2087 2251 2281 2308 hujusmoe

1319 2307 1362 2350 di
1378 2307 1742 2353 Ecclefiasticarum
1757 2323 1970 2366 poenarum
1995 2311 2122 2354 ullum
2139 2311 2282 2354 divino

1322 2367 1470 2421 cultui,
1482 2382 1528 2411 ae
1544 2366 1737 2423 spirituali
1754 2369 1893 2425 populi
1905 2370 2010 2413 istius
2025 2368 2139 2412 saluti
2153 2368 2281 2413 detri-

1326 2437 1504 2470 mentum
1530 2426 1751 2476 inseratur,
1776 2438 1843 2471 aut
1864 2428 1942 2472 alia
1970 2428 2151 2471 seandala
2167 2428 2282 2472 subo-

1325 2485 1503 2537 riantur,
1519 2484 1580 2528 his
1594 2486 1782 2529 omnibus
1798 2486 1970 2544 provide
1984 2487 2281 2532 occurrendum

1326 2541 1401 2587 effe
1417 2543 1623 2593 ducimus,
1638 2545 1699 2589 Te
1712 2554 1846 2590 tamen
1859 2547 1964 2602 prius
1979 2544 2122 2589 audito
2133 2546 2281 2601 ,quim

1327 2602 1444 2658 super
1469 2618 1514 2647 ea
1536 2617 1581 2645 re
1612 2630 1628 2655 ,
1655 2604 1874 2661 quidquam
1898 2604 2112 2649 definitive
2136 2603 2280 2649 statua-

1328 2674 1412 2703 mus
1427 2690 1437 2702 .
1454 2661 1625 2704 Interim
1644 2665 1741 2706 vero
1763 2661 1945 2720 prefatas
1959 2662 2146 2707 censuras
2161 2691 2175 2714 ,
2195 2676 2280 2705 me·
2302 2714 2307 2724 Ι

1326 2729 1608 2779 motatumque
1651 2721 1909 2765 interdictum
1940 2750 1955 2774 ,
1997 2736 2069 2779 per
2107 2731 2281 2778 quatuor

1322 2778 1474 2823 menies
1486 2781 1510 2823 a
1527 2778 1651 2835 prima
1666 2778 1734 2822 die
1750 2779 1938 2836 proxime
1956 2781 2117 2825 venturi
2143 2781 2280 2823 mentis

1319 2836 1707 2894 juliiinchoandos,
1731 2852 1828 2882 cum
1853 2839 2115 2884 reincidentia
2142 2849 2278 2883 tamen

1321 2894 1409 2950 post
1420 2895 1526 2950 ipsos
1538 2892 1720 2948 elapsos,
1738 2895 2004 2951 suspendimus
2019 2924 2031 2936 .
2063 2897 2280 2954 Quamob-

1320 2965 1406 2995 rem
1435 2951 1642 3009 pastoralis
1666 2953 1727 2995 tui
1753 2953 1861 3001 zeli,
1888 2966 1934 2996 ac
1962 2954 2174 3010 vigilantiae
2197 2955 2278 2997 erit

1322 3024 1401 3053 non
1419 3020 1497 3054 tam
1522 3011 1802 3060 censurarum,
1829 3012 1868 3052 &
1895 3011 2098 3055 interdicti
2115 3012 2278 3057 inflicta.

1322 3081 1414 3112 rum
1430 3096 1445 3119 ,
1470 3070 1511 3111 δι
1537 3066 1753 3124 τοΐροᾶῑνὲ
1775 3069 1940 3125 appofiti
1955 3069 2276 3125 suspensionem..

1323 3126 1551 3171 executioni
1570 3126 1694 3169 statim
1708 3127 1952 3172 demandare
1962 3159 1979 3181 ,
2003 3131 2121 3185 quam
2135 3128 2272 3172 distin·

1320 3186 1384 3229 ete
1408 3186 1513 3228 intra
1537 3183 1707 3230 eundem
1724 3187 1943 3231 terminum
1972 3192 2058 3232 Nos
2076 3187 2128 3230 de
2143 3188 2278 3231 omni·

1319 3247 1393 3288 bus
1405 3270 1422 3294 ,
1441 3257 1526 3299 quae
1538 3242 1589 3286 ad
1602 3245 1784 3291 eamdem
1810 3247 2128 3291 controverfiam
2146 3246 2276 3302 perti-

1322 3313 1450 3354 nent,
1478 3301 1670 3346 instruere
1684 3330 1700 3354 ,
1721 3312 1768 3348 ut
1794 3305 2018 3349 rationibus
2042 3307 2091 3349 ab
2105 3315 2275 3362 utraque

1319 3371 1437 3420 parte
1455 3359 1700 3405 deducendis
1722 3363 1881 3407 mature
1908 3363 2079 3419 pensatis
2102 3390 2117 3414 ‚
2143 3363 2245 3408 illud
2260 3392 2276 3416 ,

1319 3418 1432 3475 quod
1448 3420 1624 3474 aequitati
1640 3421 1857 3466 consonum
1873 3422 2136 3478 judicabimus
2150 3453 2167 3476 ,
2181 3437 2276 3466 cum

1319 3478 1499 3524 Domino
1533 3477 1754 3523 decernere
1784 3481 1987 3524 valeamus
2008 3509 2023 3532 ,
2057 3482 2155 3526 dum
2184 3484 2272 3525 Nos

1320 3537 1579 3583 Frater-nitati
1618 3546 1692 3580 tuae
1716 3550 1955 3595 perpetuum
1981 3541 2275 3585 benevolentias

310 3597 423 3641 sertis
439 3596 652 3654 privilegiis
673 3602 714 3644 δι
734 3601 1054 3656 exemptionibus
1079 3595 1258 3653 praefato-
1315 3595 1454 3642 nostrat
1475 3594 1642 3650 pignus,
1656 3597 1928 3652 Apostolicam
1954 3598 2271 3644 benedictionem

308 3669 397 3698 rum
428 3654 686 3709 Regularium
709 3685 725 3708 ,
756 3660 878 3703 etiam
906 3655 1255 3712 Apostolicarum„

306 3713 681 3767 constitutionum,
705 3718 746 3759 &
770 3717 1053 3762 conciliorum
1078 3718 1257 3759 Genera.

305 3773 402 3816 lium
427 3770 663 3816 auctoritate
677 3774 839 3820 munitis
851 3802 866 3826 ,
880 3776 1046 3820 minime
1060 3778 1225 3819 attentis
1237 3801 1253 3826 ,

1313 3662 1572 3714 peramanter
1589 3654 1841 3710 impertimur
1855 3684 1867 3697 .

1429 3715 1579 3756 Datum
1598 3714 1734 3758 Romae
1759 3715 1863 3772 apud
1887 3718 2074 3760 Sanctum
2101 3720 2266 3760 Petrum

1311 3774 1383 3819 sub
1414 3771 1565 3817 annulo
1585 3772 1798 3819 Piscatoris
1823 3774 1891 3823 die
1909 3776 2065 3820 decima
2095 3780 2267 3827 quarta..

2103 3827 2211 3884 Junii
