<?xml version="1.0" encoding="UTF-8"?>
<!DOCTYPE html PUBLIC "-//W3C//DTD XHTML 1.0 Transitional//EN"
    "http://www.w3.org/TR/xhtml1/DTD/xhtml1-transitional.dtd">
<html xmlns="http://www.w3.org/1999/xhtml" xml:lang="en" lang="en">
 <head>
  <title>
</title>
<meta http-equiv="Content-Type" content="text/html;charset=utf-8" />
  <meta name='ocr-system' content='tesseract 3.04.00' />
  <meta name='ocr-capabilities' content='ocr_page ocr_carea ocr_par ocr_line ocrx_word'/>
</head>
<body>
  <div class='ocr_page' id='page_1' title='image "./bullariumordinis06cath_0065.png"; bbox 0 0 2444 4192; ppageno 0'>
   <div class='ocr_carea' id='block_1_1' title="bbox 728 229 1669 320">
    <p class='ocr_par' dir='ltr' id='par_1_1' title="bbox 728 229 1669 320">
     <span class='ocr_line' id='line_1_1' title="bbox 728 229 1669 320; baseline 0 -6"><span class='ocrx_word' id='word_1_1' title='bbox 728 229 903 318; x_wconf 84' lang='lat' dir='ltr'>Sub</span> <span class='ocrx_word' id='word_1_2' title='bbox 959 229 1439 320; x_wconf 58' lang='lat' dir='ltr'>stlexandro</span> <span class='ocrx_word' id='word_1_3' title='bbox 1502 231 1551 315; x_wconf 93' lang='lat' dir='ltr'><em>I</em></span> <span class='ocrx_word' id='word_1_4' title='bbox 1567 231 1669 319; x_wconf 89' lang='lat' dir='ltr'>V.</span> 
     </span>
    </p>
   </div>
   <div class='ocr_carea' id='block_1_2' title="bbox 184 379 1171 560">
    <p class='ocr_par' dir='ltr' id='par_1_2' title="bbox 184 379 1171 560">
     <span class='ocr_line' id='line_1_2' title="bbox 194 379 1171 444; baseline -0.012 -14"><span class='ocrx_word' id='word_1_5' title='bbox 194 387 276 436; x_wconf 65' lang='lat' dir='ltr'>stiis&#39;</span> <span class='ocrx_word' id='word_1_6' title='bbox 291 379 484 444; x_wconf 78' lang='lat' dir='ltr'>pro‘tegas</span> <span class='ocrx_word' id='word_1_7' title='bbox 498 383 539 426; x_wconf 87' lang='lat'>&amp;</span> <span class='ocrx_word' id='word_1_8' title='bbox 552 381 766 440; x_wconf 65' lang='lat' dir='ltr'>presentes</span> <span class='ocrx_word' id='word_1_9' title='bbox 781 411 796 434; x_wconf 87' lang='lat'><strong>‚</strong></span> <span class='ocrx_word' id='word_1_10' title='bbox 825 382 881 424; x_wconf 87' lang='lat' dir='ltr'>ita</span> <span class='ocrx_word' id='word_1_11' title='bbox 893 412 907 434; x_wconf 88' lang='lat'>,</span> <span class='ocrx_word' id='word_1_12' title='bbox 924 398 1008 438; x_wconf 90' lang='lat' dir='ltr'>quo</span> <span class='ocrx_word' id='word_1_13' title='bbox 1021 395 1097 428; x_wconf 88' lang='lat' dir='ltr'>tuo</span> <span class='ocrx_word' id='word_1_14' title='bbox 1114 384 1171 426; x_wconf 85' lang='lat' dir='ltr'>se.</span> 
     </span>
     <span class='ocr_line' id='line_1_3' title="bbox 191 442 1171 499; baseline -0.005 -9"><span class='ocrx_word' id='word_1_15' title='bbox 191 447 278 493; x_wconf 83' lang='lat' dir='ltr'>euri</span> <span class='ocrx_word' id='word_1_16' title='bbox 293 444 512 487; x_wconf 81' lang='lat' dir='ltr'>munimine</span> <span class='ocrx_word' id='word_1_17' title='bbox 527 471 541 494; x_wconf 83' lang='lat'>‚</span> <span class='ocrx_word' id='word_1_18' title='bbox 554 443 732 499; x_wconf 81' lang='lat' dir='ltr'>quietam</span> <span class='ocrx_word' id='word_1_19' title='bbox 746 442 788 483; x_wconf 77' lang='grc' dir='ltr'>δι</span> <span class='ocrx_word' id='word_1_20' title='bbox 801 452 960 497; x_wconf 81' lang='lat' dir='ltr'>gratam</span> <span class='ocrx_word' id='word_1_21' title='bbox 975 445 1011 486; x_wconf 87' lang='lat' dir='ltr'>in</span> <span class='ocrx_word' id='word_1_22' title='bbox 1026 444 1171 487; x_wconf 88' lang='lat' dir='ltr'>Domi-</span> 
     </span>
     <span class='ocr_line' id='line_1_4' title="bbox 184 500 966 560; baseline -0.014 -9"><span class='ocrx_word' id='word_1_23' title='bbox 184 519 246 552; x_wconf 65' lang='lat' dir='ltr'>⁴‘no</span> <span class='ocrx_word' id='word_1_24' title='bbox 262 502 500 560; x_wconf 84' lang='lat' dir='ltr'>impendere</span> <span class='ocrx_word' id='word_1_25' title='bbox 520 502 682 546; x_wconf 88' lang='lat' dir='ltr'>valeant</span> <span class='ocrx_word' id='word_1_26' title='bbox 695 500 935 543; x_wconf 77' lang='lat' dir='ltr'>servitutem</span> <span class='ocrx_word' id='word_1_27' title='bbox 955 529 966 540; x_wconf 87' lang='lat'>.</span> 
     </span>
    </p>
   </div>
   <div class='ocr_carea' id='block_1_3' title="bbox 187 571 1184 684">
    <p class='ocr_par' dir='ltr' id='par_1_3' title="bbox 187 571 1184 684">
     <span class='ocr_line' id='line_1_5' title="bbox 308 571 1183 632; baseline -0.009 -14"><span class='ocrx_word' id='word_1_28' title='bbox 308 580 462 621; x_wconf 88' lang='lat' dir='ltr'>Datum</span> <span class='ocrx_word' id='word_1_29' title='bbox 485 575 676 632; x_wconf 81' lang='lat' dir='ltr'>Anagniar</span> <span class='ocrx_word' id='word_1_30' title='bbox 699 572 872 616; x_wconf 89' lang='lat' dir='ltr'>Decimo</span> <span class='ocrx_word' id='word_1_31' title='bbox 885 571 999 618; x_wconf 85' lang='lat' dir='ltr'>sexto</span> <span class='ocrx_word' id='word_1_32' title='bbox 1024 575 1183 620; x_wconf 77' lang='lat' dir='ltr'>Kalen.</span> 
     </span>
     <span class='ocr_line' id='line_1_6' title="bbox 187 630 1184 684; baseline -0.008 0"><span class='ocrx_word' id='word_1_33' title='bbox 187 638 260 684; x_wconf 85' lang='lat' dir='ltr'>das</span> <span class='ocrx_word' id='word_1_34' title='bbox 275 637 525 682; x_wconf 85' lang='lat' dir='ltr'>Novembris</span> <span class='ocrx_word' id='word_1_35' title='bbox 551 630 818 684; x_wconf 67' lang='lat' dir='ltr'>pontificatus</span> <span class='ocrx_word' id='word_1_36' title='bbox 841 632 966 676; x_wconf 87' lang='lat' dir='ltr'>nostri</span> <span class='ocrx_word' id='word_1_37' title='bbox 979 637 1100 681; x_wconf 82' lang='lat' dir='ltr'>Anno</span> <span class='ocrx_word' id='word_1_38' title='bbox 1115 639 1184 679; x_wconf 85' lang='lat' dir='ltr'>Se.</span> 
     </span>
    </p>
   </div>
   <div class='ocr_carea' id='block_1_4' title="bbox 189 697 356 756">
    <p class='ocr_par' dir='ltr' id='par_1_4' title="bbox 189 697 356 756">
     <span class='ocr_line' id='line_1_7' title="bbox 189 697 356 756; baseline -0.03 -12"><span class='ocrx_word' id='word_1_39' title='bbox 189 697 356 756; x_wconf 52' lang='lat' dir='ltr'>cundo„</span> 
     </span>
    </p>
   </div>
   <div class='ocr_carea' id='block_1_5' title="bbox 245 824 1179 944">
    <p class='ocr_par' dir='ltr' id='par_1_5' title="bbox 245 824 1179 944">
     <span class='ocr_line' id='line_1_8' title="bbox 245 824 1179 888; baseline -0.015 -10"><span class='ocrx_word' id='word_1_40' title='bbox 245 829 497 888; x_wconf 83' lang='lat' dir='ltr'>Waddingur</span> <span class='ocrx_word' id='word_1_41' title='bbox 525 840 618 874; x_wconf 84' lang='lat' dir='ltr'>tom.</span> <span class='ocrx_word' id='word_1_42' title='bbox 636 840 680 882; x_wconf 88' lang='lat'>4.</span> <span class='ocrx_word' id='word_1_43' title='bbox 711 824 936 884; x_wconf 82' lang='lat' dir='ltr'>Annalsol.</span> <span class='ocrx_word' id='word_1_44' title='bbox 967 826 1036 870; x_wconf 82' lang='lat'>28.</span> <span class='ocrx_word' id='word_1_45' title='bbox 1054 826 1179 868; x_wconf 75' lang='lat' dir='ltr'>Artu-</span> 
     </span>
     <span class='ocr_line' id='line_1_9' title="bbox 305 885 1062 944; baseline -0.013 -9"><span class='ocrx_word' id='word_1_46' title='bbox 305 904 373 935; x_wconf 71' lang='grc' dir='ltr'>ναι</span> <span class='ocrx_word' id='word_1_47' title='bbox 388 896 432 935; x_wconf 70' lang='lat' dir='ltr'>in</span> <span class='ocrx_word' id='word_1_48' title='bbox 447 888 658 943; x_wconf 78' lang='lat' dir='ltr'>Martyrol.</span> <span class='ocrx_word' id='word_1_49' title='bbox 675 887 876 943; x_wconf 71' lang='lat' dir='ltr'>Franczsc.</span> <span class='ocrx_word' id='word_1_50' title='bbox 884 885 971 944; x_wconf 82' lang='lat' dir='ltr'>sol.</span> <span class='ocrx_word' id='word_1_51' title='bbox 995 895 1062 934; x_wconf 76' lang='grc' dir='ltr'>ις.</span> 
     </span>
    </p>
   </div>
   <div class='ocr_carea' id='block_1_6' title="bbox 194 1036 1178 1060">
    <p class='ocr_par' dir='ltr' id='par_1_6' title="bbox 194 1036 1178 1060">
     <span class='ocr_line' id='line_1_10' title="bbox 194 1036 1178 1060; baseline -0.007 -2"><span class='ocrx_word' id='word_1_52' title='bbox 194 1036 1178 1060; x_wconf 70' lang='lat'>——————--——</span> 
     </span>
    </p>
   </div>
   <div class='ocr_carea' id='block_1_7' title="bbox 168 1142 1178 1575">
    <p class='ocr_par' dir='ltr' id='par_1_7' title="bbox 192 1142 1178 1500">
     <span class='ocr_line' id='line_1_11' title="bbox 192 1142 1174 1216; baseline -0.004 -17"><span class='ocrx_word' id='word_1_53' title='bbox 192 1146 548 1199; x_wconf 71' lang='lat' dir='ltr'>Mendicitatem</span> <span class='ocrx_word' id='word_1_54' title='bbox 583 1147 633 1200; x_wconf 71' lang='grc' dir='ltr'>ὅ(</span> <span class='ocrx_word' id='word_1_55' title='bbox 673 1146 845 1198; x_wconf 89' lang='lat' dir='ltr'>statum</span> <span class='ocrx_word' id='word_1_56' title='bbox 882 1142 1174 1216; x_wconf 86' lang='lat' dir='ltr'>Religiosum</span> 
     </span>
     <span class='ocr_line' id='line_1_12' title="bbox 255 1215 1174 1270; baseline -0.005 0"><span class='ocrx_word' id='word_1_57' title='bbox 255 1222 351 1270; x_wconf 84' lang='lat' dir='ltr'>FF.</span> <span class='ocrx_word' id='word_1_58' title='bbox 368 1218 729 1269; x_wconf 85' lang='lat' dir='ltr'>Praedicatorum</span> <span class='ocrx_word' id='word_1_59' title='bbox 754 1218 803 1270; x_wconf 75' lang='grc' dir='ltr'>ἀ</span> <span class='ocrx_word' id='word_1_60' title='bbox 825 1220 1071 1268; x_wconf 89' lang='lat' dir='ltr'>Minorum</span> <span class='ocrx_word' id='word_1_61' title='bbox 1099 1215 1174 1265; x_wconf 90' lang='lat' dir='ltr'>de·</span> 
     </span>
     <span class='ocr_line' id='line_1_13' title="bbox 256 1285 1174 1348; baseline -0.007 -7"><span class='ocrx_word' id='word_1_62' title='bbox 256 1306 352 1341; x_wconf 90' lang='lat' dir='ltr'>nuo</span> <span class='ocrx_word' id='word_1_63' title='bbox 383 1288 683 1339; x_wconf 82' lang='lat' dir='ltr'>commendat</span> <span class='ocrx_word' id='word_1_64' title='bbox 707 1324 722 1348; x_wconf 91' lang='lat'>,</span> <span class='ocrx_word' id='word_1_65' title='bbox 755 1287 804 1341; x_wconf 85' lang='lat'>&amp;</span> <span class='ocrx_word' id='word_1_66' title='bbox 831 1325 847 1348; x_wconf 93' lang='lat'>,</span> <span class='ocrx_word' id='word_1_67' title='bbox 881 1302 934 1338; x_wconf 88' lang='lat' dir='ltr'>ut</span> <span class='ocrx_word' id='word_1_68' title='bbox 963 1285 1174 1338; x_wconf 70' lang='lat' dir='ltr'>Ecclesiae</span> 
     </span>
     <span class='ocr_line' id='line_1_14' title="bbox 258 1358 1178 1426; baseline -0.007 -13"><span class='ocrx_word' id='word_1_69' title='bbox 258 1361 462 1414; x_wconf 73' lang='lat' dir='ltr'>Praelatis</span> <span class='ocrx_word' id='word_1_70' title='bbox 499 1376 661 1410; x_wconf 89' lang='lat' dir='ltr'>contra</span> <span class='ocrx_word' id='word_1_71' title='bbox 698 1358 986 1412; x_wconf 62' lang='lat' dir='ltr'>refractarios</span> <span class='ocrx_word' id='word_1_72' title='bbox 1015 1374 1178 1426; x_wconf 91' lang='lat' dir='ltr'>proce-</span> 
     </span>
     <span class='ocr_line' id='line_1_15' title="bbox 256 1428 1177 1500; baseline -0.004 -17"><span class='ocrx_word' id='word_1_73' title='bbox 256 1431 470 1483; x_wconf 86' lang='lat' dir='ltr'>dentibus</span> <span class='ocrx_word' id='word_1_74' title='bbox 488 1465 505 1490; x_wconf 93' lang='lat'>,</span> <span class='ocrx_word' id='word_1_75' title='bbox 530 1433 708 1500; x_wconf 90' lang='lat' dir='ltr'>potenti</span> <span class='ocrx_word' id='word_1_76' title='bbox 738 1432 912 1482; x_wconf 86' lang='lat' dir='ltr'>auxilio</span> <span class='ocrx_word' id='word_1_77' title='bbox 928 1428 1095 1480; x_wconf 86' lang='lat' dir='ltr'>affistat</span> <span class='ocrx_word' id='word_1_78' title='bbox 1112 1464 1129 1490; x_wconf 89' lang='lat'>,</span> <span class='ocrx_word' id='word_1_79' title='bbox 1152 1429 1177 1479; x_wconf 70' lang='lat' dir='ltr'>a</span> 
     </span>
    </p>

    <p class='ocr_par' dir='ltr' id='par_1_8' title="bbox 168 1500 864 1575">
     <span class='ocr_line' id='line_1_16' title="bbox 168 1500 864 1575; baseline -0.003 -20"><span class='ocrx_word' id='word_1_80' title='bbox 168 1523 174 1531; x_wconf 92' lang='lat'>·</span> <span class='ocrx_word' id='word_1_81' title='bbox 256 1507 388 1575; x_wconf 79' lang='lat' dir='ltr'>Rege</span> <span class='ocrx_word' id='word_1_82' title='bbox 401 1500 622 1573; x_wconf 67' lang='lat' dir='ltr'>praedisto</span> <span class='ocrx_word' id='word_1_83' title='bbox 639 1504 832 1572; x_wconf 84' lang='lat' dir='ltr'>requirit</span> <span class='ocrx_word' id='word_1_84' title='bbox 850 1538 864 1553; x_wconf 89' lang='lat'><strong><em>.</em></strong></span> 
     </span>
    </p>
   </div>
   <div class='ocr_carea' id='block_1_8' title="bbox 259 1660 1106 1718">
    <p class='ocr_par' dir='ltr' id='par_1_9' title="bbox 259 1660 1106 1718">
     <span class='ocr_line' id='line_1_17' title="bbox 259 1660 1106 1718; baseline -0.005 -2"><span class='ocrx_word' id='word_1_85' title='bbox 259 1664 681 1716; x_wconf 83' lang='lat' dir='ltr'>ALEXANDER</span> <span class='ocrx_word' id='word_1_86' title='bbox 732 1660 1106 1718; x_wconf 82' lang='lat' dir='ltr'><strong>EPISCOPUS</strong></span> 
     </span>
    </p>
   </div>
   <div class='ocr_carea' id='block_1_9' title="bbox 375 1801 991 1850">
    <p class='ocr_par' dir='ltr' id='par_1_10' title="bbox 375 1801 991 1850">
     <span class='ocr_line' id='line_1_18' title="bbox 375 1801 991 1850; baseline -0.008 -1"><span class='ocrx_word' id='word_1_87' title='bbox 375 1804 552 1850; x_wconf 63' lang='lat' dir='ltr'>Savus</span> <span class='ocrx_word' id='word_1_88' title='bbox 585 1804 844 1848; x_wconf 68' lang='lat' dir='ltr'>Ssavoitum</span> <span class='ocrx_word' id='word_1_89' title='bbox 877 1801 991 1845; x_wconf 74' lang='lat' dir='ltr'>Dat.</span> 
     </span>
    </p>
   </div>
   <div class='ocr_carea' id='block_1_10' title="bbox 178 1931 1176 3172">
    <p class='ocr_par' dir='ltr' id='par_1_11' title="bbox 178 1931 1176 3172">
     <span class='ocr_line' id='line_1_19' title="bbox 337 1931 1174 1984; baseline 0 -5"><span class='ocrx_word' id='word_1_90' title='bbox 337 1936 404 1979; x_wconf 87' lang='lat' dir='ltr'>On</span> <span class='ocrx_word' id='word_1_91' title='bbox 421 1934 499 1979; x_wconf 87' lang='lat' dir='ltr'>fine</span> <span class='ocrx_word' id='word_1_92' title='bbox 513 1934 641 1979; x_wconf 88' lang='lat' dir='ltr'>multa</span> <span class='ocrx_word' id='word_1_93' title='bbox 654 1933 792 1977; x_wconf 89' lang='lat' dir='ltr'>cordis</span> <span class='ocrx_word' id='word_1_94' title='bbox 816 1931 1085 1978; x_wconf 78' lang='lat' dir='ltr'>amaritudine</span> <span class='ocrx_word' id='word_1_95' title='bbox 1097 1960 1112 1984; x_wconf 84' lang='lat'>‚</span> <span class='ocrx_word' id='word_1_96' title='bbox 1134 1949 1174 1979; x_wconf 86' lang='lat' dir='ltr'>a·</span> 
     </span>
     <span class='ocr_line' id='line_1_20' title="bbox 190 1992 1175 2106; baseline 0.004 -13"><span class='ocrx_word' id='word_1_97' title='bbox 190 1992 1175 2106; x_wconf 39' lang='lat' dir='ltr'>nonna1Bnffigzssgiugpggugssqffinffisggffid·</span> 
     </span>
     <span class='ocr_line' id='line_1_21' title="bbox 187 2105 1176 2165; baseline -0.002 -13"><span class='ocrx_word' id='word_1_98' title='bbox 187 2120 251 2152; x_wconf 92' lang='lat' dir='ltr'>tes</span> <span class='ocrx_word' id='word_1_99' title='bbox 266 2110 423 2165; x_wconf 87' lang='lat' dir='ltr'>linguas</span> <span class='ocrx_word' id='word_1_100' title='bbox 442 2109 591 2156; x_wconf 81' lang='lat' dir='ltr'>suas,&amp;</span> <span class='ocrx_word' id='word_1_101' title='bbox 612 2120 808 2150; x_wconf 87' lang='lat' dir='ltr'>venenum</span> <span class='ocrx_word' id='word_1_102' title='bbox 824 2105 1005 2161; x_wconf 86' lang='lat' dir='ltr'>aspidum</span> <span class='ocrx_word' id='word_1_103' title='bbox 1028 2123 1176 2163; x_wconf 81' lang='lat' dir='ltr'>geren·</span> 
     </span>
     <span class='ocr_line' id='line_1_22' title="bbox 186 2163 1175 2217; baseline -0.007 -3"><span class='ocrx_word' id='word_1_104' title='bbox 186 2168 254 2214; x_wconf 77' lang='lat' dir='ltr'>tes</span> <span class='ocrx_word' id='word_1_105' title='bbox 270 2168 466 2211; x_wconf 72' lang='lat' dir='ltr'>sub&#39;labiis</span> <span class='ocrx_word' id='word_1_106' title='bbox 479 2167 530 2208; x_wconf 82' lang='lat' dir='ltr'>ad</span> <span class='ocrx_word' id='word_1_107' title='bbox 555 2163 778 2213; x_wconf 73' lang='lat' dir='ltr'>infamiam,</span> <span class='ocrx_word' id='word_1_108' title='bbox 791 2179 1028 2217; x_wconf 80' lang='lat' dir='ltr'>gravamen,</span> <span class='ocrx_word' id='word_1_109' title='bbox 1038 2168 1077 2208; x_wconf 84' lang='lat'>&amp;</span> <span class='ocrx_word' id='word_1_110' title='bbox 1092 2164 1175 2208; x_wconf 88' lang='lat' dir='ltr'>dis·</span> 
     </span>
     <span class='ocr_line' id='line_1_23' title="bbox 184 2219 1175 2285; baseline -0.007 -17"><span class='ocrx_word' id='word_1_111' title='bbox 184 2227 382 2285; x_wconf 81' lang='lat' dir='ltr'>pendium</span> <span class='ocrx_word' id='word_1_112' title='bbox 408 2219 672 2264; x_wconf 70' lang='lat' dir='ltr'>innocentnm</span> <span class='ocrx_word' id='word_1_113' title='bbox 694 2247 710 2268; x_wconf 94' lang='lat'>,</span> <span class='ocrx_word' id='word_1_114' title='bbox 738 2220 841 2260; x_wconf 86' lang='lat' dir='ltr'>illud</span> <span class='ocrx_word' id='word_1_115' title='bbox 871 2220 912 2258; x_wconf 85' lang='lat' dir='ltr'>in</span> <span class='ocrx_word' id='word_1_116' title='bbox 945 2220 1175 2273; x_wconf 82' lang='lat' dir='ltr'>sugillatio-</span> 
     </span>
     <span class='ocr_line' id='line_1_24' title="bbox 181 2274 1176 2333; baseline -0.009 -6"><span class='ocrx_word' id='word_1_117' title='bbox 181 2280 553 2333; x_wconf 74' lang='lat' dir='ltr'>nem&amp;laeiionem</span> <span class='ocrx_word' id='word_1_118' title='bbox 575 2277 819 2321; x_wconf 73' lang='lat' dir='ltr'>dilectorum</span> <span class='ocrx_word' id='word_1_119' title='bbox 849 2274 1047 2319; x_wconf 79' lang='lat' dir='ltr'>Filiorum</span> <span class='ocrx_word' id='word_1_120' title='bbox 1076 2279 1176 2320; x_wconf 87' lang='lat' dir='ltr'>Fra·</span> 
     </span>
     <span class='ocr_line' id='line_1_25' title="bbox 183 2335 1174 2394; baseline -0.005 -9"><span class='ocrx_word' id='word_1_121' title='bbox 183 2354 300 2390; x_wconf 74' lang='lat' dir='ltr'>trum</span> <span class='ocrx_word' id='word_1_122' title='bbox 329 2339 655 2385; x_wconf 67' lang='lat' dir='ltr'>predicatorum</span> <span class='ocrx_word' id='word_1_123' title='bbox 672 2366 689 2389; x_wconf 87' lang='lat'>,</span> <span class='ocrx_word' id='word_1_124' title='bbox 712 2335 973 2379; x_wconf 84' lang='lat' dir='ltr'>&amp;Minorum</span> <span class='ocrx_word' id='word_1_125' title='bbox 985 2337 1174 2394; x_wconf 88' lang='lat' dir='ltr'>nequiter</span> 
     </span>
     <span class='ocr_line' id='line_1_26' title="bbox 185 2394 1171 2451; baseline -0.008 -4"><span class='ocrx_word' id='word_1_126' title='bbox 185 2407 438 2450; x_wconf 77' lang='lat' dir='ltr'>vomuerunt</span> <span class='ocrx_word' id='word_1_127' title='bbox 459 2427 470 2439; x_wconf 92' lang='lat'>.</span> <span class='ocrx_word' id='word_1_128' title='bbox 498 2400 556 2442; x_wconf 85' lang='lat' dir='ltr'>Et</span> <span class='ocrx_word' id='word_1_129' title='bbox 595 2396 698 2441; x_wconf 72' lang='lat' dir='ltr'>licet</span> <span class='ocrx_word' id='word_1_130' title='bbox 731 2394 838 2451; x_wconf 87' lang='lat' dir='ltr'>ipsos</span> <span class='ocrx_word' id='word_1_131' title='bbox 877 2394 1062 2439; x_wconf 60' lang='lat' dir='ltr'>distinete</span> <span class='ocrx_word' id='word_1_132' title='bbox 1091 2410 1171 2439; x_wconf 88' lang='lat' dir='ltr'>non</span> 
     </span>
     <span class='ocr_line' id='line_1_27' title="bbox 183 2455 1171 2512; baseline -0.016 -5"><span class='ocrx_word' id='word_1_133' title='bbox 183 2460 516 2509; x_wconf 77' lang='lat' dir='ltr'>nominaverint,</span> <span class='ocrx_word' id='word_1_134' title='bbox 546 2471 619 2502; x_wconf 89' lang='lat' dir='ltr'>nee</span> <span class='ocrx_word' id='word_1_135' title='bbox 648 2455 856 2499; x_wconf 82' lang='lat' dir='ltr'>vocabulis</span> <span class='ocrx_word' id='word_1_136' title='bbox 900 2455 1076 2512; x_wconf 68' lang='lat' dir='ltr'>propriis</span> <span class='ocrx_word' id='word_1_137' title='bbox 1100 2470 1171 2499; x_wconf 68' lang='lat' dir='ltr'>ex-</span> 
     </span>
     <span class='ocr_line' id='line_1_28' title="bbox 179 2513 1171 2583; baseline -0.015 -16"><span class='ocrx_word' id='word_1_138' title='bbox 179 2519 428 2583; x_wconf 79' lang='lat' dir='ltr'>prefferint‚</span> <span class='ocrx_word' id='word_1_139' title='bbox 454 2532 525 2563; x_wconf 91' lang='lat' dir='ltr'>eos</span> <span class='ocrx_word' id='word_1_140' title='bbox 540 2518 581 2562; x_wconf 90' lang='lat' dir='ltr'>in</span> <span class='ocrx_word' id='word_1_141' title='bbox 606 2513 845 2574; x_wconf 86' lang='lat' dir='ltr'>quibusdam</span> <span class='ocrx_word' id='word_1_142' title='bbox 872 2515 1092 2558; x_wconf 84' lang='lat' dir='ltr'>verborum</span> <span class='ocrx_word' id='word_1_143' title='bbox 1107 2516 1171 2558; x_wconf 89' lang='lat' dir='ltr'>in-</span> 
     </span>
     <span class='ocr_line' id='line_1_29' title="bbox 179 2574 1170 2627; baseline -0.009 0"><span class='ocrx_word' id='word_1_144' title='bbox 179 2581 332 2627; x_wconf 78' lang='lat' dir='ltr'>volutis</span> <span class='ocrx_word' id='word_1_145' title='bbox 346 2581 388 2623; x_wconf 71' lang='grc' dir='ltr'>δι</span> <span class='ocrx_word' id='word_1_146' title='bbox 402 2578 575 2622; x_wconf 80' lang='lat' dir='ltr'>certis&amp;</span> <span class='ocrx_word' id='word_1_147' title='bbox 592 2576 722 2620; x_wconf 86' lang='lat' dir='ltr'>cautis</span> <span class='ocrx_word' id='word_1_148' title='bbox 734 2574 1170 2619; x_wconf 75' lang='lat' dir='ltr'>circumlocutionibus</span> 
     </span>
     <span class='ocr_line' id='line_1_30' title="bbox 181 2633 1173 2702; baseline -0.009 -15"><span class='ocrx_word' id='word_1_149' title='bbox 181 2639 359 2702; x_wconf 69' lang='lat' dir='ltr'>apertius</span> <span class='ocrx_word' id='word_1_150' title='bbox 371 2641 620 2690; x_wconf 77' lang='lat' dir='ltr'>innuerunt3</span> <span class='ocrx_word' id='word_1_151' title='bbox 645 2636 701 2679; x_wconf 90' lang='lat' dir='ltr'>ita</span> <span class='ocrx_word' id='word_1_152' title='bbox 726 2633 839 2690; x_wconf 90' lang='lat' dir='ltr'>quod</span> <span class='ocrx_word' id='word_1_153' title='bbox 853 2648 901 2677; x_wconf 80' lang='lat' dir='ltr'>ex</span> <span class='ocrx_word' id='word_1_154' title='bbox 919 2633 1073 2678; x_wconf 82' lang='lat' dir='ltr'>talibus</span> <span class='ocrx_word' id='word_1_155' title='bbox 1102 2650 1173 2678; x_wconf 90' lang='lat' dir='ltr'>eo-</span> 
     </span>
     <span class='ocr_line' id='line_1_31' title="bbox 184 2693 1171 2751; baseline -0.008 -5"><span class='ocrx_word' id='word_1_156' title='bbox 184 2714 278 2748; x_wconf 78' lang='lat' dir='ltr'>tum</span> <span class='ocrx_word' id='word_1_157' title='bbox 308 2698 428 2742; x_wconf 66' lang='lat' dir='ltr'>dieti·</span> <span class='ocrx_word' id='word_1_158' title='bbox 458 2693 696 2746; x_wconf 75' lang='lat' dir='ltr'>manifeste,</span> <span class='ocrx_word' id='word_1_159' title='bbox 726 2704 933 2751; x_wconf 78' lang='lat' dir='ltr'>tamquam</span> <span class='ocrx_word' id='word_1_160' title='bbox 958 2694 1171 2750; x_wconf 81' lang='lat' dir='ltr'>expressim</span> 
     </span>
     <span class='ocr_line' id='line_1_32' title="bbox 179 2753 1170 2811; baseline -0.009 -5"><span class='ocrx_word' id='word_1_161' title='bbox 179 2760 279 2806; x_wconf 72' lang='lat' dir='ltr'>illos</span> <span class='ocrx_word' id='word_1_162' title='bbox 303 2755 604 2806; x_wconf 60' lang='lat' dir='ltr'>nominassent,</span> <span class='ocrx_word' id='word_1_163' title='bbox 628 2754 838 2803; x_wconf 84' lang='lat' dir='ltr'>innotuit,</span> <span class='ocrx_word' id='word_1_164' title='bbox 866 2753 979 2811; x_wconf 87' lang='lat' dir='ltr'>quod</span> <span class='ocrx_word' id='word_1_165' title='bbox 1003 2755 1055 2798; x_wconf 87' lang='lat' dir='ltr'>de</span> <span class='ocrx_word' id='word_1_166' title='bbox 1082 2756 1170 2811; x_wconf 77' lang='grc' dir='ltr'>ἱρῆς</span> 
     </span>
     <span class='ocr_line' id='line_1_33' title="bbox 180 2814 1166 2874; baseline -0.005 -11"><span class='ocrx_word' id='word_1_167' title='bbox 180 2818 396 2867; x_wconf 78' lang='lat' dir='ltr'>Fratribus</span> <span class='ocrx_word' id='word_1_168' title='bbox 412 2816 689 2874; x_wconf 85' lang='lat' dir='ltr'>loquebantur</span> <span class='ocrx_word' id='word_1_169' title='bbox 702 2843 715 2856; x_wconf 90' lang='grc'><strong>.</strong></span> <span class='ocrx_word' id='word_1_170' title='bbox 732 2814 944 2858; x_wconf 83' lang='lat' dir='ltr'>Fuderunt</span> <span class='ocrx_word' id='word_1_171' title='bbox 958 2840 972 2862; x_wconf 79' lang='lat'>,</span> <span class='ocrx_word' id='word_1_172' title='bbox 985 2816 1166 2873; x_wconf 86' lang='lat' dir='ltr'>inquam,</span> 
     </span>
     <span class='ocr_line' id='line_1_34' title="bbox 180 2872 1168 2931; baseline -0.008 -6"><span class='ocrx_word' id='word_1_173' title='bbox 180 2881 294 2926; x_wconf 79' lang='lat' dir='ltr'>virus</span> <span class='ocrx_word' id='word_1_174' title='bbox 307 2904 323 2929; x_wconf 87' lang='lat'>,</span> <span class='ocrx_word' id='word_1_175' title='bbox 345 2879 548 2921; x_wconf 75' lang='lat' dir='ltr'>&amp;contra</span> <span class='ocrx_word' id='word_1_176' title='bbox 563 2875 691 2920; x_wconf 81' lang='lat' dir='ltr'>cosin</span> <span class='ocrx_word' id='word_1_177' title='bbox 705 2872 855 2916; x_wconf 76' lang='lat' dir='ltr'>schons</span> <span class='ocrx_word' id='word_1_178' title='bbox 870 2902 886 2926; x_wconf 96' lang='lat'>,</span> <span class='ocrx_word' id='word_1_179' title='bbox 909 2873 1168 2931; x_wconf 80' lang='lat' dir='ltr'>praedicatio-</span> 
     </span>
     <span class='ocr_line' id='line_1_35' title="bbox 178 2930 1170 2992; baseline -0.007 -8"><span class='ocrx_word' id='word_1_180' title='bbox 178 2939 299 2987; x_wconf 82' lang='lat' dir='ltr'>nibus</span> <span class='ocrx_word' id='word_1_181' title='bbox 311 2965 327 2990; x_wconf 89' lang='lat'>,</span> <span class='ocrx_word' id='word_1_182' title='bbox 340 2935 488 2980; x_wconf 84' lang='lat' dir='ltr'>&amp;alibi</span> <span class='ocrx_word' id='word_1_183' title='bbox 502 2933 676 2979; x_wconf 74' lang='lat' dir='ltr'>affer-ere</span> <span class='ocrx_word' id='word_1_184' title='bbox 687 2930 1013 2990; x_wconf 83' lang='lat' dir='ltr'>praesumpserunt</span> <span class='ocrx_word' id='word_1_185' title='bbox 1028 2961 1044 2984; x_wconf 82' lang='lat'>,</span> <span class='ocrx_word' id='word_1_186' title='bbox 1059 2934 1170 2992; x_wconf 89' lang='lat' dir='ltr'>quod</span> 
     </span>
     <span class='ocr_line' id='line_1_36' title="bbox 181 2993 1170 3050; baseline -0.006 -7"><span class='ocrx_word' id='word_1_187' title='bbox 181 3001 226 3046; x_wconf 73' lang='lat' dir='ltr'>in</span> <span class='ocrx_word' id='word_1_188' title='bbox 239 2998 345 3044; x_wconf 78' lang='lat' dir='ltr'>statu</span> <span class='ocrx_word' id='word_1_189' title='bbox 359 3026 374 3050; x_wconf 87' lang='lat'>,</span> <span class='ocrx_word' id='word_1_190' title='bbox 387 2998 429 3039; x_wconf 74' lang='grc' dir='ltr'>δι</span> <span class='ocrx_word' id='word_1_191' title='bbox 444 2996 509 3038; x_wconf 85' lang='lat' dir='ltr'>via</span> <span class='ocrx_word' id='word_1_192' title='bbox 530 2993 814 3037; x_wconf 84' lang='lat' dir='ltr'>salvandorum</span> <span class='ocrx_word' id='word_1_193' title='bbox 829 3006 912 3036; x_wconf 84' lang='lat' dir='ltr'>non</span> <span class='ocrx_word' id='word_1_194' title='bbox 924 3004 1042 3037; x_wconf 90' lang='lat' dir='ltr'>erant</span> <span class='ocrx_word' id='word_1_195' title='bbox 1057 3023 1072 3047; x_wconf 88' lang='lat'>,</span> <span class='ocrx_word' id='word_1_196' title='bbox 1091 3008 1170 3038; x_wconf 91' lang='lat' dir='ltr'>nec</span> 
     </span>
     <span class='ocr_line' id='line_1_37' title="bbox 183 3051 1168 3108; baseline -0.006 -4"><span class='ocrx_word' id='word_1_197' title='bbox 183 3057 400 3105; x_wconf 87' lang='lat' dir='ltr'>meritoria</span> <span class='ocrx_word' id='word_1_198' title='bbox 434 3084 448 3108; x_wconf 90' lang='lat'>,</span> <span class='ocrx_word' id='word_1_199' title='bbox 474 3069 549 3099; x_wconf 88' lang='lat' dir='ltr'>nec</span> <span class='ocrx_word' id='word_1_200' title='bbox 571 3051 777 3097; x_wconf 84' lang='lat' dir='ltr'>salutifera</span> <span class='ocrx_word' id='word_1_201' title='bbox 800 3052 991 3097; x_wconf 81' lang='lat' dir='ltr'>existebat</span> <span class='ocrx_word' id='word_1_202' title='bbox 1023 3068 1168 3098; x_wconf 87' lang='lat' dir='ltr'>eorum</span> 
     </span>
     <span class='ocr_line' id='line_1_38' title="bbox 183 3112 1173 3172; baseline -0.009 -8"><span class='ocrx_word' id='word_1_203' title='bbox 183 3116 429 3164; x_wconf 82' lang='lat' dir='ltr'>mendicitas</span> <span class='ocrx_word' id='word_1_204' title='bbox 442 3116 484 3157; x_wconf 81' lang='grc' dir='ltr'>δι</span> <span class='ocrx_word' id='word_1_205' title='bbox 499 3124 714 3172; x_wconf 83' lang='lat' dir='ltr'>paupertas</span> <span class='ocrx_word' id='word_1_206' title='bbox 730 3140 744 3164; x_wconf 92' lang='lat'>,</span> <span class='ocrx_word' id='word_1_207' title='bbox 769 3125 862 3154; x_wconf 86' lang='lat' dir='ltr'>eum</span> <span class='ocrx_word' id='word_1_208' title='bbox 874 3112 1070 3157; x_wconf 89' lang='lat' dir='ltr'>deberent</span> <span class='ocrx_word' id='word_1_209' title='bbox 1101 3129 1173 3157; x_wconf 82' lang='lat' dir='ltr'>va-</span> 
     </span>
    </p>
   </div>
   <div class='ocr_carea' id='block_1_11' title="bbox 185 3170 1187 3231">
    <p class='ocr_par' dir='ltr' id='par_1_12' title="bbox 185 3170 1187 3231">
     <span class='ocr_line' id='line_1_39' title="bbox 185 3170 1187 3231; baseline -0.01 -7"><span class='ocrx_word' id='word_1_210' title='bbox 185 3174 364 3224; x_wconf 88' lang='lat' dir='ltr'>letudini</span> <span class='ocrx_word' id='word_1_211' title='bbox 389 3174 600 3231; x_wconf 87' lang='lat' dir='ltr'>corporali</span> <span class='ocrx_word' id='word_1_212' title='bbox 625 3200 640 3224; x_wconf 79' lang='lat'>,</span> <span class='ocrx_word' id='word_1_213' title='bbox 667 3175 708 3215; x_wconf 78' lang='grc' dir='ltr'>δι</span> <span class='ocrx_word' id='word_1_214' title='bbox 745 3170 836 3215; x_wconf 87' lang='lat' dir='ltr'>aliis</span> <span class='ocrx_word' id='word_1_215' title='bbox 862 3172 970 3229; x_wconf 81' lang='lat' dir='ltr'>justis</span> <span class='ocrx_word' id='word_1_216' title='bbox 1000 3173 1187 3230; x_wconf 70' lang='lat' dir='ltr'>impedi-‚</span> 
     </span>
    </p>
   </div>
   <div class='ocr_carea' id='block_1_12' title="bbox 118 3231 1176 3883">
    <p class='ocr_par' dir='ltr' id='par_1_13' title="bbox 118 3231 1176 3883">
     <span class='ocr_line' id='line_1_40' title="bbox 185 3231 1174 3289; baseline -0.003 -10"><span class='ocrx_word' id='word_1_217' title='bbox 185 3236 337 3283; x_wconf 86' lang='lat' dir='ltr'>mentis</span> <span class='ocrx_word' id='word_1_218' title='bbox 364 3232 605 3278; x_wconf 80' lang='lat' dir='ltr'>ceffantibus</span> <span class='ocrx_word' id='word_1_219' title='bbox 621 3262 638 3285; x_wconf 86' lang='lat'>,</span> <span class='ocrx_word' id='word_1_220' title='bbox 664 3231 836 3287; x_wconf 88' lang='lat' dir='ltr'>propriis</span> <span class='ocrx_word' id='word_1_221' title='bbox 858 3232 1042 3276; x_wconf 84' lang='lat' dir='ltr'>manibus</span> <span class='ocrx_word' id='word_1_222' title='bbox 1070 3248 1174 3289; x_wconf 92' lang='lat' dir='ltr'>ope-</span> 
     </span>
     <span class='ocr_line' id='line_1_41' title="bbox 183 3290 1174 3350; baseline -0.005 -9"><span class='ocrx_word' id='word_1_223' title='bbox 183 3298 267 3343; x_wconf 76' lang='lat' dir='ltr'>&#39;rari</span> <span class='ocrx_word' id='word_1_224' title='bbox 284 3323 300 3346; x_wconf 73' lang='lat' dir='ltr'>s</span> <span class='ocrx_word' id='word_1_225' title='bbox 313 3295 387 3339; x_wconf 90' lang='lat' dir='ltr'>sub</span> <span class='ocrx_word' id='word_1_226' title='bbox 400 3296 467 3350; x_wconf 89' lang='lat' dir='ltr'>spe</span> <span class='ocrx_word' id='word_1_227' title='bbox 485 3293 605 3336; x_wconf 87' lang='lat' dir='ltr'>alieni</span> <span class='ocrx_word' id='word_1_228' title='bbox 627 3290 784 3335; x_wconf 88' lang='lat' dir='ltr'>subfidii</span> <span class='ocrx_word' id='word_1_229' title='bbox 800 3305 881 3333; x_wconf 88' lang='lat' dir='ltr'>non</span> <span class='ocrx_word' id='word_1_230' title='bbox 906 3293 1144 3349; x_wconf 84' lang='lat' dir='ltr'>torquendo</span> <span class='ocrx_word' id='word_1_231' title='bbox 1159 3322 1174 3345; x_wconf 93' lang='lat'>,</span> 
     </span>
     <span class='ocr_line' id='line_1_42' title="bbox 186 3348 1176 3412; baseline -0.009 -10"><span class='ocrx_word' id='word_1_232' title='bbox 186 3371 263 3402; x_wconf 87' lang='lat' dir='ltr'>nec</span> <span class='ocrx_word' id='word_1_233' title='bbox 276 3369 353 3412; x_wconf 87' lang='lat' dir='ltr'>pro</span> <span class='ocrx_word' id='word_1_234' title='bbox 368 3353 680 3398; x_wconf 80' lang='lat' dir='ltr'>substentatione</span> <span class='ocrx_word' id='word_1_235' title='bbox 693 3379 708 3403; x_wconf 90' lang='lat'>‚</span> <span class='ocrx_word' id='word_1_236' title='bbox 726 3349 789 3392; x_wconf 85' lang='lat' dir='ltr'>vel</span> <span class='ocrx_word' id='word_1_237' title='bbox 806 3348 1030 3395; x_wconf 78' lang='lat' dir='ltr'>necessariis</span> <span class='ocrx_word' id='word_1_238' title='bbox 1046 3364 1176 3396; x_wconf 87' lang='lat' dir='ltr'>extra-</span> 
     </span>
     <span class='ocr_line' id='line_1_43' title="bbox 118 3410 1175 3468; baseline -0.007 -8"><span class='ocrx_word' id='word_1_239' title='bbox 118 3442 130 3453; x_wconf 68' lang='lat'>=</span> <span class='ocrx_word' id='word_1_240' title='bbox 189 3411 551 3461; x_wconf 84' lang='lat' dir='ltr'>neamendicando</span> <span class='ocrx_word' id='word_1_241' title='bbox 564 3411 776 3468; x_wconf 84' lang='lat' dir='ltr'>suffragia,</span> <span class='ocrx_word' id='word_1_242' title='bbox 805 3410 868 3454; x_wconf 87' lang='lat' dir='ltr'>seu</span> <span class='ocrx_word' id='word_1_243' title='bbox 884 3411 934 3453; x_wconf 88' lang='lat' dir='ltr'>ab</span> <span class='ocrx_word' id='word_1_244' title='bbox 964 3410 1055 3454; x_wconf 87' lang='lat' dir='ltr'>aliis</span> <span class='ocrx_word' id='word_1_245' title='bbox 1082 3412 1175 3454; x_wconf 81' lang='lat' dir='ltr'>vitae</span> 
     </span>
     <span class='ocr_line' id='line_1_44' title="bbox 191 3469 1175 3530; baseline -0.006 -11"><span class='ocrx_word' id='word_1_246' title='bbox 191 3473 436 3519; x_wconf 71' lang='lat' dir='ltr'>adminicula</span> <span class='ocrx_word' id='word_1_247' title='bbox 459 3469 740 3530; x_wconf 65' lang='lat' dir='ltr'>exspee’tando3</span> <span class='ocrx_word' id='word_1_248' title='bbox 760 3470 955 3525; x_wconf 91' lang='lat' dir='ltr'>quodque</span> <span class='ocrx_word' id='word_1_249' title='bbox 978 3469 1030 3513; x_wconf 91' lang='lat' dir='ltr'>de</span> <span class='ocrx_word' id='word_1_250' title='bbox 1044 3469 1175 3514; x_wconf 86' lang='lat' dir='ltr'>licen·</span> 
     </span>
     <span class='ocr_line' id='line_1_45' title="bbox 192 3528 1173 3588; baseline -0.003 -14"><span class='ocrx_word' id='word_1_251' title='bbox 192 3532 247 3576; x_wconf 82' lang='lat' dir='ltr'>tia</span> <span class='ocrx_word' id='word_1_252' title='bbox 271 3563 288 3588; x_wconf 83' lang='lat'>‚</span> <span class='ocrx_word' id='word_1_253' title='bbox 313 3534 378 3578; x_wconf 86' lang='lat' dir='ltr'>vel</span> <span class='ocrx_word' id='word_1_254' title='bbox 419 3531 698 3576; x_wconf 78' lang='lat' dir='ltr'>commistione</span> <span class='ocrx_word' id='word_1_255' title='bbox 725 3532 901 3574; x_wconf 80' lang='lat' dir='ltr'>Romani</span> <span class='ocrx_word' id='word_1_256' title='bbox 932 3528 1173 3583; x_wconf 83' lang='lat' dir='ltr'>Pontificis,</span> 
     </span>
     <span class='ocr_line' id='line_1_46' title="bbox 194 3588 1172 3648; baseline -0.002 -14"><span class='ocrx_word' id='word_1_257' title='bbox 194 3591 259 3635; x_wconf 88' lang='lat' dir='ltr'>seu</span> <span class='ocrx_word' id='word_1_258' title='bbox 305 3592 483 3637; x_wconf 76' lang='lat' dir='ltr'>Dioecess</span> <span class='ocrx_word' id='word_1_259' title='bbox 522 3591 826 3648; x_wconf 80' lang='lat' dir='ltr'>Episcoporum</span> <span class='ocrx_word' id='word_1_260' title='bbox 871 3588 1172 3645; x_wconf 83' lang='lat' dir='ltr'>praedicationis</span> 
     </span>
     <span class='ocr_line' id='line_1_47' title="bbox 193 3646 1172 3704; baseline 0 -12"><span class='ocrx_word' id='word_1_261' title='bbox 193 3659 377 3696; x_wconf 72' lang='lat' dir='ltr'>exercere</span> <span class='ocrx_word' id='word_1_262' title='bbox 400 3651 612 3704; x_wconf 84' lang='lat' dir='ltr'>officium,</span> <span class='ocrx_word' id='word_1_263' title='bbox 638 3650 706 3694; x_wconf 84' lang='lat' dir='ltr'>vel</span> <span class='ocrx_word' id='word_1_264' title='bbox 739 3646 1003 3692; x_wconf 83' lang='lat' dir='ltr'>conseffiones</span> <span class='ocrx_word' id='word_1_265' title='bbox 1030 3649 1172 3692; x_wconf 87' lang='lat' dir='ltr'>audire</span> 
     </span>
     <span class='ocr_line' id='line_1_48' title="bbox 193 3707 1171 3765; baseline 0 -15"><span class='ocrx_word' id='word_1_266' title='bbox 193 3707 324 3751; x_wconf 62' lang='lat' dir='ltr'>libere</span> <span class='ocrx_word' id='word_1_267' title='bbox 352 3725 432 3754; x_wconf 87' lang='lat' dir='ltr'>non</span> <span class='ocrx_word' id='word_1_268' title='bbox 457 3711 647 3754; x_wconf 85' lang='lat' dir='ltr'>valebant</span> <span class='ocrx_word' id='word_1_269' title='bbox 670 3740 684 3762; x_wconf 84' lang='lat'><strong>‚</strong></span> <span class='ocrx_word' id='word_1_270' title='bbox 708 3719 900 3765; x_wconf 78' lang='lat' dir='ltr'>tanquam</span> <span class='ocrx_word' id='word_1_271' title='bbox 912 3723 985 3765; x_wconf 90' lang='lat' dir='ltr'>per</span> <span class='ocrx_word' id='word_1_272' title='bbox 1000 3709 1077 3750; x_wconf 87' lang='lat' dir='ltr'>hoc</span> <span class='ocrx_word' id='word_1_273' title='bbox 1095 3712 1171 3752; x_wconf 88' lang='lat' dir='ltr'>Sa-</span> 
     </span>
     <span class='ocr_line' id='line_1_49' title="bbox 189 3766 1168 3827; baseline 0 -19"><span class='ocrx_word' id='word_1_274' title='bbox 189 3766 427 3812; x_wconf 88' lang='lat' dir='ltr'>cerdotibus</span> <span class='ocrx_word' id='word_1_275' title='bbox 465 3770 769 3827; x_wconf 83' lang='lat' dir='ltr'>parochialibus</span> <span class='ocrx_word' id='word_1_276' title='bbox 803 3767 1076 3825; x_wconf 81' lang='lat' dir='ltr'>praejudicium</span> <span class='ocrx_word' id='word_1_277' title='bbox 1104 3768 1168 3808; x_wconf 89' lang='lat' dir='ltr'>in-</span> 
     </span>
     <span class='ocr_line' id='line_1_50' title="bbox 188 3823 1167 3883; baseline -0.007 -9"><span class='ocrx_word' id='word_1_278' title='bbox 188 3823 370 3874; x_wconf 60' lang='lat' dir='ltr'>ferrent,</span> <span class='ocrx_word' id='word_1_279' title='bbox 403 3841 447 3870; x_wconf 79' lang='lat' dir='ltr'>ac</span> <span class='ocrx_word' id='word_1_280' title='bbox 473 3830 551 3874; x_wconf 88' lang='lat' dir='ltr'>alia</span> <span class='ocrx_word' id='word_1_281' title='bbox 582 3829 845 3872; x_wconf 83' lang='lat' dir='ltr'>nibilominus</span> <span class='ocrx_word' id='word_1_282' title='bbox 867 3840 991 3883; x_wconf 84' lang='lat' dir='ltr'>prava</span> <span class='ocrx_word' id='word_1_283' title='bbox 1018 3828 1058 3868; x_wconf 75' lang='grc' dir='ltr'>δι</span> <span class='ocrx_word' id='word_1_284' title='bbox 1087 3826 1167 3868; x_wconf 86' lang='lat' dir='ltr'>ini-</span> 
     </span>
    </p>
   </div>
   <div class='ocr_carea' id='block_1_13' title="bbox 183 3883 1158 3988">
    <p class='ocr_par' dir='ltr' id='par_1_14' title="bbox 183 3883 1158 3988">
     <span class='ocr_line' id='line_1_51' title="bbox 183 3883 1158 3988; baseline -0.007 -51"><span class='ocrx_word' id='word_1_285' title='bbox 183 3899 261 3942; x_wconf 74' lang='lat' dir='ltr'>qua</span> <span class='ocrx_word' id='word_1_286' title='bbox 279 3911 292 3936; x_wconf 78' lang='lat'><strong>³</strong></span> <span class='ocrx_word' id='word_1_287' title='bbox 308 3884 358 3988; x_wconf 53' lang='lat' dir='ltr'>:itu</span> <span class='ocrx_word' id='word_1_288' title='bbox 389 3883 678 3988; x_wconf 46' lang='lat' dir='ltr'>‘legationem</span> <span class='ocrx_word' id='word_1_289' title='bbox 712 3901 856 3934; x_wconf 86' lang='lat' dir='ltr'>corum</span> <span class='ocrx_word' id='word_1_290' title='bbox 872 3887 943 3941; x_wconf 76' lang='grc' dir='ltr'>,δι</span> <span class='ocrx_word' id='word_1_291' title='bbox 960 3885 1158 3931; x_wconf 63' lang='lat' dir='ltr'>suorum.»</span> 
     </span>
     <span class='ocr_line' id='line_1_52' title="bbox 261 3956 486 3988; baseline 0.004 -1"><span class='ocrx_word' id='word_1_292' title='bbox 261 3973 267 3976; x_wconf 88' lang='lat'><em>-</em></span> <span class='ocrx_word' id='word_1_293' title='bbox 342 3956 416 3987; x_wconf 81' lang='lat' dir='ltr'>om.</span> <span class='ocrx_word' id='word_1_294' title='bbox 472 3973 486 3988; x_wconf 85' lang='lat'><strong>.</strong></span> 
     </span>
    </p>
   </div>
   <div class='ocr_carea' id='block_1_14' title="bbox 1232 385 2241 2111">
    <p class='ocr_par' dir='ltr' id='par_1_15' title="bbox 1232 385 2228 487">
     <span class='ocr_line' id='line_1_53' title="bbox 1232 385 2228 487; baseline 0.017 -61"><span class='ocrx_word' id='word_1_295' title='bbox 1232 387 1439 487; x_wconf 53' lang='lat' dir='ltr'>Ordgnum</span> <span class='ocrx_word' id='word_1_296' title='bbox 1451 385 1783 442; x_wconf 80' lang='lat' dir='ltr'>derogationem,</span> <span class='ocrx_word' id='word_1_297' title='bbox 1797 402 1872 433; x_wconf 87' lang='lat' dir='ltr'>ora</span> <span class='ocrx_word' id='word_1_298' title='bbox 1885 393 2101 453; x_wconf 81' lang='lat' dir='ltr'>maliloqua</span> <span class='ocrx_word' id='word_1_299' title='bbox 2114 400 2228 442; x_wconf 85' lang='lat' dir='ltr'>rela-</span> 
     </span>
     <span class='ocr_line' id='line_1_54' title="bbox 1232 458 1400 487; baseline -0.006 0"><span class='ocrx_word' id='word_1_300' title='bbox 1232 459 1312 487; x_wconf 87' lang='lat' dir='ltr'>xan</span> <span class='ocrx_word' id='word_1_301' title='bbox 1344 458 1373 486; x_wconf 94' lang='grc' dir='ltr'><strong>ο</strong></span> <span class='ocrx_word' id='word_1_302' title='bbox 1387 473 1400 486; x_wconf 95' lang='grc'><strong>.</strong></span> 
     </span>
    </p>

    <p class='ocr_par' dir='ltr' id='par_1_16' title="bbox 1234 504 2241 2111">
     <span class='ocr_line' id='line_1_55' title="bbox 1359 504 2233 560; baseline 0.01 -13"><span class='ocrx_word' id='word_1_303' title='bbox 1359 507 1467 547; x_wconf 91' lang='lat' dir='ltr'>Cum</span> <span class='ocrx_word' id='word_1_304' title='bbox 1484 504 1747 560; x_wconf 82' lang='lat' dir='ltr'>igitur-iidem</span> <span class='ocrx_word' id='word_1_305' title='bbox 1770 508 1946 550; x_wconf 88' lang='lat' dir='ltr'>Ordines</span> <span class='ocrx_word' id='word_1_306' title='bbox 1974 509 2127 554; x_wconf 85' lang='lat' dir='ltr'>suerint</span> <span class='ocrx_word' id='word_1_307' title='bbox 2154 515 2233 556; x_wconf 80' lang='lat' dir='ltr'>du-&#39;</span> 
     </span>
     <span class='ocr_line' id='line_1_56' title="bbox 1244 561 2231 622; baseline 0.008 -18"><span class='ocrx_word' id='word_1_308' title='bbox 1244 561 1380 607; x_wconf 71' lang='lat' dir='ltr'>duma</span> <span class='ocrx_word' id='word_1_309' title='bbox 1396 564 1502 606; x_wconf 89' lang='lat' dir='ltr'>Sede</span> <span class='ocrx_word' id='word_1_310' title='bbox 1533 565 1770 619; x_wconf 78' lang='lat' dir='ltr'>Apostolica</span> <span class='ocrx_word' id='word_1_311' title='bbox 1785 595 1799 617; x_wconf 85' lang='lat'>,</span> <span class='ocrx_word' id='word_1_312' title='bbox 1828 568 1926 609; x_wconf 80' lang='lat' dir='ltr'>sicut</span> <span class='ocrx_word' id='word_1_313' title='bbox 1949 567 2075 620; x_wconf 87' lang='lat' dir='ltr'>sacri,</span> <span class='ocrx_word' id='word_1_314' title='bbox 2102 571 2231 622; x_wconf 76' lang='lat' dir='ltr'>clari,</span> 
     </span>
     <span class='ocr_line' id='line_1_57' title="bbox 1244 622 2232 682; baseline 0.009 -19"><span class='ocrx_word' id='word_1_315' title='bbox 1244 623 1287 663; x_wconf 73' lang='grc' dir='ltr'>δι</span> <span class='ocrx_word' id='word_1_316' title='bbox 1308 622 1519 677; x_wconf 86' lang='lat' dir='ltr'>conspicui</span> <span class='ocrx_word' id='word_1_317' title='bbox 1541 650 1556 673; x_wconf 80' lang='lat'>,</span> <span class='ocrx_word' id='word_1_318' title='bbox 1579 627 1796 679; x_wconf 88' lang='lat' dir='ltr'>approbati</span> <span class='ocrx_word' id='word_1_319' title='bbox 1822 653 1836 674; x_wconf 82' lang='lat'>,</span> <span class='ocrx_word' id='word_1_320' title='bbox 1883 640 1931 668; x_wconf 88' lang='lat' dir='ltr'>ex</span> <span class='ocrx_word' id='word_1_321' title='bbox 1968 630 2113 682; x_wconf 85' lang='lat' dir='ltr'>quibus</span> <span class='ocrx_word' id='word_1_322' title='bbox 2152 629 2232 682; x_wconf 82' lang='lat' dir='ltr'>jam</span> 
     </span>
     <span class='ocr_line' id='line_1_58' title="bbox 1244 682 2232 739; baseline 0.006 -16"><span class='ocrx_word' id='word_1_323' title='bbox 1244 682 1434 724; x_wconf 85' lang='lat' dir='ltr'>nonnulli</span> <span class='ocrx_word' id='word_1_324' title='bbox 1451 684 1616 726; x_wconf 79' lang='lat' dir='ltr'>Fratres</span> <span class='ocrx_word' id='word_1_325' title='bbox 1630 685 1682 726; x_wconf 88' lang='lat' dir='ltr'>ad</span> <span class='ocrx_word' id='word_1_326' title='bbox 1714 688 1940 739; x_wconf 76' lang='lat' dir='ltr'>tupremam</span> <span class='ocrx_word' id='word_1_327' title='bbox 1959 688 2140 739; x_wconf 65' lang='lat' dir='ltr'>provecti</span> <span class='ocrx_word' id='word_1_328' title='bbox 2157 688 2232 729; x_wconf 88' lang='lat' dir='ltr'>Pa-</span> 
     </span>
     <span class='ocr_line' id='line_1_59' title="bbox 1243 740 2237 800; baseline 0.004 -18"><span class='ocrx_word' id='word_1_329' title='bbox 1243 740 1363 783; x_wconf 87' lang='lat' dir='ltr'>triam</span> <span class='ocrx_word' id='word_1_330' title='bbox 1399 741 1439 783; x_wconf 89' lang='lat' dir='ltr'>in</span> <span class='ocrx_word' id='word_1_331' title='bbox 1466 743 1696 786; x_wconf 69' lang='lat' dir='ltr'>sannorum</span> <span class='ocrx_word' id='word_1_332' title='bbox 1728 757 1900 787; x_wconf 87' lang='lat' dir='ltr'>numero</span> <span class='ocrx_word' id='word_1_333' title='bbox 1931 745 2017 786; x_wconf 79' lang='lat' dir='ltr'>lunt</span> <span class='ocrx_word' id='word_1_334' title='bbox 2042 746 2203 800; x_wconf 83' lang='lat' dir='ltr'>ascripti</span> <span class='ocrx_word' id='word_1_335' title='bbox 2222 773 2237 798; x_wconf 84' lang='lat'>,</span> 
     </span>
     <span class='ocr_line' id='line_1_60' title="bbox 1241 799 2232 855; baseline 0.004 -15"><span class='ocrx_word' id='word_1_336' title='bbox 1241 799 1284 840; x_wconf 73' lang='grc' dir='ltr'>δι</span> <span class='ocrx_word' id='word_1_337' title='bbox 1301 800 1416 842; x_wconf 87' lang='lat' dir='ltr'>velut</span> <span class='ocrx_word' id='word_1_338' title='bbox 1432 802 1654 844; x_wconf 88' lang='lat' dir='ltr'>eminentia</span> <span class='ocrx_word' id='word_1_339' title='bbox 1670 804 1912 847; x_wconf 87' lang='lat' dir='ltr'>candelabra</span> <span class='ocrx_word' id='word_1_340' title='bbox 1926 832 1940 855; x_wconf 89' lang='lat'>,</span> <span class='ocrx_word' id='word_1_341' title='bbox 1962 804 2003 844; x_wconf 78' lang='grc' dir='ltr'>δι</span> <span class='ocrx_word' id='word_1_342' title='bbox 2033 804 2116 845; x_wconf 92' lang='lat' dir='ltr'>duo</span> <span class='ocrx_word' id='word_1_343' title='bbox 2148 818 2232 844; x_wconf 87' lang='lat' dir='ltr'>ma-</span> 
     </span>
     <span class='ocr_line' id='line_1_61' title="bbox 1240 858 2238 914; baseline 0.004 -14"><span class='ocrx_word' id='word_1_344' title='bbox 1240 871 1318 914; x_wconf 87' lang='lat' dir='ltr'>gna</span> <span class='ocrx_word' id='word_1_345' title='bbox 1334 858 1549 903; x_wconf 88' lang='lat' dir='ltr'>luminaria</span> <span class='ocrx_word' id='word_1_346' title='bbox 1567 875 1606 903; x_wconf 81' lang='lat' dir='ltr'>in</span> <span class='ocrx_word' id='word_1_347' title='bbox 1627 862 1807 905; x_wconf 85' lang='lat' dir='ltr'>Ecclefia</span> <span class='ocrx_word' id='word_1_348' title='bbox 1825 864 1902 906; x_wconf 90' lang='lat' dir='ltr'>Dei</span> <span class='ocrx_word' id='word_1_349' title='bbox 1920 864 2101 912; x_wconf 89' lang='lat' dir='ltr'>luceant,</span> <span class='ocrx_word' id='word_1_350' title='bbox 2124 876 2168 903; x_wconf 87' lang='lat' dir='ltr'>ac</span> <span class='ocrx_word' id='word_1_351' title='bbox 2187 862 2238 904; x_wconf 88' lang='lat' dir='ltr'>ab</span> 
     </span>
     <span class='ocr_line' id='line_1_62' title="bbox 1238 917 2241 974; baseline 0.002 -13"><span class='ocrx_word' id='word_1_352' title='bbox 1238 917 1418 974; x_wconf 85' lang='lat' dir='ltr'>ipsorum</span> <span class='ocrx_word' id='word_1_353' title='bbox 1435 920 1647 963; x_wconf 87' lang='lat' dir='ltr'>Fratribus</span> <span class='ocrx_word' id='word_1_354' title='bbox 1664 922 1706 963; x_wconf 75' lang='grc' dir='ltr'>δι</span> <span class='ocrx_word' id='word_1_355' title='bbox 1729 922 1974 965; x_wconf 89' lang='lat' dir='ltr'>Cultoribus</span> <span class='ocrx_word' id='word_1_356' title='bbox 2004 928 2134 967; x_wconf 67' lang='lat' dir='ltr'>bacrae</span> <span class='ocrx_word' id='word_1_357' title='bbox 2154 924 2241 963; x_wconf 89' lang='lat' dir='ltr'>Do·</span> 
     </span>
     <span class='ocr_line' id='line_1_63' title="bbox 1238 978 2235 1038; baseline 0.001 -18"><span class='ocrx_word' id='word_1_358' title='bbox 1238 979 1375 1021; x_wconf 68' lang='lat' dir='ltr'>&amp;rinc</span> <span class='ocrx_word' id='word_1_359' title='bbox 1392 978 1527 1022; x_wconf 90' lang='lat' dir='ltr'>lumen</span> <span class='ocrx_word' id='word_1_360' title='bbox 1541 979 1797 1023; x_wconf 68' lang='lat' dir='ltr'>diffundatur</span> <span class='ocrx_word' id='word_1_361' title='bbox 1810 983 1956 1038; x_wconf 89' lang='lat' dir='ltr'>ubique</span> <span class='ocrx_word' id='word_1_362' title='bbox 1973 997 2044 1038; x_wconf 90' lang='lat' dir='ltr'>per</span> <span class='ocrx_word' id='word_1_363' title='bbox 2057 981 2204 1026; x_wconf 88' lang='lat' dir='ltr'>orbem</span> <span class='ocrx_word' id='word_1_364' title='bbox 2219 1007 2235 1031; x_wconf 87' lang='lat'>,</span> 
     </span>
     <span class='ocr_line' id='line_1_64' title="bbox 1238 1037 2240 1095; baseline -0.001 -13"><span class='ocrx_word' id='word_1_365' title='bbox 1238 1037 1390 1082; x_wconf 80' lang='lat' dir='ltr'>Christi</span> <span class='ocrx_word' id='word_1_366' title='bbox 1422 1038 1691 1095; x_wconf 85' lang='lat' dir='ltr'>Evangelium</span> <span class='ocrx_word' id='word_1_367' title='bbox 1721 1042 1915 1085; x_wconf 87' lang='lat' dir='ltr'>ardenter</span> <span class='ocrx_word' id='word_1_368' title='bbox 1943 1044 1983 1084; x_wconf 76' lang='grc' dir='ltr'>δι</span> <span class='ocrx_word' id='word_1_369' title='bbox 2018 1040 2240 1085; x_wconf 86' lang='lat' dir='ltr'>efficaciter</span> 
     </span>
     <span class='ocr_line' id='line_1_65' title="bbox 1236 1097 2238 1155; baseline 0.002 -16"><span class='ocrx_word' id='word_1_370' title='bbox 1236 1097 1548 1155; x_wconf 76' lang='lat' dir='ltr'>pradicetur,ac</span> <span class='ocrx_word' id='word_1_371' title='bbox 1566 1102 1674 1142; x_wconf 71' lang='lat' dir='ltr'>reeia</span> <span class='ocrx_word' id='word_1_372' title='bbox 1691 1101 1730 1142; x_wconf 85' lang='lat'>&amp;</span> <span class='ocrx_word' id='word_1_373' title='bbox 1747 1101 1837 1143; x_wconf 88' lang='lat' dir='ltr'>sana</span> <span class='ocrx_word' id='word_1_374' title='bbox 1851 1101 2077 1154; x_wconf 87' lang='lat' dir='ltr'>confilia,&amp;</span> <span class='ocrx_word' id='word_1_375' title='bbox 2094 1113 2238 1144; x_wconf 82' lang='lat' dir='ltr'>exem-</span> 
     </span>
     <span class='ocr_line' id='line_1_66' title="bbox 1236 1155 2238 1215; baseline 0 -15"><span class='ocrx_word' id='word_1_376' title='bbox 1236 1159 1303 1215; x_wconf 89' lang='lat' dir='ltr'>pla</span> <span class='ocrx_word' id='word_1_377' title='bbox 1319 1155 1506 1201; x_wconf 87' lang='lat' dir='ltr'>salutaria</span> <span class='ocrx_word' id='word_1_378' title='bbox 1522 1160 1890 1214; x_wconf 78' lang='lat' dir='ltr'>praebeantur3cum</span> <span class='ocrx_word' id='word_1_379' title='bbox 1905 1162 2029 1204; x_wconf 84' lang='lat' dir='ltr'>etiam</span> <span class='ocrx_word' id='word_1_380' title='bbox 2040 1161 2238 1204; x_wconf 73' lang='lat' dir='ltr'>diciiFra-</span> 
     </span>
     <span class='ocr_line' id='line_1_67' title="bbox 1235 1218 2235 1274; baseline 0 -14"><span class='ocrx_word' id='word_1_381' title='bbox 1235 1228 1318 1261; x_wconf 89' lang='lat' dir='ltr'>tres</span> <span class='ocrx_word' id='word_1_382' title='bbox 1335 1221 1466 1261; x_wconf 77' lang='lat' dir='ltr'>Sacra:</span> <span class='ocrx_word' id='word_1_383' title='bbox 1484 1218 1720 1274; x_wconf 68' lang='lat' dir='ltr'>Scriptura,</span> <span class='ocrx_word' id='word_1_384' title='bbox 1735 1233 1784 1261; x_wconf 86' lang='lat' dir='ltr'>ac</span> <span class='ocrx_word' id='word_1_385' title='bbox 1804 1221 1919 1265; x_wconf 76' lang='lat' dir='ltr'>verbi</span> <span class='ocrx_word' id='word_1_386' title='bbox 1936 1221 2013 1264; x_wconf 92' lang='lat' dir='ltr'>Dei</span> <span class='ocrx_word' id='word_1_387' title='bbox 2031 1219 2176 1266; x_wconf 79' lang='lat' dir='ltr'>fludio,</span> <span class='ocrx_word' id='word_1_388' title='bbox 2194 1218 2235 1260; x_wconf 73' lang='grc' dir='ltr'>δι</span> 
     </span>
     <span class='ocr_line' id='line_1_68' title="bbox 1236 1275 2239 1333; baseline -0.002 -13"><span class='ocrx_word' id='word_1_389' title='bbox 1236 1278 1463 1321; x_wconf 87' lang='lat' dir='ltr'>animarum</span> <span class='ocrx_word' id='word_1_390' title='bbox 1482 1276 1729 1333; x_wconf 68' lang='lat' dir='ltr'>profectibus</span> <span class='ocrx_word' id='word_1_391' title='bbox 1744 1308 1760 1330; x_wconf 91' lang='lat'>,</span> <span class='ocrx_word' id='word_1_392' title='bbox 1779 1293 1939 1324; x_wconf 90' lang='lat' dir='ltr'>necnon</span> <span class='ocrx_word' id='word_1_393' title='bbox 1958 1279 2121 1323; x_wconf 85' lang='lat' dir='ltr'>Divinis</span> <span class='ocrx_word' id='word_1_394' title='bbox 2135 1275 2239 1320; x_wconf 85' lang='lat' dir='ltr'>offi-</span> 
     </span>
     <span class='ocr_line' id='line_1_69' title="bbox 1236 1335 2237 1384; baseline 0.001 -4"><span class='ocrx_word' id='word_1_395' title='bbox 1236 1337 1308 1380; x_wconf 90' lang='lat' dir='ltr'>ciis</span> <span class='ocrx_word' id='word_1_396' title='bbox 1322 1338 1363 1380; x_wconf 84' lang='lat'>&amp;</span> <span class='ocrx_word' id='word_1_397' title='bbox 1375 1338 1633 1381; x_wconf 88' lang='lat' dir='ltr'>orationibus</span> <span class='ocrx_word' id='word_1_398' title='bbox 1652 1339 1846 1384; x_wconf 81' lang='lat' dir='ltr'>instanter</span> <span class='ocrx_word' id='word_1_399' title='bbox 1860 1341 1902 1384; x_wconf 76' lang='grc' dir='ltr'>δι</span> <span class='ocrx_word' id='word_1_400' title='bbox 1919 1339 2157 1383; x_wconf 78' lang='lat' dir='ltr'>inceffanter</span> <span class='ocrx_word' id='word_1_401' title='bbox 2171 1335 2237 1380; x_wconf 82' lang='lat' dir='ltr'>in·</span> 
     </span>
     <span class='ocr_line' id='line_1_70' title="bbox 1238 1395 2231 1454; baseline -0.001 -15"><span class='ocrx_word' id='word_1_402' title='bbox 1238 1396 1410 1440; x_wconf 88' lang='lat' dir='ltr'>tendant</span> <span class='ocrx_word' id='word_1_403' title='bbox 1435 1424 1449 1448; x_wconf 87' lang='lat'>,</span> <span class='ocrx_word' id='word_1_404' title='bbox 1476 1411 1723 1454; x_wconf 87' lang='lat' dir='ltr'>nequaquam</span> <span class='ocrx_word' id='word_1_405' title='bbox 1753 1410 1982 1444; x_wconf 83' lang='lat' dir='ltr'>marcentes</span> <span class='ocrx_word' id='word_1_406' title='bbox 2007 1399 2097 1442; x_wconf 90' lang='lat' dir='ltr'>otio</span> <span class='ocrx_word' id='word_1_407' title='bbox 2114 1428 2128 1448; x_wconf 93' lang='lat'>,</span> <span class='ocrx_word' id='word_1_408' title='bbox 2159 1395 2231 1439; x_wconf 92' lang='lat' dir='ltr'>sed</span> 
     </span>
     <span class='ocr_line' id='line_1_71' title="bbox 1237 1454 2238 1514; baseline -0.002 -15"><span class='ocrx_word' id='word_1_409' title='bbox 1237 1470 1364 1511; x_wconf 91' lang='lat' dir='ltr'>opere</span> <span class='ocrx_word' id='word_1_410' title='bbox 1398 1454 1437 1497; x_wconf 83' lang='lat' dir='ltr'>se</span> <span class='ocrx_word' id='word_1_411' title='bbox 1460 1463 1624 1512; x_wconf 84' lang='lat' dir='ltr'>optimo</span> <span class='ocrx_word' id='word_1_412' title='bbox 1650 1459 1689 1499; x_wconf 85' lang='lat'>&amp;</span> <span class='ocrx_word' id='word_1_413' title='bbox 1718 1459 1925 1514; x_wconf 82' lang='lat' dir='ltr'>potiffimo</span> <span class='ocrx_word' id='word_1_414' title='bbox 1965 1468 2202 1501; x_wconf 85' lang='lat' dir='ltr'>exercentes</span> <span class='ocrx_word' id='word_1_415' title='bbox 2222 1482 2238 1508; x_wconf 85' lang='lat'>,</span> 
     </span>
     <span class='ocr_line' id='line_1_72' title="bbox 1237 1514 2236 1571; baseline -0.002 -12"><span class='ocrx_word' id='word_1_416' title='bbox 1237 1529 1333 1559; x_wconf 90' lang='lat' dir='ltr'>cum</span> <span class='ocrx_word' id='word_1_417' title='bbox 1351 1514 1543 1571; x_wconf 85' lang='lat' dir='ltr'>sapientia</span> <span class='ocrx_word' id='word_1_418' title='bbox 1552 1529 1656 1571; x_wconf 87' lang='lat' dir='ltr'>opus</span> <span class='ocrx_word' id='word_1_419' title='bbox 1669 1517 1810 1558; x_wconf 78' lang='lat' dir='ltr'>exiliat</span> <span class='ocrx_word' id='word_1_420' title='bbox 1826 1519 2145 1568; x_wconf 83' lang='lat' dir='ltr'>maximum,nec</span> <span class='ocrx_word' id='word_1_421' title='bbox 2159 1515 2236 1558; x_wconf 88' lang='lat' dir='ltr'>fint</span> 
     </span>
     <span class='ocr_line' id='line_1_73' title="bbox 1238 1573 2234 1634; baseline 0.002 -18"><span class='ocrx_word' id='word_1_422' title='bbox 1238 1573 1367 1632; x_wconf 87' lang='lat' dir='ltr'>pluris</span> <span class='ocrx_word' id='word_1_423' title='bbox 1381 1601 1395 1623; x_wconf 92' lang='lat'><strong>‚</strong></span> <span class='ocrx_word' id='word_1_424' title='bbox 1425 1577 1463 1617; x_wconf 71' lang='grc' dir='ltr'>ὅ(</span> <span class='ocrx_word' id='word_1_425' title='bbox 1477 1578 1779 1632; x_wconf 88' lang='lat' dir='ltr'>quioperantur</span> <span class='ocrx_word' id='word_1_426' title='bbox 1795 1578 1977 1619; x_wconf 81' lang='lat' dir='ltr'>exterius</span> <span class='ocrx_word' id='word_1_427' title='bbox 1991 1607 2005 1628; x_wconf 90' lang='lat'>‚</span> <span class='ocrx_word' id='word_1_428' title='bbox 2022 1577 2145 1634; x_wconf 75' lang='lat' dir='ltr'>quam</span> <span class='ocrx_word' id='word_1_429' title='bbox 2163 1573 2234 1631; x_wconf 87' lang='lat' dir='ltr'>qui</span> 
     </span>
     <span class='ocr_line' id='line_1_74' title="bbox 1239 1633 2234 1692; baseline -0.002 -14"><span class='ocrx_word' id='word_1_430' title='bbox 1239 1633 1415 1678; x_wconf 75' lang='lat' dir='ltr'>studium</span> <span class='ocrx_word' id='word_1_431' title='bbox 1443 1634 1735 1692; x_wconf 79' lang='lat' dir='ltr'>cognoscendae</span> <span class='ocrx_word' id='word_1_432' title='bbox 1751 1635 1982 1679; x_wconf 84' lang='lat' dir='ltr'>divinitatis</span> <span class='ocrx_word' id='word_1_433' title='bbox 2011 1644 2234 1686; x_wconf 75' lang='lat' dir='ltr'>exercent3</span> 
     </span>
     <span class='ocr_line' id='line_1_75' title="bbox 1237 1695 2234 1751; baseline -0.003 -12"><span class='ocrx_word' id='word_1_434' title='bbox 1237 1695 1348 1739; x_wconf 90' lang='lat' dir='ltr'>unde</span> <span class='ocrx_word' id='word_1_435' title='bbox 1364 1695 1405 1736; x_wconf 76' lang='grc' dir='ltr'>δι</span> <span class='ocrx_word' id='word_1_436' title='bbox 1422 1696 1621 1738; x_wconf 86' lang='lat' dir='ltr'>Dominus</span> <span class='ocrx_word' id='word_1_437' title='bbox 1636 1722 1650 1744; x_wconf 88' lang='lat'>,</span> <span class='ocrx_word' id='word_1_438' title='bbox 1683 1695 1937 1739; x_wconf 82' lang='lat' dir='ltr'>ministrante</span> <span class='ocrx_word' id='word_1_439' title='bbox 1966 1711 2012 1739; x_wconf 94' lang='lat' dir='ltr'>ac</span> <span class='ocrx_word' id='word_1_440' title='bbox 2035 1702 2234 1751; x_wconf 87' lang='lat' dir='ltr'>operante</span> 
     </span>
     <span class='ocr_line' id='line_1_76' title="bbox 1237 1753 2237 1806; baseline -0.004 -8"><span class='ocrx_word' id='word_1_441' title='bbox 1237 1756 1422 1806; x_wconf 81' lang='lat' dir='ltr'>Martha,</span> <span class='ocrx_word' id='word_1_442' title='bbox 1440 1756 1580 1799; x_wconf 74' lang='lat' dir='ltr'>Mariae</span> <span class='ocrx_word' id='word_1_443' title='bbox 1600 1754 1850 1799; x_wconf 83' lang='lat' dir='ltr'>audientiam</span> <span class='ocrx_word' id='word_1_444' title='bbox 1864 1758 1931 1805; x_wconf 77' lang='grc' dir='ltr'>,δι</span> <span class='ocrx_word' id='word_1_445' title='bbox 1952 1755 2127 1799; x_wconf 79' lang='lat' dir='ltr'>studium</span> <span class='ocrx_word' id='word_1_446' title='bbox 2155 1753 2237 1796; x_wconf 88' lang='lat' dir='ltr'>cir-</span> 
     </span>
     <span class='ocr_line' id='line_1_77' title="bbox 1236 1812 2235 1872; baseline -0.005 -14"><span class='ocrx_word' id='word_1_447' title='bbox 1236 1829 1285 1858; x_wconf 90' lang='lat' dir='ltr'>ca</span> <span class='ocrx_word' id='word_1_448' title='bbox 1302 1816 1475 1857; x_wconf 88' lang='lat' dir='ltr'>verbum</span> <span class='ocrx_word' id='word_1_449' title='bbox 1491 1814 1609 1872; x_wconf 86' lang='lat' dir='ltr'>ipfius</span> <span class='ocrx_word' id='word_1_450' title='bbox 1626 1816 1829 1871; x_wconf 69' lang='lat' dir='ltr'>praecipui:</span> <span class='ocrx_word' id='word_1_451' title='bbox 1852 1815 2111 1859; x_wconf 89' lang='lat' dir='ltr'>comendavit</span> <span class='ocrx_word' id='word_1_452' title='bbox 2132 1842 2144 1855; x_wconf 92' lang='lat'><strong>.</strong></span> <span class='ocrx_word' id='word_1_453' title='bbox 2173 1812 2235 1854; x_wconf 81' lang='lat' dir='ltr'>Ex</span> 
     </span>
     <span class='ocr_line' id='line_1_78' title="bbox 1234 1873 2236 1932; baseline -0.005 -15"><span class='ocrx_word' id='word_1_454' title='bbox 1234 1887 1321 1931; x_wconf 92' lang='lat' dir='ltr'>quo</span> <span class='ocrx_word' id='word_1_455' title='bbox 1345 1873 1503 1930; x_wconf 77' lang='lat' dir='ltr'>liquido</span> <span class='ocrx_word' id='word_1_456' title='bbox 1521 1883 1649 1929; x_wconf 88' lang='lat' dir='ltr'>patet,</span> <span class='ocrx_word' id='word_1_457' title='bbox 1665 1876 1829 1918; x_wconf 84' lang='lat' dir='ltr'>Fratres</span> <span class='ocrx_word' id='word_1_458' title='bbox 1844 1874 1948 1932; x_wconf 92' lang='lat' dir='ltr'>ipsos</span> <span class='ocrx_word' id='word_1_459' title='bbox 1976 1875 2027 1917; x_wconf 90' lang='lat' dir='ltr'>ad</span> <span class='ocrx_word' id='word_1_460' title='bbox 2057 1884 2236 1930; x_wconf 85' lang='lat' dir='ltr'>operan-</span> 
     </span>
     <span class='ocr_line' id='line_1_79' title="bbox 1235 1928 2234 1990; baseline -0.006 -13"><span class='ocrx_word' id='word_1_461' title='bbox 1235 1932 1336 1977; x_wconf 88' lang='lat' dir='ltr'>dum</span> <span class='ocrx_word' id='word_1_462' title='bbox 1352 1931 1427 1976; x_wconf 84' lang='lat' dir='ltr'>suis</span> <span class='ocrx_word' id='word_1_463' title='bbox 1442 1935 1629 1977; x_wconf 87' lang='lat' dir='ltr'>manibus</span> <span class='ocrx_word' id='word_1_464' title='bbox 1655 1946 1737 1976; x_wconf 85' lang='lat' dir='ltr'>non</span> <span class='ocrx_word' id='word_1_465' title='bbox 1754 1935 1911 1979; x_wconf 89' lang='lat' dir='ltr'>teneri.</span> <span class='ocrx_word' id='word_1_466' title='bbox 1926 1934 2127 1990; x_wconf 88' lang='lat' dir='ltr'>Quinimo</span> <span class='ocrx_word' id='word_1_467' title='bbox 2140 1931 2167 1972; x_wconf 84' lang='lat' dir='ltr'>ss</span> <span class='ocrx_word' id='word_1_468' title='bbox 2183 1928 2234 1972; x_wconf 89' lang='lat' dir='ltr'>iis</span> 
     </span>
     <span class='ocr_line' id='line_1_80' title="bbox 1235 1990 2234 2050; baseline 0 -14"><span class='ocrx_word' id='word_1_469' title='bbox 1235 1990 1469 2037; x_wconf 81' lang='lat' dir='ltr'>intermiffis</span> <span class='ocrx_word' id='word_1_470' title='bbox 1494 2023 1509 2047; x_wconf 90' lang='lat'>,</span> <span class='ocrx_word' id='word_1_471' title='bbox 1546 1992 1785 2039; x_wconf 88' lang='lat' dir='ltr'>laborarent</span> <span class='ocrx_word' id='word_1_472' title='bbox 1813 1995 1995 2038; x_wconf 84' lang='lat' dir='ltr'>manibus</span> <span class='ocrx_word' id='word_1_473' title='bbox 2023 2021 2038 2044; x_wconf 91' lang='lat'>,</span> <span class='ocrx_word' id='word_1_474' title='bbox 2068 1990 2234 2050; x_wconf 84' lang='lat' dir='ltr'>potiora</span> 
     </span>
     <span class='ocr_line' id='line_1_81' title="bbox 1237 2051 2238 2111; baseline -0.007 -13"><span class='ocrx_word' id='word_1_475' title='bbox 1237 2053 1382 2111; x_wconf 89' lang='lat' dir='ltr'>utique</span> <span class='ocrx_word' id='word_1_476' title='bbox 1395 2069 1442 2098; x_wconf 86' lang='lat' dir='ltr'>ac</span> <span class='ocrx_word' id='word_1_477' title='bbox 1459 2053 1628 2096; x_wconf 89' lang='lat' dir='ltr'>utiliora</span> <span class='ocrx_word' id='word_1_478' title='bbox 1643 2054 1684 2096; x_wconf 90' lang='lat' dir='ltr'>in</span> <span class='ocrx_word' id='word_1_479' title='bbox 1704 2056 1861 2097; x_wconf 86' lang='lat' dir='ltr'>minora</span> <span class='ocrx_word' id='word_1_480' title='bbox 1880 2084 1895 2106; x_wconf 87' lang='lat'>,</span> <span class='ocrx_word' id='word_1_481' title='bbox 1919 2055 2127 2108; x_wconf 87' lang='lat' dir='ltr'>minusque</span> <span class='ocrx_word' id='word_1_482' title='bbox 2153 2051 2238 2094; x_wconf 88' lang='lat' dir='ltr'>uti-</span> 
     </span>
    </p>
   </div>
   <div class='ocr_carea' id='block_1_15' title="bbox 1236 2110 2237 2210">
    <p class='ocr_par' dir='ltr' id='par_1_17' title="bbox 1236 2110 2237 2210">
     <span class='ocr_line' id='line_1_82' title="bbox 1237 2110 2237 2168; baseline -0.014 -2"><span class='ocrx_word' id='word_1_483' title='bbox 1237 2111 1291 2151; x_wconf 66' lang='lat' dir='ltr'>¹i⁸</span> <span class='ocrx_word' id='word_1_484' title='bbox 1321 2126 1447 2164; x_wconf 64' lang='grc' dir='ltr'>θΡθῑῑι</span> <span class='ocrx_word' id='word_1_485' title='bbox 1476 2141 1492 2161; x_wconf 76' lang='grc'><strong><em>,</em></strong></span> <span class='ocrx_word' id='word_1_486' title='bbox 1528 2127 1614 2156; x_wconf 91' lang='lat' dir='ltr'>non</span> <span class='ocrx_word' id='word_1_487' title='bbox 1645 2114 1727 2157; x_wconf 83' lang='lat' dir='ltr'>fine</span> <span class='ocrx_word' id='word_1_488' title='bbox 1755 2115 1982 2157; x_wconf 84' lang='lat' dir='ltr'>animarum</span> <span class='ocrx_word' id='word_1_489' title='bbox 2015 2110 2237 2168; x_wconf 84' lang='lat' dir='ltr'>dispendio</span> 
     </span>
     <span class='ocr_line' id='line_1_83' title="bbox 1236 2176 1571 2210; baseline 0.006 -2"><span class='ocrx_word' id='word_1_490' title='bbox 1236 2176 1544 2210; x_wconf 84' lang='lat' dir='ltr'>commutarent</span> <span class='ocrx_word' id='word_1_491' title='bbox 1558 2196 1571 2210; x_wconf 87' lang='lat'><strong>.</strong></span> 
     </span>
    </p>
   </div>
   <div class='ocr_carea' id='block_1_16' title="bbox 1239 2226 2232 2336">
    <p class='ocr_par' dir='ltr' id='par_1_18' title="bbox 1239 2226 2232 2336">
     <span class='ocr_line' id='line_1_84' title="bbox 1354 2226 2232 2284; baseline 0.007 -21"><span class='ocrx_word' id='word_1_492' title='bbox 1354 2227 1466 2264; x_wconf 85' lang='lat' dir='ltr'>Cum</span> <span class='ocrx_word' id='word_1_493' title='bbox 1482 2226 1640 2279; x_wconf 72' lang='lat' dir='ltr'>insuper</span> <span class='ocrx_word' id='word_1_494' title='bbox 1657 2227 1779 2271; x_wconf 81' lang='lat' dir='ltr'>iidem</span> <span class='ocrx_word' id='word_1_495' title='bbox 1795 2231 1962 2273; x_wconf 82' lang='lat' dir='ltr'>Fratres</span> <span class='ocrx_word' id='word_1_496' title='bbox 1976 2229 2112 2272; x_wconf 83' lang='lat' dir='ltr'>omnia</span> <span class='ocrx_word' id='word_1_497' title='bbox 2128 2240 2232 2284; x_wconf 89' lang='lat' dir='ltr'>pro-</span> 
     </span>
     <span class='ocr_line' id='line_1_85' title="bbox 1239 2279 2231 2336; baseline 0.009 -17"><span class='ocrx_word' id='word_1_498' title='bbox 1239 2284 1333 2334; x_wconf 90' lang='lat' dir='ltr'>pter</span> <span class='ocrx_word' id='word_1_499' title='bbox 1353 2279 1487 2320; x_wconf 88' lang='lat' dir='ltr'>Deum</span> <span class='ocrx_word' id='word_1_500' title='bbox 1514 2282 1760 2336; x_wconf 81' lang='lat' dir='ltr'>reliquerint</span> <span class='ocrx_word' id='word_1_501' title='bbox 1784 2287 1908 2325; x_wconf 77' lang='lat' dir='ltr'>exilia</span> <span class='ocrx_word' id='word_1_502' title='bbox 1940 2291 2033 2328; x_wconf 74' lang='lat' dir='ltr'>vitae</span> <span class='ocrx_word' id='word_1_503' title='bbox 2062 2287 2231 2328; x_wconf 76' lang='lat' dir='ltr'>subsidia</span> 
     </span>
    </p>
   </div>
   <div class='ocr_carea' id='block_1_17' title="bbox 1218 2337 2237 3879">
    <p class='ocr_par' dir='ltr' id='par_1_19' title="bbox 1218 2337 2237 3879">
     <span class='ocr_line' id='line_1_86' title="bbox 1238 2337 2234 2399; baseline 0.005 -19"><span class='ocrx_word' id='word_1_504' title='bbox 1238 2337 1546 2390; x_wconf 83' lang='lat' dir='ltr'>mendicantes,</span> <span class='ocrx_word' id='word_1_505' title='bbox 1578 2340 1868 2398; x_wconf 78' lang='lat' dir='ltr'>Christumque</span> <span class='ocrx_word' id='word_1_506' title='bbox 1898 2343 2109 2385; x_wconf 83' lang='lat' dir='ltr'>imitentur</span> <span class='ocrx_word' id='word_1_507' title='bbox 2135 2358 2234 2399; x_wconf 88' lang='lat' dir='ltr'>pau-</span> 
     </span>
     <span class='ocr_line' id='line_1_87' title="bbox 1237 2397 2234 2457; baseline 0.008 -19"><span class='ocrx_word' id='word_1_508' title='bbox 1237 2410 1377 2454; x_wconf 88' lang='lat' dir='ltr'>perem</span> <span class='ocrx_word' id='word_1_509' title='bbox 1394 2425 1409 2449; x_wconf 87' lang='lat'>,</span> <span class='ocrx_word' id='word_1_510' title='bbox 1432 2397 1730 2455; x_wconf 67' lang='lat' dir='ltr'>perfeffionem</span> <span class='ocrx_word' id='word_1_511' title='bbox 1758 2403 2053 2457; x_wconf 82' lang='lat' dir='ltr'>Evangelicam</span> <span class='ocrx_word' id='word_1_512' title='bbox 2078 2403 2234 2457; x_wconf 88' lang='lat' dir='ltr'>ample·</span> 
     </span>
     <span class='ocr_line' id='line_1_88' title="bbox 1234 2456 2230 2517; baseline 0.005 -18"><span class='ocrx_word' id='word_1_513' title='bbox 1234 2456 1401 2508; x_wconf 81' lang='lat' dir='ltr'>xand03</span> <span class='ocrx_word' id='word_1_514' title='bbox 1428 2468 1599 2513; x_wconf 91' lang='lat' dir='ltr'>propter</span> <span class='ocrx_word' id='word_1_515' title='bbox 1642 2458 1753 2513; x_wconf 89' lang='lat' dir='ltr'>quod</span> <span class='ocrx_word' id='word_1_516' title='bbox 1793 2461 2007 2503; x_wconf 90' lang='lat' dir='ltr'>evidenter</span> <span class='ocrx_word' id='word_1_517' title='bbox 2035 2473 2230 2517; x_wconf 85' lang='lat' dir='ltr'>apparet,</span> 
     </span>
     <span class='ocr_line' id='line_1_89' title="bbox 1235 2516 2232 2576; baseline 0.004 -16"><span class='ocrx_word' id='word_1_518' title='bbox 1235 2530 1308 2560; x_wconf 91' lang='lat' dir='ltr'>eos</span> <span class='ocrx_word' id='word_1_519' title='bbox 1326 2516 1365 2558; x_wconf 90' lang='lat' dir='ltr'>iu</span> <span class='ocrx_word' id='word_1_520' title='bbox 1380 2516 1481 2560; x_wconf 84' lang='lat' dir='ltr'>statu</span> <span class='ocrx_word' id='word_1_521' title='bbox 1497 2516 1791 2562; x_wconf 83' lang='lat' dir='ltr'>salvandorum</span> <span class='ocrx_word' id='word_1_522' title='bbox 1809 2520 1977 2563; x_wconf 80' lang='lat' dir='ltr'>existere</span> <span class='ocrx_word' id='word_1_523' title='bbox 1996 2523 2037 2563; x_wconf 77' lang='grc' dir='ltr'>δι</span> <span class='ocrx_word' id='word_1_524' title='bbox 2058 2534 2131 2576; x_wconf 87' lang='lat' dir='ltr'>per</span> <span class='ocrx_word' id='word_1_525' title='bbox 2156 2523 2232 2564; x_wconf 71' lang='lat' dir='ltr'>sua</span> 
     </span>
     <span class='ocr_line' id='line_1_90' title="bbox 1237 2576 2235 2637; baseline 0.003 -17"><span class='ocrx_word' id='word_1_526' title='bbox 1237 2576 1468 2632; x_wconf 81' lang='lat' dir='ltr'>Religionis</span> <span class='ocrx_word' id='word_1_527' title='bbox 1484 2579 1788 2620; x_wconf 78' lang='lat' dir='ltr'>observantiam</span> <span class='ocrx_word' id='word_1_528' title='bbox 1804 2608 1819 2632; x_wconf 87' lang='lat'>,</span> <span class='ocrx_word' id='word_1_529' title='bbox 1845 2593 1930 2637; x_wconf 84' lang='lat' dir='ltr'>qua:</span> <span class='ocrx_word' id='word_1_530' title='bbox 1955 2582 2121 2636; x_wconf 89' lang='lat' dir='ltr'>quidem</span> <span class='ocrx_word' id='word_1_531' title='bbox 2139 2582 2235 2637; x_wconf 88' lang='lat' dir='ltr'>ipst·</span> 
     </span>
     <span class='ocr_line' id='line_1_91' title="bbox 1235 2632 2237 2695; baseline 0.003 -15"><span class='ocrx_word' id='word_1_532' title='bbox 1235 2650 1282 2680; x_wconf 80' lang='lat' dir='ltr'>us</span> <span class='ocrx_word' id='word_1_533' title='bbox 1315 2632 1579 2692; x_wconf 70' lang='lat' dir='ltr'>perfeetionis</span> <span class='ocrx_word' id='word_1_534' title='bbox 1609 2638 1855 2695; x_wconf 72' lang='lat' dir='ltr'>evangelicae</span> <span class='ocrx_word' id='word_1_535' title='bbox 1886 2652 1998 2683; x_wconf 89' lang='lat' dir='ltr'>tenet</span> <span class='ocrx_word' id='word_1_536' title='bbox 2028 2639 2237 2691; x_wconf 79' lang='lat' dir='ltr'>sormam,</span> 
     </span>
     <span class='ocr_line' id='line_1_92' title="bbox 1234 2698 2235 2756; baseline 0.004 -16"><span class='ocrx_word' id='word_1_537' title='bbox 1234 2707 1399 2740; x_wconf 79' lang='lat' dir='ltr'>aeternae</span> <span class='ocrx_word' id='word_1_538' title='bbox 1426 2698 1710 2741; x_wconf 90' lang='lat' dir='ltr'>retributionis</span> <span class='ocrx_word' id='word_1_539' title='bbox 1737 2703 1898 2754; x_wconf 84' lang='lat' dir='ltr'>praemia</span> <span class='ocrx_word' id='word_1_540' title='bbox 1928 2698 2235 2756; x_wconf 81' lang='lat' dir='ltr'>praecellentem</span> 
     </span>
     <span class='ocr_line' id='line_1_93' title="bbox 1232 2756 2231 2815; baseline 0.002 -17"><span class='ocrx_word' id='word_1_541' title='bbox 1232 2756 1411 2815; x_wconf 79' lang='lat' dir='ltr'>gloriam</span> <span class='ocrx_word' id='word_1_542' title='bbox 1426 2760 1653 2814; x_wconf 90' lang='lat' dir='ltr'>promereri</span> <span class='ocrx_word' id='word_1_543' title='bbox 1668 2789 1679 2798; x_wconf 87' lang='lat'>-</span> <span class='ocrx_word' id='word_1_544' title='bbox 1697 2761 1805 2803; x_wconf 91' lang='lat' dir='ltr'>Cum</span> <span class='ocrx_word' id='word_1_545' title='bbox 1822 2762 1949 2803; x_wconf 89' lang='lat' dir='ltr'>etiam</span> <span class='ocrx_word' id='word_1_546' title='bbox 1962 2760 2015 2803; x_wconf 88' lang='lat' dir='ltr'>de</span> <span class='ocrx_word' id='word_1_547' title='bbox 2028 2760 2199 2803; x_wconf 85' lang='lat' dir='ltr'>licentia</span> <span class='ocrx_word' id='word_1_548' title='bbox 2214 2788 2231 2811; x_wconf 87' lang='lat'>,</span> 
     </span>
     <span class='ocr_line' id='line_1_94' title="bbox 1233 2816 2228 2864; baseline 0.005 -4"><span class='ocrx_word' id='word_1_549' title='bbox 1233 2817 1302 2860; x_wconf 77' lang='lat' dir='ltr'>vel</span> <span class='ocrx_word' id='word_1_550' title='bbox 1340 2816 1617 2861; x_wconf 83' lang='lat' dir='ltr'>commiffione</span> <span class='ocrx_word' id='word_1_551' title='bbox 1656 2828 1725 2861; x_wconf 85' lang='lat' dir='ltr'>aut</span> <span class='ocrx_word' id='word_1_552' title='bbox 1767 2819 2027 2864; x_wconf 83' lang='lat' dir='ltr'>concessione</span> <span class='ocrx_word' id='word_1_553' title='bbox 2053 2819 2228 2862; x_wconf 81' lang='lat' dir='ltr'>Romani</span> 
     </span>
     <span class='ocr_line' id='line_1_95' title="bbox 1233 2876 2231 2935; baseline -0.001 -13"><span class='ocrx_word' id='word_1_554' title='bbox 1233 2878 1446 2922; x_wconf 67' lang='lat' dir='ltr'>pontificis</span> <span class='ocrx_word' id='word_1_555' title='bbox 1464 2906 1479 2928; x_wconf 87' lang='lat'>,</span> <span class='ocrx_word' id='word_1_556' title='bbox 1494 2876 1560 2921; x_wconf 91' lang='lat' dir='ltr'>seu</span> <span class='ocrx_word' id='word_1_557' title='bbox 1579 2882 1827 2935; x_wconf 83' lang='lat' dir='ltr'>Legatorum</span> <span class='ocrx_word' id='word_1_558' title='bbox 1844 2882 1944 2934; x_wconf 80' lang='lat' dir='ltr'>ejus,</span> <span class='ocrx_word' id='word_1_559' title='bbox 1957 2880 2023 2923; x_wconf 87' lang='lat' dir='ltr'>vel</span> <span class='ocrx_word' id='word_1_560' title='bbox 2047 2879 2231 2922; x_wconf 86' lang='lat' dir='ltr'>Ordina-</span> 
     </span>
     <span class='ocr_line' id='line_1_96' title="bbox 1232 2938 2228 2996; baseline 0.001 -15"><span class='ocrx_word' id='word_1_561' title='bbox 1232 2950 1391 2981; x_wconf 84' lang='lat' dir='ltr'>norum</span> <span class='ocrx_word' id='word_1_562' title='bbox 1417 2938 1606 2981; x_wconf 86' lang='lat' dir='ltr'>locorum</span> <span class='ocrx_word' id='word_1_563' title='bbox 1634 2938 1749 2981; x_wconf 72' lang='lat' dir='ltr'>licite</span> <span class='ocrx_word' id='word_1_564' title='bbox 1767 2938 1908 2994; x_wconf 81' lang='lat' dir='ltr'>poffint</span> <span class='ocrx_word' id='word_1_565' title='bbox 1924 2938 2228 2996; x_wconf 83' lang='lat' dir='ltr'>praedicarepo-</span> 
     </span>
     <span class='ocr_line' id='line_1_97' title="bbox 1231 2996 2228 3055; baseline 0.001 -15"><span class='ocrx_word' id='word_1_566' title='bbox 1231 2996 1338 3053; x_wconf 89' lang='lat' dir='ltr'>pulis</span> <span class='ocrx_word' id='word_1_567' title='bbox 1354 3026 1371 3048; x_wconf 89' lang='lat'>,</span> <span class='ocrx_word' id='word_1_568' title='bbox 1396 2999 1437 3039; x_wconf 77' lang='grc' dir='ltr'>δι</span> <span class='ocrx_word' id='word_1_569' title='bbox 1454 2996 1737 3041; x_wconf 83' lang='lat' dir='ltr'>Confeffiones</span> <span class='ocrx_word' id='word_1_570' title='bbox 1753 2998 1898 3040; x_wconf 88' lang='lat' dir='ltr'>audire</span> <span class='ocrx_word' id='word_1_571' title='bbox 1911 3027 1925 3050; x_wconf 89' lang='lat'>,</span> <span class='ocrx_word' id='word_1_572' title='bbox 1955 3013 2003 3042; x_wconf 89' lang='lat' dir='ltr'>ac</span> <span class='ocrx_word' id='word_1_573' title='bbox 2016 3000 2228 3055; x_wconf 86' lang='lat' dir='ltr'>poeniten·</span> 
     </span>
     <span class='ocr_line' id='line_1_98' title="bbox 1232 3055 2230 3113; baseline -0.001 -13"><span class='ocrx_word' id='word_1_574' title='bbox 1232 3057 1311 3100; x_wconf 83' lang='lat' dir='ltr'>tias</span> <span class='ocrx_word' id='word_1_575' title='bbox 1326 3056 1544 3113; x_wconf 86' lang='lat' dir='ltr'>injungere</span> <span class='ocrx_word' id='word_1_576' title='bbox 1558 3055 1752 3101; x_wconf 86' lang='lat' dir='ltr'>salutares</span> <span class='ocrx_word' id='word_1_577' title='bbox 1771 3086 1785 3110; x_wconf 88' lang='lat'>,</span> <span class='ocrx_word' id='word_1_578' title='bbox 1801 3057 2112 3102; x_wconf 87' lang='lat' dir='ltr'>Venerabilibus</span> <span class='ocrx_word' id='word_1_579' title='bbox 2129 3060 2230 3100; x_wconf 87' lang='lat' dir='ltr'>Fra·</span> 
     </span>
     <span class='ocr_line' id='line_1_99' title="bbox 1234 3116 2226 3173; baseline -0.001 -15"><span class='ocrx_word' id='word_1_580' title='bbox 1234 3116 1368 3158; x_wconf 86' lang='lat' dir='ltr'>tribus</span> <span class='ocrx_word' id='word_1_581' title='bbox 1382 3117 1542 3159; x_wconf 75' lang='lat' dir='ltr'>Nostris</span> <span class='ocrx_word' id='word_1_582' title='bbox 1568 3117 1817 3169; x_wconf 66' lang='lat' dir='ltr'>Turmuenfi,</span> <span class='ocrx_word' id='word_1_583' title='bbox 1844 3118 1885 3159; x_wconf 76' lang='grc' dir='ltr'>δι</span> <span class='ocrx_word' id='word_1_584' title='bbox 1902 3116 2226 3173; x_wconf 84' lang='lat' dir='ltr'>Rotbomagenst</span> 
     </span>
     <span class='ocr_line' id='line_1_100' title="bbox 1234 3172 2227 3233; baseline -0.002 -15"><span class='ocrx_word' id='word_1_585' title='bbox 1234 3172 1572 3231; x_wconf 84' lang='lat' dir='ltr'>Archiepiseopis</span> <span class='ocrx_word' id='word_1_586' title='bbox 1588 3204 1603 3226; x_wconf 87' lang='lat'>,</span> <span class='ocrx_word' id='word_1_587' title='bbox 1625 3178 1666 3218; x_wconf 74' lang='grc' dir='ltr'>δι</span> <span class='ocrx_word' id='word_1_588' title='bbox 1689 3176 1890 3233; x_wconf 84' lang='lat' dir='ltr'>Episcopo</span> <span class='ocrx_word' id='word_1_589' title='bbox 1921 3175 2124 3219; x_wconf 86' lang='lat' dir='ltr'>Parifienfi</span> <span class='ocrx_word' id='word_1_590' title='bbox 2154 3174 2227 3217; x_wconf 87' lang='lat' dir='ltr'>da-</span> 
     </span>
     <span class='ocr_line' id='line_1_101' title="bbox 1235 3234 2227 3286; baseline -0.001 -9"><span class='ocrx_word' id='word_1_591' title='bbox 1235 3248 1326 3277; x_wconf 85' lang='lat' dir='ltr'>mus</span> <span class='ocrx_word' id='word_1_592' title='bbox 1341 3234 1484 3277; x_wconf 82' lang='lat' dir='ltr'>nostris</span> <span class='ocrx_word' id='word_1_593' title='bbox 1501 3235 1676 3286; x_wconf 90' lang='lat' dir='ltr'>litteris,</span> <span class='ocrx_word' id='word_1_594' title='bbox 1703 3237 1742 3278; x_wconf 90' lang='lat' dir='ltr'>in</span> <span class='ocrx_word' id='word_1_595' title='bbox 1760 3236 1914 3279; x_wconf 84' lang='lat' dir='ltr'>virtute</span> <span class='ocrx_word' id='word_1_596' title='bbox 1941 3234 2227 3286; x_wconf 82' lang='lat' dir='ltr'>Obedientiae,</span> 
     </span>
     <span class='ocr_line' id='line_1_102' title="bbox 1238 3293 2221 3351; baseline 0 -15"><span class='ocrx_word' id='word_1_597' title='bbox 1238 3293 1409 3336; x_wconf 85' lang='lat' dir='ltr'>firmiter</span> <span class='ocrx_word' id='word_1_598' title='bbox 1427 3295 1467 3336; x_wconf 91' lang='lat' dir='ltr'>in</span> <span class='ocrx_word' id='word_1_599' title='bbox 1484 3296 1698 3351; x_wconf 83' lang='lat' dir='ltr'>praeceptis</span> <span class='ocrx_word' id='word_1_600' title='bbox 1718 3323 1731 3345; x_wconf 92' lang='lat'>,</span> <span class='ocrx_word' id='word_1_601' title='bbox 1758 3306 1801 3336; x_wconf 91' lang='lat' dir='ltr'>ut</span> <span class='ocrx_word' id='word_1_602' title='bbox 1816 3309 1956 3337; x_wconf 89' lang='lat' dir='ltr'>omnes</span> <span class='ocrx_word' id='word_1_603' title='bbox 1972 3294 2190 3350; x_wconf 82' lang='lat' dir='ltr'>Magistros</span> <span class='ocrx_word' id='word_1_604' title='bbox 2204 3319 2221 3344; x_wconf 81' lang='lat'>‚</span> 
     </span>
     <span class='ocr_line' id='line_1_103' title="bbox 1239 3351 2222 3410; baseline -0.002 -15"><span class='ocrx_word' id='word_1_605' title='bbox 1239 3355 1469 3404; x_wconf 68' lang='lat' dir='ltr'>Doctores,</span> <span class='ocrx_word' id='word_1_606' title='bbox 1496 3352 1679 3405; x_wconf 85' lang='lat' dir='ltr'>&amp;alios‚</span> <span class='ocrx_word' id='word_1_607' title='bbox 1703 3353 1783 3397; x_wconf 85' lang='lat' dir='ltr'>five</span> <span class='ocrx_word' id='word_1_608' title='bbox 1796 3356 1863 3410; x_wconf 87' lang='lat' dir='ltr'>qui</span> <span class='ocrx_word' id='word_1_609' title='bbox 1893 3355 1932 3395; x_wconf 93' lang='lat' dir='ltr'>in</span> <span class='ocrx_word' id='word_1_610' title='bbox 1961 3351 2145 3403; x_wconf 87' lang='lat' dir='ltr'>scholis,</span> <span class='ocrx_word' id='word_1_611' title='bbox 2170 3353 2222 3393; x_wconf 83' lang='lat' dir='ltr'>st-</span> 
     </span>
     <span class='ocr_line' id='line_1_104' title="bbox 1236 3410 2222 3468; baseline -0.002 -14"><span class='ocrx_word' id='word_1_612' title='bbox 1236 3426 1288 3455; x_wconf 80' lang='lat' dir='ltr'>ve</span> <span class='ocrx_word' id='word_1_613' title='bbox 1315 3410 1354 3454; x_wconf 90' lang='lat' dir='ltr'>in</span> <span class='ocrx_word' id='word_1_614' title='bbox 1371 3410 1732 3468; x_wconf 72' lang='lat' dir='ltr'>praedicationibus</span> <span class='ocrx_word' id='word_1_615' title='bbox 1748 3444 1762 3466; x_wconf 89' lang='lat'>‚</span> <span class='ocrx_word' id='word_1_616' title='bbox 1788 3413 1868 3456; x_wconf 91' lang='lat' dir='ltr'>five</span> <span class='ocrx_word' id='word_1_617' title='bbox 1882 3413 2006 3463; x_wconf 85' lang='lat' dir='ltr'>alibi,</span> <span class='ocrx_word' id='word_1_618' title='bbox 2034 3411 2222 3468; x_wconf 79' lang='lat' dir='ltr'>praemifla</span> 
     </span>
     <span class='ocr_line' id='line_1_105' title="bbox 1234 3471 2223 3529; baseline -0.001 -15"><span class='ocrx_word' id='word_1_619' title='bbox 1234 3471 1375 3514; x_wconf 87' lang='lat' dir='ltr'>dicere</span> <span class='ocrx_word' id='word_1_620' title='bbox 1388 3473 1689 3517; x_wconf 81' lang='lat' dir='ltr'>attentaverint</span> <span class='ocrx_word' id='word_1_621' title='bbox 1701 3503 1716 3525; x_wconf 92' lang='lat'><strong>‚</strong></span> <span class='ocrx_word' id='word_1_622' title='bbox 1737 3487 1786 3517; x_wconf 82' lang='lat' dir='ltr'>ex</span> <span class='ocrx_word' id='word_1_623' title='bbox 1799 3482 1916 3529; x_wconf 86' lang='lat' dir='ltr'>parte</span> <span class='ocrx_word' id='word_1_624' title='bbox 1929 3473 2063 3517; x_wconf 79' lang='lat' dir='ltr'>nostra</span> <span class='ocrx_word' id='word_1_625' title='bbox 2075 3484 2223 3514; x_wconf 86' lang='lat' dir='ltr'>mone-</span> 
     </span>
     <span class='ocr_line' id='line_1_106' title="bbox 1218 3532 2225 3586; baseline -0.005 -11"><span class='ocrx_word' id='word_1_626' title='bbox 1218 3545 1281 3575; x_wconf 67' lang='lat' dir='ltr'>se</span> <span class='ocrx_word' id='word_1_627' title='bbox 1310 3543 1535 3586; x_wconf 87' lang='lat' dir='ltr'>procurent</span> <span class='ocrx_word' id='word_1_628' title='bbox 1557 3560 1572 3583; x_wconf 89' lang='lat'>,</span> <span class='ocrx_word' id='word_1_629' title='bbox 1607 3543 1653 3576; x_wconf 91' lang='lat' dir='ltr'>ut</span> <span class='ocrx_word' id='word_1_630' title='bbox 1683 3532 1784 3575; x_wconf 89' lang='lat' dir='ltr'>infra</span> <span class='ocrx_word' id='word_1_631' title='bbox 1810 3544 1970 3576; x_wconf 86' lang='lat' dir='ltr'>certum</span> <span class='ocrx_word' id='word_1_632' title='bbox 1998 3533 2225 3574; x_wconf 86' lang='lat' dir='ltr'>terminum</span> 
     </span>
     <span class='ocr_line' id='line_1_107' title="bbox 1233 3588 2223 3650; baseline 0 -18"><span class='ocrx_word' id='word_1_633' title='bbox 1233 3591 1283 3632; x_wconf 87' lang='lat' dir='ltr'>ab</span> <span class='ocrx_word' id='word_1_634' title='bbox 1300 3590 1390 3646; x_wconf 79' lang='lat' dir='ltr'>ipsis</span> <span class='ocrx_word' id='word_1_635' title='bbox 1412 3590 1743 3648; x_wconf 77' lang='lat' dir='ltr'>Archiepistopis</span> <span class='ocrx_word' id='word_1_636' title='bbox 1759 3621 1774 3644; x_wconf 87' lang='lat'><strong>‚</strong></span> <span class='ocrx_word' id='word_1_637' title='bbox 1799 3594 1840 3634; x_wconf 76' lang='grc' dir='ltr'>δι</span> <span class='ocrx_word' id='word_1_638' title='bbox 1861 3590 2070 3650; x_wconf 81' lang='lat' dir='ltr'>Episcopo</span> <span class='ocrx_word' id='word_1_639' title='bbox 2096 3588 2223 3647; x_wconf 78' lang='lat' dir='ltr'>praefi·</span> 
     </span>
     <span class='ocr_line' id='line_1_108' title="bbox 1232 3647 2221 3707; baseline -0.006 -14"><span class='ocrx_word' id='word_1_640' title='bbox 1232 3649 1411 3707; x_wconf 84' lang='lat' dir='ltr'>gendum</span> <span class='ocrx_word' id='word_1_641' title='bbox 1427 3650 1597 3701; x_wconf 90' lang='lat' dir='ltr'>eisdem,</span> <span class='ocrx_word' id='word_1_642' title='bbox 1610 3651 1766 3693; x_wconf 70' lang='lat' dir='ltr'>dietum</span> <span class='ocrx_word' id='word_1_643' title='bbox 1781 3652 1953 3695; x_wconf 90' lang='lat' dir='ltr'>suumin</span> <span class='ocrx_word' id='word_1_644' title='bbox 1980 3652 2042 3693; x_wconf 88' lang='lat' dir='ltr'>his</span> <span class='ocrx_word' id='word_1_645' title='bbox 2056 3647 2221 3706; x_wconf 70' lang='lat' dir='ltr'>publice</span> 
     </span>
     <span class='ocr_line' id='line_1_109' title="bbox 1233 3708 2220 3762; baseline -0.004 -10"><span class='ocrx_word' id='word_1_646' title='bbox 1233 3721 1433 3752; x_wconf 85' lang='lat' dir='ltr'>revocent</span> <span class='ocrx_word' id='word_1_647' title='bbox 1449 3740 1462 3762; x_wconf 92' lang='lat'>,</span> <span class='ocrx_word' id='word_1_648' title='bbox 1495 3710 1604 3751; x_wconf 70' lang='lat' dir='ltr'>male</span> <span class='ocrx_word' id='word_1_649' title='bbox 1628 3709 1668 3753; x_wconf 88' lang='lat' dir='ltr'>se</span> <span class='ocrx_word' id='word_1_650' title='bbox 1688 3708 1829 3754; x_wconf 81' lang='lat' dir='ltr'>dixiffe</span> <span class='ocrx_word' id='word_1_651' title='bbox 1854 3710 2026 3754; x_wconf 84' lang='lat' dir='ltr'>fatentes</span> <span class='ocrx_word' id='word_1_652' title='bbox 2040 3710 2220 3762; x_wconf 83' lang='lat' dir='ltr'>,illaque</span> 
     </span>
     <span class='ocr_line' id='line_1_110' title="bbox 1231 3766 2220 3830; baseline -0.003 -19"><span class='ocrx_word' id='word_1_653' title='bbox 1231 3769 1488 3812; x_wconf 86' lang='lat' dir='ltr'>detestentur</span> <span class='ocrx_word' id='word_1_654' title='bbox 1512 3770 1672 3824; x_wconf 69' lang='lat' dir='ltr'>penitus</span> <span class='ocrx_word' id='word_1_655' title='bbox 1690 3797 1704 3819; x_wconf 82' lang='lat'>,</span> <span class='ocrx_word' id='word_1_656' title='bbox 1735 3785 1783 3813; x_wconf 87' lang='lat' dir='ltr'>ac</span> <span class='ocrx_word' id='word_1_657' title='bbox 1798 3774 2021 3813; x_wconf 68' lang='lat' dir='ltr'>retractent</span> <span class='ocrx_word' id='word_1_658' title='bbox 2035 3796 2049 3817; x_wconf 82' lang='lat'>,</span> <span class='ocrx_word' id='word_1_659' title='bbox 2069 3766 2220 3830; x_wconf 35' lang='lat' dir='ltr'>affe-vc-</span> 
     </span>
     <span class='ocr_line' id='line_1_111' title="bbox 1229 3827 2217 3879; baseline -0.002 -11"><span class='ocrx_word' id='word_1_660' title='bbox 1229 3827 1359 3869; x_wconf 87' lang='lat' dir='ltr'>rando</span> <span class='ocrx_word' id='word_1_661' title='bbox 1386 3829 1619 3871; x_wconf 82' lang='lat' dir='ltr'>constanter</span> <span class='ocrx_word' id='word_1_662' title='bbox 1646 3831 1932 3879; x_wconf 84' lang='lat' dir='ltr'>contrarium,</span> <span class='ocrx_word' id='word_1_663' title='bbox 1964 3827 2063 3869; x_wconf 87' lang='lat' dir='ltr'>illud</span> <span class='ocrx_word' id='word_1_664' title='bbox 2099 3835 2217 3866; x_wconf 80' lang='lat' dir='ltr'>etiam</span> 
     </span>
    </p>
   </div>
   <div class='ocr_carea' id='block_1_18' title="bbox 1225 3881 2214 3993">
    <p class='ocr_par' dir='ltr' id='par_1_20' title="bbox 1225 3881 2214 3993">
     <span class='ocr_line' id='line_1_112' title="bbox 1225 3881 2214 3991; baseline 0 -60"><span class='ocrx_word' id='word_1_665' title='bbox 1225 3886 1409 3934; x_wconf 85' lang='lat' dir='ltr'>fideliter</span> <span class='ocrx_word' id='word_1_666' title='bbox 1423 3888 1714 3991; x_wconf 62' lang='lat' dir='ltr'>Praedicmdol}</span> <span class='ocrx_word' id='word_1_667' title='bbox 1741 3889 1870 3948; x_wconf 89' lang='lat' dir='ltr'>Qod</span> <span class='ocrx_word' id='word_1_668' title='bbox 1886 3887 1910 3930; x_wconf 86' lang='lat' dir='ltr'>fi</span> <span class='ocrx_word' id='word_1_669' title='bbox 1929 3900 2011 3931; x_wconf 90' lang='lat' dir='ltr'>non</span> <span class='ocrx_word' id='word_1_670' title='bbox 2026 3881 2214 3980; x_wconf 52' lang='lat' dir='ltr'>iecegtnts</span> 
     </span>
     <span class='ocr_line' id='line_1_113' title="bbox 1747 3964 1772 3993; baseline 0 0"><span class='ocrx_word' id='word_1_671' title='bbox 1747 3964 1772 3993; x_wconf 87' lang='lat'>2</span> 
     </span>
    </p>
   </div>
  </div>
 </body>
</html>
