<?xml version="1.0" encoding="UTF-8"?>
<!DOCTYPE html PUBLIC "-//W3C//DTD XHTML 1.0 Transitional//EN"
    "http://www.w3.org/TR/xhtml1/DTD/xhtml1-transitional.dtd">
<html xmlns="http://www.w3.org/1999/xhtml" xml:lang="en" lang="en">
 <head>
  <title>
</title>
<meta http-equiv="Content-Type" content="text/html;charset=utf-8" />
  <meta name='ocr-system' content='tesseract 3.04.00' />
  <meta name='ocr-capabilities' content='ocr_page ocr_carea ocr_par ocr_line ocrx_word'/>
</head>
<body>
  <div class='ocr_page' id='page_1' title='image "./bullariumordinis06cath_0060.png"; bbox 0 0 2444 4192; ppageno 0'>
   <div class='ocr_carea' id='block_1_1' title="bbox 311 225 423 328">
    <p class='ocr_par' dir='ltr' id='par_1_1' title="bbox 311 225 423 328">
     <span class='ocr_line' id='line_1_1' title="bbox 311 225 423 328; baseline 0 -24"><span class='ocrx_word' id='word_1_1' title='bbox 311 225 423 328; x_wconf 86' lang='lat'>38</span> 
     </span>
    </p>
   </div>
   <div class='ocr_carea' id='block_1_2' title="bbox 211 379 1232 3772">
    <p class='ocr_par' dir='ltr' id='par_1_2' title="bbox 228 379 1232 1080">
     <span class='ocr_line' id='line_1_2' title="bbox 240 379 1232 447; baseline 0.013 -24"><span class='ocrx_word' id='word_1_2' title='bbox 240 379 432 427; x_wconf 79' lang='lat' dir='ltr'>saeculum</span> <span class='ocrx_word' id='word_1_3' title='bbox 457 383 685 431; x_wconf 75' lang='lat' dir='ltr'>declinavit</span> <span class='ocrx_word' id='word_1_4' title='bbox 699 387 750 432; x_wconf 89' lang='lat' dir='ltr'>ad</span> <span class='ocrx_word' id='word_1_5' title='bbox 766 388 918 434; x_wconf 87' lang='lat' dir='ltr'>malum</span> <span class='ocrx_word' id='word_1_6' title='bbox 929 418 944 440; x_wconf 69' lang='lat' dir='ltr'>a</span> <span class='ocrx_word' id='word_1_7' title='bbox 959 390 1072 447; x_wconf 91' lang='lat' dir='ltr'>quod</span> <span class='ocrx_word' id='word_1_8' title='bbox 1086 406 1232 436; x_wconf 83' lang='lat' dir='ltr'>excre-</span> 
     </span>
     <span class='ocr_line' id='line_1_3' title="bbox 235 438 1230 504; baseline 0.011 -21"><span class='ocrx_word' id='word_1_9' title='bbox 235 438 438 486; x_wconf 84' lang='lat' dir='ltr'>scentibus</span> <span class='ocrx_word' id='word_1_10' title='bbox 454 473 469 496; x_wconf 88' lang='lat'><strong>‚</strong></span> <span class='ocrx_word' id='word_1_11' title='bbox 505 447 548 485; x_wconf 83' lang='lat'>&amp;</span> <span class='ocrx_word' id='word_1_12' title='bbox 572 446 920 493; x_wconf 82' lang='lat' dir='ltr'>invalescentibus</span> <span class='ocrx_word' id='word_1_13' title='bbox 938 451 980 493; x_wconf 92' lang='lat' dir='ltr'>in</span> <span class='ocrx_word' id='word_1_14' title='bbox 1010 466 1063 494; x_wconf 90' lang='lat' dir='ltr'>eo</span> <span class='ocrx_word' id='word_1_15' title='bbox 1080 452 1230 504; x_wconf 83' lang='lat' dir='ltr'>noxiis,</span> 
     </span>
     <span class='ocr_line' id='line_1_4' title="bbox 237 501 1227 564; baseline 0.008 -21"><span class='ocrx_word' id='word_1_16' title='bbox 237 501 348 557; x_wconf 84' lang='lat' dir='ltr'>quafi</span> <span class='ocrx_word' id='word_1_17' title='bbox 381 505 446 545; x_wconf 80' lang='lat' dir='ltr'>vix</span> <span class='ocrx_word' id='word_1_18' title='bbox 474 502 593 545; x_wconf 85' lang='lat' dir='ltr'>locus</span> <span class='ocrx_word' id='word_1_19' title='bbox 623 507 665 549; x_wconf 83' lang='lat' dir='ltr'>in</span> <span class='ocrx_word' id='word_1_20' title='bbox 692 508 780 564; x_wconf 85' lang='lat' dir='ltr'>ipso</span> <span class='ocrx_word' id='word_1_21' title='bbox 796 508 979 552; x_wconf 85' lang='lat' dir='ltr'>salutaris</span> <span class='ocrx_word' id='word_1_22' title='bbox 994 510 1227 562; x_wconf 78' lang='lat' dir='ltr'>invenitur,</span> 
     </span>
     <span class='ocr_line' id='line_1_5' title="bbox 237 559 1226 624; baseline 0.01 -22"><span class='ocrx_word' id='word_1_23' title='bbox 237 572 285 603; x_wconf 91' lang='lat' dir='ltr'>ut</span> <span class='ocrx_word' id='word_1_24' title='bbox 311 559 480 603; x_wconf 71' lang='lat' dir='ltr'>exclusa</span> <span class='ocrx_word' id='word_1_25' title='bbox 508 561 597 603; x_wconf 70' lang='lat' dir='ltr'>fere</span> <span class='ocrx_word' id='word_1_26' title='bbox 622 564 717 609; x_wconf 88' lang='lat' dir='ltr'>inde</span> <span class='ocrx_word' id='word_1_27' title='bbox 742 567 969 613; x_wconf 74' lang='lat' dir='ltr'>concordia</span> <span class='ocrx_word' id='word_1_28' title='bbox 986 595 1001 617; x_wconf 85' lang='lat'>‚</span> <span class='ocrx_word' id='word_1_29' title='bbox 1025 568 1132 624; x_wconf 86' lang='lat' dir='ltr'>quafi</span> <span class='ocrx_word' id='word_1_30' title='bbox 1151 569 1226 611; x_wconf 83' lang='lat' dir='ltr'>sta-</span> 
     </span>
     <span class='ocr_line' id='line_1_6' title="bbox 231 619 1225 687; baseline 0.006 -25"><span class='ocrx_word' id='word_1_31' title='bbox 231 619 358 662; x_wconf 87' lang='lat' dir='ltr'>bilem</span> <span class='ocrx_word' id='word_1_32' title='bbox 373 620 428 661; x_wconf 88' lang='lat' dir='ltr'>ibi</span> <span class='ocrx_word' id='word_1_33' title='bbox 445 620 595 662; x_wconf 91' lang='lat' dir='ltr'>habeat</span> <span class='ocrx_word' id='word_1_34' title='bbox 608 621 813 669; x_wconf 82' lang='lat' dir='ltr'>discordia</span> <span class='ocrx_word' id='word_1_35' title='bbox 828 627 1086 670; x_wconf 87' lang='lat' dir='ltr'>manfionem.</span> <span class='ocrx_word' id='word_1_36' title='bbox 1106 630 1225 687; x_wconf 85' lang='lat' dir='ltr'>Qa-</span> 
     </span>
     <span class='ocr_line' id='line_1_7' title="bbox 232 679 1226 741; baseline 0.011 -22"><span class='ocrx_word' id='word_1_37' title='bbox 232 693 278 723; x_wconf 79' lang='lat' dir='ltr'>re</span> <span class='ocrx_word' id='word_1_38' title='bbox 293 689 470 735; x_wconf 85' lang='lat' dir='ltr'>oportet</span> <span class='ocrx_word' id='word_1_39' title='bbox 485 679 584 722; x_wconf 66' lang='lat' dir='ltr'>curi</span> <span class='ocrx_word' id='word_1_40' title='bbox 599 680 817 729; x_wconf 80' lang='lat' dir='ltr'>inceffabili</span> <span class='ocrx_word' id='word_1_41' title='bbox 844 686 1020 741; x_wconf 81' lang='lat' dir='ltr'>vigilare</span> <span class='ocrx_word' id='word_1_42' title='bbox 1034 714 1050 738; x_wconf 86' lang='lat'><strong>,</strong></span> <span class='ocrx_word' id='word_1_43' title='bbox 1081 698 1126 729; x_wconf 88' lang='lat' dir='ltr'>ut</span> <span class='ocrx_word' id='word_1_44' title='bbox 1150 688 1226 729; x_wconf 89' lang='lat' dir='ltr'>de·</span> 
     </span>
     <span class='ocr_line' id='line_1_8' title="bbox 231 740 1227 797; baseline 0.005 -16"><span class='ocrx_word' id='word_1_45' title='bbox 231 748 350 782; x_wconf 83' lang='lat' dir='ltr'>torta</span> <span class='ocrx_word' id='word_1_46' title='bbox 364 767 378 780; x_wconf 88' lang='lat'><strong>.</strong></span> <span class='ocrx_word' id='word_1_47' title='bbox 410 740 451 781; x_wconf 76' lang='grc' dir='ltr'>δι</span> <span class='ocrx_word' id='word_1_48' title='bbox 464 749 662 794; x_wconf 83' lang='lat' dir='ltr'>corrupta</span> <span class='ocrx_word' id='word_1_49' title='bbox 677 753 754 796; x_wconf 91' lang='lat' dir='ltr'>per</span> <span class='ocrx_word' id='word_1_50' title='bbox 770 745 965 788; x_wconf 88' lang='lat' dir='ltr'>malitiam</span> <span class='ocrx_word' id='word_1_51' title='bbox 981 775 998 797; x_wconf 92' lang='lat'><strong>,</strong></span> <span class='ocrx_word' id='word_1_52' title='bbox 1026 746 1227 788; x_wconf 88' lang='lat' dir='ltr'>bonitatis</span> 
     </span>
     <span class='ocr_line' id='line_1_9' title="bbox 228 796 1228 857; baseline 0.009 -18"><span class='ocrx_word' id='word_1_53' title='bbox 228 799 391 842; x_wconf 78' lang='lat' dir='ltr'>virtute</span> <span class='ocrx_word' id='word_1_54' title='bbox 408 796 682 850; x_wconf 86' lang='lat' dir='ltr'>ratificentur,</span> <span class='ocrx_word' id='word_1_55' title='bbox 699 799 743 840; x_wconf 74' lang='grc' dir='ltr'>δι</span> <span class='ocrx_word' id='word_1_56' title='bbox 755 802 1066 857; x_wconf 77' lang='lat' dir='ltr'>reformentur3</span> <span class='ocrx_word' id='word_1_57' title='bbox 1088 804 1228 847; x_wconf 81' lang='lat' dir='ltr'>divul-</span> 
     </span>
     <span class='ocr_line' id='line_1_10' title="bbox 231 856 1230 918; baseline 0.006 -18"><span class='ocrx_word' id='word_1_58' title='bbox 231 856 272 900; x_wconf 83' lang='lat' dir='ltr'>sa</span> <span class='ocrx_word' id='word_1_59' title='bbox 298 871 372 913; x_wconf 87' lang='lat' dir='ltr'>per</span> <span class='ocrx_word' id='word_1_60' title='bbox 398 858 537 900; x_wconf 91' lang='lat' dir='ltr'>odium</span> <span class='ocrx_word' id='word_1_61' title='bbox 551 885 566 907; x_wconf 85' lang='lat'>,</span> <span class='ocrx_word' id='word_1_62' title='bbox 603 858 805 904; x_wconf 81' lang='lat' dir='ltr'>charitate</span> <span class='ocrx_word' id='word_1_63' title='bbox 829 863 1015 918; x_wconf 81' lang='lat' dir='ltr'>ligentur</span> <span class='ocrx_word' id='word_1_64' title='bbox 1029 892 1046 915; x_wconf 92' lang='lat'>,</span> <span class='ocrx_word' id='word_1_65' title='bbox 1061 865 1098 905; x_wconf 76' lang='lat' dir='ltr'>St</span> <span class='ocrx_word' id='word_1_66' title='bbox 1112 878 1230 906; x_wconf 84' lang='lat' dir='ltr'>com·</span> 
     </span>
     <span class='ocr_line' id='line_1_11' title="bbox 230 915 1227 973; baseline 0.006 -13"><span class='ocrx_word' id='word_1_67' title='bbox 230 928 347 960; x_wconf 88' lang='lat' dir='ltr'>mota</span> <span class='ocrx_word' id='word_1_68' title='bbox 374 915 503 959; x_wconf 81' lang='lat' dir='ltr'>fistant</span> <span class='ocrx_word' id='word_1_69' title='bbox 530 919 571 959; x_wconf 70' lang='grc' dir='ltr'><strong>ἃ</strong></span> <span class='ocrx_word' id='word_1_70' title='bbox 600 915 790 973; x_wconf 82' lang='lat' dir='ltr'>pausent3</span> <span class='ocrx_word' id='word_1_71' title='bbox 819 921 993 967; x_wconf 80' lang='lat' dir='ltr'>habeant</span> <span class='ocrx_word' id='word_1_72' title='bbox 1029 922 1227 966; x_wconf 68' lang='lat' dir='ltr'>turbata-2</span> 
     </span>
     <span class='ocr_line' id='line_1_12' title="bbox 231 975 1223 1038; baseline 0.005 -19"><span class='ocrx_word' id='word_1_73' title='bbox 231 975 505 1032; x_wconf 88' lang='lat' dir='ltr'>tranquillum</span> <span class='ocrx_word' id='word_1_74' title='bbox 521 1004 537 1027; x_wconf 75' lang='lat'>,</span> <span class='ocrx_word' id='word_1_75' title='bbox 552 978 593 1019; x_wconf 76' lang='grc' dir='ltr'>δι</span> <span class='ocrx_word' id='word_1_76' title='bbox 606 977 729 1019; x_wconf 86' lang='lat' dir='ltr'>status</span> <span class='ocrx_word' id='word_1_77' title='bbox 744 976 927 1025; x_wconf 85' lang='lat' dir='ltr'>fidelium</span> <span class='ocrx_word' id='word_1_78' title='bbox 954 980 1119 1038; x_wconf 84' lang='lat' dir='ltr'>semper</span> <span class='ocrx_word' id='word_1_79' title='bbox 1148 982 1223 1025; x_wconf 65' lang='lat' dir='ltr'>iri-³</span> 
     </span>
     <span class='ocr_line' id='line_1_13' title="bbox 229 1036 661 1080; baseline 0 -2"><span class='ocrx_word' id='word_1_80' title='bbox 229 1036 382 1078; x_wconf 87' lang='lat' dir='ltr'>melius</span> <span class='ocrx_word' id='word_1_81' title='bbox 403 1036 630 1080; x_wconf 79' lang='lat' dir='ltr'>roboretur</span> <span class='ocrx_word' id='word_1_82' title='bbox 649 1066 661 1078; x_wconf 94' lang='lat'><strong>.</strong></span> 
     </span>
    </p>

    <p class='ocr_par' dir='ltr' id='par_1_3' title="bbox 221 1097 1224 1691">
     <span class='ocr_line' id='line_1_14' title="bbox 351 1097 1222 1155; baseline 0.001 -16"><span class='ocrx_word' id='word_1_83' title='bbox 351 1097 458 1140; x_wconf 64' lang='lat' dir='ltr'>Sane</span> <span class='ocrx_word' id='word_1_84' title='bbox 482 1097 645 1154; x_wconf 89' lang='lat' dir='ltr'>quidam</span> <span class='ocrx_word' id='word_1_85' title='bbox 661 1098 884 1155; x_wconf 81' lang='lat' dir='ltr'>Scripturae</span> <span class='ocrx_word' id='word_1_86' title='bbox 912 1103 1047 1144; x_wconf 84' lang='lat' dir='ltr'>Sacrae</span> <span class='ocrx_word' id='word_1_87' title='bbox 1064 1097 1222 1143; x_wconf 88' lang='lat' dir='ltr'>intelli·</span> 
     </span>
     <span class='ocr_line' id='line_1_15' title="bbox 233 1155 1222 1214; baseline 0.002 -15"><span class='ocrx_word' id='word_1_88' title='bbox 233 1156 412 1214; x_wconf 83' lang='lat' dir='ltr'>gentiam</span> <span class='ocrx_word' id='word_1_89' title='bbox 439 1155 478 1198; x_wconf 84' lang='lat' dir='ltr'>se</span> <span class='ocrx_word' id='word_1_90' title='bbox 508 1159 658 1200; x_wconf 83' lang='lat' dir='ltr'>habere</span> <span class='ocrx_word' id='word_1_91' title='bbox 685 1155 978 1211; x_wconf 81' lang='lat' dir='ltr'>fatentes‚sed</span> <span class='ocrx_word' id='word_1_92' title='bbox 1002 1160 1222 1203; x_wconf 83' lang='lat' dir='ltr'>diverten-</span> 
     </span>
     <span class='ocr_line' id='line_1_16' title="bbox 231 1216 1223 1273; baseline 0.003 -14"><span class='ocrx_word' id='word_1_93' title='bbox 231 1230 300 1260; x_wconf 81' lang='lat' dir='ltr'>tes</span> <span class='ocrx_word' id='word_1_94' title='bbox 313 1220 335 1260; x_wconf 77' lang='lat' dir='ltr'>a</span> <span class='ocrx_word' id='word_1_95' title='bbox 347 1216 516 1259; x_wconf 79' lang='lat' dir='ltr'>tramite</span> <span class='ocrx_word' id='word_1_96' title='bbox 532 1218 629 1260; x_wconf 66' lang='lat' dir='ltr'>recti</span> <span class='ocrx_word' id='word_1_97' title='bbox 649 1216 785 1262; x_wconf 70' lang='lat' dir='ltr'>sensus</span> <span class='ocrx_word' id='word_1_98' title='bbox 800 1247 815 1271; x_wconf 86' lang='lat'>‚</span> <span class='ocrx_word' id='word_1_99' title='bbox 839 1219 1128 1273; x_wconf 82' lang='lat' dir='ltr'>cogitaverunt</span> <span class='ocrx_word' id='word_1_100' title='bbox 1145 1233 1223 1262; x_wconf 85' lang='lat' dir='ltr'>nu-</span> 
     </span>
     <span class='ocr_line' id='line_1_17' title="bbox 231 1275 1222 1333; baseline 0.002 -15"><span class='ocrx_word' id='word_1_101' title='bbox 231 1289 311 1333; x_wconf 83' lang='lat' dir='ltr'>per</span> <span class='ocrx_word' id='word_1_102' title='bbox 331 1275 558 1326; x_wconf 82' lang='lat' dir='ltr'>malitiam,</span> <span class='ocrx_word' id='word_1_103' title='bbox 588 1278 792 1321; x_wconf 88' lang='lat' dir='ltr'>&amp;contra</span> <span class='ocrx_word' id='word_1_104' title='bbox 821 1278 1060 1321; x_wconf 89' lang='lat' dir='ltr'>innocentes</span> <span class='ocrx_word' id='word_1_105' title='bbox 1091 1279 1133 1320; x_wconf 76' lang='grc' dir='ltr'>δι</span> <span class='ocrx_word' id='word_1_106' title='bbox 1158 1291 1222 1320; x_wconf 91' lang='lat' dir='ltr'>re-</span> 
     </span>
     <span class='ocr_line' id='line_1_18' title="bbox 226 1335 1224 1391; baseline 0.002 -12"><span class='ocrx_word' id='word_1_107' title='bbox 226 1339 316 1379; x_wconf 66' lang='lat' dir='ltr'>flos</span> <span class='ocrx_word' id='word_1_108' title='bbox 333 1335 592 1391; x_wconf 86' lang='lat' dir='ltr'>iniquitatem</span> <span class='ocrx_word' id='word_1_109' title='bbox 616 1338 835 1380; x_wconf 82' lang='lat' dir='ltr'>maximam</span> <span class='ocrx_word' id='word_1_110' title='bbox 858 1337 951 1381; x_wconf 89' lang='lat' dir='ltr'>sunt</span> <span class='ocrx_word' id='word_1_111' title='bbox 966 1338 1124 1382; x_wconf 85' lang='lat' dir='ltr'>locuti:</span> <span class='ocrx_word' id='word_1_112' title='bbox 1147 1350 1224 1381; x_wconf 85' lang='lat' dir='ltr'>ex—</span> 
     </span>
     <span class='ocr_line' id='line_1_19' title="bbox 229 1393 1215 1453; baseline 0.001 -15"><span class='ocrx_word' id='word_1_113' title='bbox 229 1393 418 1438; x_wconf 83' lang='lat' dir='ltr'>arserunt</span> <span class='ocrx_word' id='word_1_114' title='bbox 450 1395 488 1437; x_wconf 91' lang='lat' dir='ltr'>in</span> <span class='ocrx_word' id='word_1_115' title='bbox 515 1395 714 1440; x_wconf 81' lang='lat' dir='ltr'>cordibus</span> <span class='ocrx_word' id='word_1_116' title='bbox 742 1396 822 1441; x_wconf 81' lang='lat' dir='ltr'>suis</span> <span class='ocrx_word' id='word_1_117' title='bbox 847 1422 864 1447; x_wconf 81' lang='lat'>‚</span> <span class='ocrx_word' id='word_1_118' title='bbox 905 1399 945 1440; x_wconf 74' lang='grc' dir='ltr'>δι</span> <span class='ocrx_word' id='word_1_119' title='bbox 975 1396 1114 1453; x_wconf 84' lang='lat' dir='ltr'>lingua</span> <span class='ocrx_word' id='word_1_120' title='bbox 1144 1411 1215 1440; x_wconf 90' lang='lat' dir='ltr'>eo-</span> 
     </span>
     <span class='ocr_line' id='line_1_20' title="bbox 224 1453 1219 1511; baseline 0 -12"><span class='ocrx_word' id='word_1_121' title='bbox 224 1468 318 1499; x_wconf 80' lang='lat' dir='ltr'>rum</span> <span class='ocrx_word' id='word_1_122' title='bbox 335 1453 559 1510; x_wconf 78' lang='lat' dir='ltr'>maliloqua</span> <span class='ocrx_word' id='word_1_123' title='bbox 589 1456 738 1499; x_wconf 90' lang='lat' dir='ltr'>dolum</span> <span class='ocrx_word' id='word_1_124' title='bbox 754 1486 767 1509; x_wconf 88' lang='lat'>,</span> <span class='ocrx_word' id='word_1_125' title='bbox 796 1458 836 1499; x_wconf 68' lang='grc' dir='ltr'>ἃ</span> <span class='ocrx_word' id='word_1_126' title='bbox 864 1455 1092 1511; x_wconf 85' lang='lat' dir='ltr'>nequitiam</span> <span class='ocrx_word' id='word_1_127' title='bbox 1118 1470 1219 1499; x_wconf 89' lang='lat' dir='ltr'>con-</span> 
     </span>
     <span class='ocr_line' id='line_1_21' title="bbox 221 1514 1219 1571; baseline -0.002 -11"><span class='ocrx_word' id='word_1_128' title='bbox 221 1514 430 1560; x_wconf 79' lang='lat' dir='ltr'>cinnavit:</span> <span class='ocrx_word' id='word_1_129' title='bbox 447 1514 653 1571; x_wconf 78' lang='lat' dir='ltr'>surgentes</span> <span class='ocrx_word' id='word_1_130' title='bbox 681 1515 875 1558; x_wconf 79' lang='lat' dir='ltr'>adversus</span> <span class='ocrx_word' id='word_1_131' title='bbox 903 1516 1066 1558; x_wconf 80' lang='lat' dir='ltr'>Fratres</span> <span class='ocrx_word' id='word_1_132' title='bbox 1081 1515 1219 1558; x_wconf 87' lang='lat' dir='ltr'>detra·</span> 
     </span>
     <span class='ocr_line' id='line_1_22' title="bbox 223 1572 1216 1626; baseline 0.004 -10"><span class='ocrx_word' id='word_1_133' title='bbox 223 1583 375 1616; x_wconf 80' lang='lat' dir='ltr'>xerunt</span> <span class='ocrx_word' id='word_1_134' title='bbox 390 1602 405 1626; x_wconf 91' lang='lat'>,</span> <span class='ocrx_word' id='word_1_135' title='bbox 421 1574 463 1615; x_wconf 74' lang='grc' dir='ltr'>δι</span> <span class='ocrx_word' id='word_1_136' title='bbox 475 1586 620 1617; x_wconf 86' lang='lat' dir='ltr'>contra</span> <span class='ocrx_word' id='word_1_137' title='bbox 646 1574 823 1619; x_wconf 64' lang='lat' dir='ltr'>dilectos</span> <span class='ocrx_word' id='word_1_138' title='bbox 846 1572 992 1619; x_wconf 78' lang='lat' dir='ltr'>Matris</span> <span class='ocrx_word' id='word_1_139' title='bbox 1020 1574 1216 1620; x_wconf 77' lang='lat' dir='ltr'>Ecclefiae</span> 
     </span>
     <span class='ocr_line' id='line_1_23' title="bbox 224 1631 809 1691; baseline 0.007 -16"><span class='ocrx_word' id='word_1_140' title='bbox 224 1631 333 1676; x_wconf 73' lang='lat' dir='ltr'>filios</span> <span class='ocrx_word' id='word_1_141' title='bbox 355 1632 593 1677; x_wconf 86' lang='lat' dir='ltr'>scandalum</span> <span class='ocrx_word' id='word_1_142' title='bbox 610 1633 782 1691; x_wconf 62' lang='lat' dir='ltr'>posuere</span> <span class='ocrx_word' id='word_1_143' title='bbox 796 1666 809 1679; x_wconf 89' lang='lat'><strong>.</strong></span> 
     </span>
    </p>

    <p class='ocr_par' dir='ltr' id='par_1_4' title="bbox 211 1691 1215 2756">
     <span class='ocr_line' id='line_1_24' title="bbox 346 1691 1214 1752; baseline 0.006 -17"><span class='ocrx_word' id='word_1_144' title='bbox 346 1691 577 1747; x_wconf 71' lang='lat' dir='ltr'>Prodiere,</span> <span class='ocrx_word' id='word_1_145' title='bbox 596 1695 762 1751; x_wconf 90' lang='lat' dir='ltr'>inquam</span> <span class='ocrx_word' id='word_1_146' title='bbox 778 1724 793 1748; x_wconf 86' lang='lat'><strong>,</strong></span> <span class='ocrx_word' id='word_1_147' title='bbox 808 1697 851 1737; x_wconf 74' lang='grc' dir='ltr'>δε</span> <span class='ocrx_word' id='word_1_148' title='bbox 880 1696 920 1738; x_wconf 91' lang='lat' dir='ltr'>in</span> <span class='ocrx_word' id='word_1_149' title='bbox 950 1708 1075 1752; x_wconf 85' lang='lat' dir='ltr'>parva</span> <span class='ocrx_word' id='word_1_150' title='bbox 1098 1709 1214 1740; x_wconf 85' lang='lat' dir='ltr'>com-</span> 
     </span>
     <span class='ocr_line' id='line_1_25' title="bbox 222 1753 1213 1810; baseline 0.001 -14"><span class='ocrx_word' id='word_1_151' title='bbox 222 1759 367 1797; x_wconf 82' lang='lat' dir='ltr'>menta</span> <span class='ocrx_word' id='word_1_152' title='bbox 378 1766 426 1796; x_wconf 84' lang='lat' dir='ltr'>ex</span> <span class='ocrx_word' id='word_1_153' title='bbox 446 1753 574 1795; x_wconf 89' lang='lat' dir='ltr'>nimio</span> <span class='ocrx_word' id='word_1_154' title='bbox 588 1753 723 1798; x_wconf 89' lang='lat' dir='ltr'>calore</span> <span class='ocrx_word' id='word_1_155' title='bbox 745 1755 869 1798; x_wconf 88' lang='lat' dir='ltr'>animi</span> <span class='ocrx_word' id='word_1_156' title='bbox 898 1767 1180 1810; x_wconf 86' lang='lat' dir='ltr'>proruperunt</span> <span class='ocrx_word' id='word_1_157' title='bbox 1196 1785 1213 1807; x_wconf 90' lang='lat'><strong>,</strong></span> 
     </span>
     <span class='ocr_line' id='line_1_26' title="bbox 221 1811 1215 1871; baseline 0.001 -14"><span class='ocrx_word' id='word_1_158' title='bbox 221 1811 417 1857; x_wconf 81' lang='lat' dir='ltr'>libellum</span> <span class='ocrx_word' id='word_1_159' title='bbox 440 1812 662 1868; x_wconf 81' lang='lat' dir='ltr'>quemdam</span> <span class='ocrx_word' id='word_1_160' title='bbox 693 1814 814 1857; x_wconf 84' lang='lat' dir='ltr'>valde</span> <span class='ocrx_word' id='word_1_161' title='bbox 838 1814 1111 1871; x_wconf 88' lang='lat' dir='ltr'>perniciosum</span> <span class='ocrx_word' id='word_1_162' title='bbox 1127 1844 1143 1868; x_wconf 89' lang='lat'><strong>‚</strong></span> <span class='ocrx_word' id='word_1_163' title='bbox 1172 1817 1215 1858; x_wconf 86' lang='lat'>&amp;</span> 
     </span>
     <span class='ocr_line' id='line_1_27' title="bbox 222 1871 1214 1930; baseline 0.003 -15"><span class='ocrx_word' id='word_1_164' title='bbox 222 1871 512 1917; x_wconf 76' lang='lat' dir='ltr'>detestabilem</span> <span class='ocrx_word' id='word_1_165' title='bbox 542 1874 702 1917; x_wconf 74' lang='lat' dir='ltr'>temere</span> <span class='ocrx_word' id='word_1_166' title='bbox 726 1884 1027 1930; x_wconf 82' lang='lat' dir='ltr'>componentes</span> <span class='ocrx_word' id='word_1_167' title='bbox 1052 1888 1065 1917; x_wconf 70' lang='grc' dir='ltr'><strong>ε</strong></span> <span class='ocrx_word' id='word_1_168' title='bbox 1094 1874 1214 1918; x_wconf 79' lang='lat' dir='ltr'>libel-</span> 
     </span>
     <span class='ocr_line' id='line_1_28' title="bbox 222 1930 1213 1992; baseline 0.004 -17"><span class='ocrx_word' id='word_1_169' title='bbox 222 1930 313 1976; x_wconf 83' lang='lat' dir='ltr'>lum</span> <span class='ocrx_word' id='word_1_170' title='bbox 327 1931 494 1990; x_wconf 88' lang='lat' dir='ltr'>quidem</span> <span class='ocrx_word' id='word_1_171' title='bbox 509 1947 591 1977; x_wconf 88' lang='lat' dir='ltr'>non</span> <span class='ocrx_word' id='word_1_172' title='bbox 616 1935 899 1979; x_wconf 81' lang='lat' dir='ltr'>rationabilem</span> <span class='ocrx_word' id='word_1_173' title='bbox 926 1963 943 1988; x_wconf 85' lang='lat'>,</span> <span class='ocrx_word' id='word_1_174' title='bbox 975 1934 1043 1977; x_wconf 89' lang='lat' dir='ltr'>sed</span> <span class='ocrx_word' id='word_1_175' title='bbox 1070 1948 1213 1992; x_wconf 87' lang='lat' dir='ltr'>repro·</span> 
     </span>
     <span class='ocr_line' id='line_1_29' title="bbox 217 1991 1211 2047; baseline 0.003 -11"><span class='ocrx_word' id='word_1_176' title='bbox 217 1992 400 2036; x_wconf 81' lang='lat' dir='ltr'>habilem</span> <span class='ocrx_word' id='word_1_177' title='bbox 418 2005 434 2046; x_wconf 86' lang='lat'>;</span> <span class='ocrx_word' id='word_1_178' title='bbox 451 2007 532 2036; x_wconf 92' lang='lat' dir='ltr'>non</span> <span class='ocrx_word' id='word_1_179' title='bbox 551 1995 736 2038; x_wconf 81' lang='lat' dir='ltr'>veritatis</span> <span class='ocrx_word' id='word_1_180' title='bbox 749 2024 764 2047; x_wconf 92' lang='lat'>‚</span> <span class='ocrx_word' id='word_1_181' title='bbox 781 1993 849 2039; x_wconf 92' lang='lat' dir='ltr'>sed</span> <span class='ocrx_word' id='word_1_182' title='bbox 880 1991 1112 2047; x_wconf 78' lang='lat' dir='ltr'>mendacii3</span> <span class='ocrx_word' id='word_1_183' title='bbox 1127 2008 1211 2039; x_wconf 92' lang='lat' dir='ltr'>non</span> 
     </span>
     <span class='ocr_line' id='line_1_30' title="bbox 218 2051 1215 2111; baseline 0.005 -16"><span class='ocrx_word' id='word_1_184' title='bbox 218 2051 493 2102; x_wconf 77' lang='lat' dir='ltr'>eruditionis,</span> <span class='ocrx_word' id='word_1_185' title='bbox 521 2054 586 2097; x_wconf 89' lang='lat' dir='ltr'>sed</span> <span class='ocrx_word' id='word_1_186' title='bbox 615 2053 925 2111; x_wconf 78' lang='lat' dir='ltr'>derogationis3</span> <span class='ocrx_word' id='word_1_187' title='bbox 955 2068 1034 2098; x_wconf 93' lang='lat' dir='ltr'>non</span> <span class='ocrx_word' id='word_1_188' title='bbox 1050 2067 1215 2099; x_wconf 87' lang='lat' dir='ltr'>monen-</span> 
     </span>
     <span class='ocr_line' id='line_1_31' title="bbox 222 2111 1212 2167; baseline 0.003 -13"><span class='ocrx_word' id='word_1_189' title='bbox 222 2123 308 2155; x_wconf 88' lang='lat' dir='ltr'>tem</span> <span class='ocrx_word' id='word_1_190' title='bbox 324 2141 337 2163; x_wconf 89' lang='lat'>‚</span> <span class='ocrx_word' id='word_1_191' title='bbox 352 2111 420 2154; x_wconf 88' lang='lat' dir='ltr'>sed</span> <span class='ocrx_word' id='word_1_192' title='bbox 435 2113 699 2156; x_wconf 88' lang='lat' dir='ltr'>mordentem</span> <span class='ocrx_word' id='word_1_193' title='bbox 714 2127 731 2167; x_wconf 88' lang='lat'>;</span> <span class='ocrx_word' id='word_1_194' title='bbox 748 2129 830 2156; x_wconf 90' lang='lat' dir='ltr'>non</span> <span class='ocrx_word' id='word_1_195' title='bbox 845 2114 1112 2157; x_wconf 84' lang='lat' dir='ltr'>instruentem</span> <span class='ocrx_word' id='word_1_196' title='bbox 1140 2128 1212 2157; x_wconf 81' lang='lat' dir='ltr'>ve·</span> 
     </span>
     <span class='ocr_line' id='line_1_32' title="bbox 216 2167 1210 2219; baseline 0.002 -5"><span class='ocrx_word' id='word_1_197' title='bbox 216 2172 408 2219; x_wconf 66' lang='lat' dir='ltr'>zacher,</span> <span class='ocrx_word' id='word_1_198' title='bbox 440 2167 505 2212; x_wconf 89' lang='lat' dir='ltr'>sed</span> <span class='ocrx_word' id='word_1_199' title='bbox 524 2169 762 2215; x_wconf 87' lang='lat' dir='ltr'>fallentem.</span> <span class='ocrx_word' id='word_1_200' title='bbox 841 2186 933 2216; x_wconf 91' lang='lat' dir='ltr'>uem</span> <span class='ocrx_word' id='word_1_201' title='bbox 960 2176 1050 2217; x_wconf 79' lang='lat' dir='ltr'>Nos</span> <span class='ocrx_word' id='word_1_202' title='bbox 1071 2172 1122 2216; x_wconf 91' lang='lat' dir='ltr'>ad</span> <span class='ocrx_word' id='word_1_203' title='bbox 1136 2175 1210 2216; x_wconf 85' lang='lat' dir='ltr'>Se·</span> 
     </span>
     <span class='ocr_line' id='line_1_33' title="bbox 215 2228 1211 2283; baseline -0.001 -9"><span class='ocrx_word' id='word_1_204' title='bbox 215 2230 314 2275; x_wconf 90' lang='lat' dir='ltr'>dem</span> <span class='ocrx_word' id='word_1_205' title='bbox 329 2228 520 2274; x_wconf 89' lang='lat' dir='ltr'>delatum</span> <span class='ocrx_word' id='word_1_206' title='bbox 537 2230 810 2283; x_wconf 60' lang='lat' dir='ltr'>apostolicam</span> <span class='ocrx_word' id='word_1_207' title='bbox 822 2254 838 2273; x_wconf 68' lang='lat'>2</span> <span class='ocrx_word' id='word_1_208' title='bbox 894 2229 1092 2269; x_wconf 73' lang='lat' dir='ltr'>enerabili</span> <span class='ocrx_word' id='word_1_209' title='bbox 1110 2230 1211 2267; x_wconf 67' lang='grc' dir='ltr'><strong>Ρη·-</strong></span> 
     </span>
     <span class='ocr_line' id='line_1_34' title="bbox 213 2280 1209 2343; baseline -0.014 -10"><span class='ocrx_word' id='word_1_210' title='bbox 213 2291 272 2334; x_wconf 83' lang='lat' dir='ltr'>tri</span> <span class='ocrx_word' id='word_1_211' title='bbox 292 2285 498 2343; x_wconf 80' lang='lat' dir='ltr'>Episcopo</span> <span class='ocrx_word' id='word_1_212' title='bbox 514 2282 812 2334; x_wconf 79' lang='lat' dir='ltr'>Tusculano‚&amp;</span> <span class='ocrx_word' id='word_1_213' title='bbox 825 2280 984 2324; x_wconf 70' lang='lat' dir='ltr'>dileffls</span> <span class='ocrx_word' id='word_1_214' title='bbox 1001 2280 1115 2324; x_wconf 77' lang='lat' dir='ltr'>Filiis</span> <span class='ocrx_word' id='word_1_215' title='bbox 1130 2295 1209 2325; x_wconf 91' lang='lat' dir='ltr'>no.</span> 
     </span>
     <span class='ocr_line' id='line_1_35' title="bbox 211 2340 1206 2394; baseline -0.007 -3"><span class='ocrx_word' id='word_1_216' title='bbox 211 2347 305 2391; x_wconf 74' lang='lat' dir='ltr'>stris</span> <span class='ocrx_word' id='word_1_217' title='bbox 328 2344 575 2388; x_wconf 78' lang='lat' dir='ltr'>Innocentio</span> <span class='ocrx_word' id='word_1_218' title='bbox 596 2340 948 2388; x_wconf 67' lang='lat' dir='ltr'>rins-Laurentii</span> <span class='ocrx_word' id='word_1_219' title='bbox 964 2340 1006 2382; x_wconf 88' lang='lat' dir='ltr'>in</span> <span class='ocrx_word' id='word_1_220' title='bbox 1030 2341 1206 2394; x_wconf 84' lang='lat' dir='ltr'>Lucina,</span> 
     </span>
     <span class='ocr_line' id='line_1_36' title="bbox 213 2399 1207 2455; baseline -0.004 -8"><span class='ocrx_word' id='word_1_221' title='bbox 213 2407 258 2451; x_wconf 70' lang='grc' dir='ltr'>ἀ</span> <span class='ocrx_word' id='word_1_222' title='bbox 270 2401 463 2450; x_wconf 81' lang='lat' dir='ltr'>Honorio</span> <span class='ocrx_word' id='word_1_223' title='bbox 479 2400 772 2444; x_wconf 70' lang='lat' dir='ltr'>Tst.s.sabiuae</span> <span class='ocrx_word' id='word_1_224' title='bbox 789 2399 1070 2455; x_wconf 79' lang='lat' dir='ltr'>Presbyteris,</span> <span class='ocrx_word' id='word_1_225' title='bbox 1087 2401 1129 2443; x_wconf 84' lang='lat'>&amp;</span> <span class='ocrx_word' id='word_1_226' title='bbox 1143 2402 1207 2444; x_wconf 83' lang='lat' dir='ltr'>ln-</span> 
     </span>
     <span class='ocr_line' id='line_1_37' title="bbox 212 2456 1209 2513; baseline -0.005 -5"><span class='ocrx_word' id='word_1_227' title='bbox 212 2463 416 2513; x_wconf 81' lang='lat' dir='ltr'>nocentio</span> <span class='ocrx_word' id='word_1_228' title='bbox 433 2456 645 2503; x_wconf 76' lang='lat' dir='ltr'>§.Nicolai</span> <span class='ocrx_word' id='word_1_229' title='bbox 662 2460 702 2501; x_wconf 89' lang='lat' dir='ltr'>in</span> <span class='ocrx_word' id='word_1_230' title='bbox 717 2458 1209 2511; x_wconf 64' lang='lat' dir='ltr'>carcererunianomia-</span> 
     </span>
     <span class='ocr_line' id='line_1_38' title="bbox 219 2515 1208 2571; baseline -0.006 -2"><span class='ocrx_word' id='word_1_231' title='bbox 219 2537 351 2571; x_wconf 79' lang='lat' dir='ltr'>cone,</span> <span class='ocrx_word' id='word_1_232' title='bbox 366 2517 659 2564; x_wconf 78' lang='lat' dir='ltr'>Cardinalibus</span> <span class='ocrx_word' id='word_1_233' title='bbox 674 2515 986 2563; x_wconf 82' lang='lat' dir='ltr'>examinandum</span> <span class='ocrx_word' id='word_1_234' title='bbox 1002 2519 1208 2563; x_wconf 81' lang='lat' dir='ltr'>commili-</span> 
     </span>
     <span class='ocr_line' id='line_1_39' title="bbox 213 2576 1208 2635; baseline 0.006 -17"><span class='ocrx_word' id='word_1_235' title='bbox 213 2597 307 2630; x_wconf 58' lang='grc' dir='ltr'>πω,</span> <span class='ocrx_word' id='word_1_236' title='bbox 322 2610 338 2635; x_wconf 84' lang='lat'><strong>,</strong></span> <span class='ocrx_word' id='word_1_237' title='bbox 350 2592 395 2623; x_wconf 77' lang='lat' dir='ltr'>m</span> <span class='ocrx_word' id='word_1_238' title='bbox 412 2576 535 2635; x_wconf 72' lang='lat' dir='ltr'>plene</span> <span class='ocrx_word' id='word_1_239' title='bbox 548 2577 677 2634; x_wconf 88' lang='lat' dir='ltr'>ipsum</span> <span class='ocrx_word' id='word_1_240' title='bbox 692 2577 940 2633; x_wconf 81' lang='lat' dir='ltr'>inspicerent</span> <span class='ocrx_word' id='word_1_241' title='bbox 955 2603 971 2628; x_wconf 84' lang='lat'><strong>‚</strong></span> <span class='ocrx_word' id='word_1_242' title='bbox 984 2578 1026 2621; x_wconf 74' lang='grc' dir='ltr'>δι</span> <span class='ocrx_word' id='word_1_243' title='bbox 1040 2579 1208 2624; x_wconf 77' lang='lat' dir='ltr'>univer-</span> 
     </span>
     <span class='ocr_line' id='line_1_40' title="bbox 216 2635 1208 2696; baseline -0.002 -10"><span class='ocrx_word' id='word_1_244' title='bbox 216 2642 259 2686; x_wconf 86' lang='lat' dir='ltr'>sa</span> <span class='ocrx_word' id='word_1_245' title='bbox 288 2647 487 2685; x_wconf 87' lang='lat' dir='ltr'>contenta</span> <span class='ocrx_word' id='word_1_246' title='bbox 516 2639 622 2682; x_wconf 86' lang='lat' dir='ltr'>ineo</span> <span class='ocrx_word' id='word_1_247' title='bbox 637 2635 818 2696; x_wconf 63' lang='lat' dir='ltr'>perfecte</span> <span class='ocrx_word' id='word_1_248' title='bbox 828 2636 1092 2683; x_wconf 86' lang='lat' dir='ltr'>attenderent</span> <span class='ocrx_word' id='word_1_249' title='bbox 1114 2667 1131 2695; x_wconf 83' lang='lat'><strong>,</strong></span> <span class='ocrx_word' id='word_1_250' title='bbox 1166 2640 1208 2684; x_wconf 70' lang='grc' dir='ltr'>ει</span> 
     </span>
     <span class='ocr_line' id='line_1_41' title="bbox 218 2697 742 2756; baseline -0.002 -11"><span class='ocrx_word' id='word_1_251' title='bbox 218 2700 475 2745; x_wconf 74' lang='lat' dir='ltr'>discuterent</span> <span class='ocrx_word' id='word_1_252' title='bbox 490 2697 716 2756; x_wconf 78' lang='lat' dir='ltr'>diligenter</span> <span class='ocrx_word' id='word_1_253' title='bbox 728 2729 742 2743; x_wconf 87' lang='lat'><strong>.</strong></span> 
     </span>
    </p>

    <p class='ocr_par' dir='ltr' id='par_1_5' title="bbox 215 2756 1211 3772">
     <span class='ocr_line' id='line_1_42' title="bbox 338 2756 1210 2818; baseline 0.001 -17"><span class='ocrx_word' id='word_1_254' title='bbox 338 2762 440 2818; x_wconf 87' lang='lat' dir='ltr'>Quo</span> <span class='ocrx_word' id='word_1_255' title='bbox 467 2758 648 2803; x_wconf 74' lang='lat' dir='ltr'>studiose</span> <span class='ocrx_word' id='word_1_256' title='bbox 667 2759 879 2818; x_wconf 63' lang='lat' dir='ltr'>perlecto,</span> <span class='ocrx_word' id='word_1_257' title='bbox 902 2760 945 2805; x_wconf 77' lang='grc' dir='ltr'>δι</span> <span class='ocrx_word' id='word_1_258' title='bbox 971 2756 1139 2804; x_wconf 69' lang='lat' dir='ltr'>mature</span> <span class='ocrx_word' id='word_1_259' title='bbox 1167 2759 1210 2802; x_wconf 68' lang='lat' dir='ltr'>fic</span> 
     </span>
     <span class='ocr_line' id='line_1_43' title="bbox 216 2818 1211 2878; baseline -0.004 -11"><span class='ocrx_word' id='word_1_260' title='bbox 216 2822 398 2868; x_wconf 68' lang='lat' dir='ltr'>districte</span> <span class='ocrx_word' id='word_1_261' title='bbox 413 2820 662 2872; x_wconf 74' lang='lat' dir='ltr'>examinato,</span> <span class='ocrx_word' id='word_1_262' title='bbox 678 2818 889 2878; x_wconf 79' lang='lat' dir='ltr'>Nobisque</span> <span class='ocrx_word' id='word_1_263' title='bbox 902 2819 957 2864; x_wconf 91' lang='lat' dir='ltr'>de</span> <span class='ocrx_word' id='word_1_264' title='bbox 971 2819 1050 2862; x_wconf 82' lang='lat' dir='ltr'>boc</span> <span class='ocrx_word' id='word_1_265' title='bbox 1096 2818 1211 2863; x_wconf 84' lang='lat' dir='ltr'>lena-</span> 
     </span>
     <span class='ocr_line' id='line_1_44' title="bbox 215 2878 1211 2938; baseline -0.001 -13"><span class='ocrx_word' id='word_1_266' title='bbox 215 2882 280 2927; x_wconf 65' lang='lat' dir='ltr'>tia</span> <span class='ocrx_word' id='word_1_267' title='bbox 297 2880 399 2923; x_wconf 56' lang='lat' dir='ltr'>saeta</span> <span class='ocrx_word' id='word_1_268' title='bbox 414 2879 620 2924; x_wconf 83' lang='lat' dir='ltr'>relatione</span> <span class='ocrx_word' id='word_1_269' title='bbox 643 2881 695 2924; x_wconf 91' lang='lat' dir='ltr'>ab</span> <span class='ocrx_word' id='word_1_270' title='bbox 711 2880 772 2925; x_wconf 75' lang='lat' dir='ltr'>eis</span> <span class='ocrx_word' id='word_1_271' title='bbox 784 2905 800 2929; x_wconf 66' lang='lat'><em>2</em></span> <span class='ocrx_word' id='word_1_272' title='bbox 815 2879 929 2938; x_wconf 91' lang='lat' dir='ltr'>quod</span> <span class='ocrx_word' id='word_1_273' title='bbox 945 2878 987 2923; x_wconf 92' lang='lat' dir='ltr'>in</span> <span class='ocrx_word' id='word_1_274' title='bbox 1003 2879 1044 2937; x_wconf 88' lang='lat' dir='ltr'>ip</span> <span class='ocrx_word' id='word_1_275' title='bbox 1062 2892 1091 2922; x_wconf 90' lang='lat' dir='ltr'>o</span> <span class='ocrx_word' id='word_1_276' title='bbox 1105 2892 1211 2937; x_wconf 78' lang='lat' dir='ltr'>quoe·</span> 
     </span>
     <span class='ocr_line' id='line_1_45' title="bbox 215 2937 1207 2999; baseline -0.005 -13"><span class='ocrx_word' id='word_1_277' title='bbox 215 2942 312 2986; x_wconf 78' lang='lat' dir='ltr'>darn</span> <span class='ocrx_word' id='word_1_278' title='bbox 329 2937 519 2997; x_wconf 81' lang='lat' dir='ltr'>perversa</span> <span class='ocrx_word' id='word_1_279' title='bbox 532 2969 547 2992; x_wconf 90' lang='lat'>,</span> <span class='ocrx_word' id='word_1_280' title='bbox 578 2942 616 2984; x_wconf 74' lang='grc' dir='ltr'>δι</span> <span class='ocrx_word' id='word_1_281' title='bbox 632 2940 810 2999; x_wconf 82' lang='lat' dir='ltr'>reproba</span> <span class='ocrx_word' id='word_1_282' title='bbox 824 2967 840 2992; x_wconf 89' lang='lat'>‚</span> <span class='ocrx_word' id='word_1_283' title='bbox 866 2948 1014 2984; x_wconf 86' lang='lat' dir='ltr'>contra</span> <span class='ocrx_word' id='word_1_284' title='bbox 1032 2938 1207 2995; x_wconf 77' lang='lat' dir='ltr'>potesta.</span> 
     </span>
     <span class='ocr_line' id='line_1_46' title="bbox 215 2996 1207 3053; baseline -0.004 -7"><span class='ocrx_word' id='word_1_285' title='bbox 215 3013 301 3047; x_wconf 86' lang='lat' dir='ltr'>tem</span> <span class='ocrx_word' id='word_1_286' title='bbox 315 3026 331 3050; x_wconf 88' lang='lat'><strong>‚</strong></span> <span class='ocrx_word' id='word_1_287' title='bbox 342 3001 384 3043; x_wconf 77' lang='grc' dir='ltr'>δι</span> <span class='ocrx_word' id='word_1_288' title='bbox 397 3000 688 3044; x_wconf 61' lang='lat' dir='ltr'>auctoritatem</span> <span class='ocrx_word' id='word_1_289' title='bbox 709 2999 889 3044; x_wconf 83' lang='lat' dir='ltr'>Romani</span> <span class='ocrx_word' id='word_1_290' title='bbox 907 2996 1118 3044; x_wconf 73' lang='lat' dir='ltr'>Pontificia</span> <span class='ocrx_word' id='word_1_291' title='bbox 1133 3028 1150 3053; x_wconf 84' lang='lat'>,</span> <span class='ocrx_word' id='word_1_292' title='bbox 1165 3000 1207 3043; x_wconf 75' lang='grc' dir='ltr'>δι</span> 
     </span>
     <span class='ocr_line' id='line_1_47' title="bbox 217 3056 1207 3116; baseline -0.003 -10"><span class='ocrx_word' id='word_1_293' title='bbox 217 3058 579 3116; x_wconf 81' lang='lat' dir='ltr'>Coepiscoporum</span> <span class='ocrx_word' id='word_1_294' title='bbox 593 3060 756 3104; x_wconf 71' lang='lat' dir='ltr'>luorum</span> <span class='ocrx_word' id='word_1_295' title='bbox 771 3089 787 3112; x_wconf 92' lang='lat'><strong>,</strong></span> <span class='ocrx_word' id='word_1_296' title='bbox 812 3062 854 3103; x_wconf 71' lang='lat' dir='ltr'>Bc</span> <span class='ocrx_word' id='word_1_297' title='bbox 876 3056 1075 3103; x_wconf 84' lang='lat' dir='ltr'>nonnulla</span> <span class='ocrx_word' id='word_1_298' title='bbox 1102 3072 1207 3103; x_wconf 85' lang='lat' dir='ltr'>con·</span> 
     </span>
     <span class='ocr_line' id='line_1_48' title="bbox 215 3116 1205 3177; baseline -0.001 -12"><span class='ocrx_word' id='word_1_299' title='bbox 215 3132 280 3165; x_wconf 87' lang='lat' dir='ltr'>tra</span> <span class='ocrx_word' id='word_1_300' title='bbox 300 3120 396 3163; x_wconf 80' lang='lat' dir='ltr'>illos</span> <span class='ocrx_word' id='word_1_301' title='bbox 409 3145 423 3168; x_wconf 86' lang='lat'>‚</span> <span class='ocrx_word' id='word_1_302' title='bbox 437 3121 505 3176; x_wconf 88' lang='lat' dir='ltr'>qui</span> <span class='ocrx_word' id='word_1_303' title='bbox 524 3130 698 3177; x_wconf 80' lang='lat' dir='ltr'>propter</span> <span class='ocrx_word' id='word_1_304' title='bbox 716 3122 849 3163; x_wconf 88' lang='lat' dir='ltr'>Deum</span> <span class='ocrx_word' id='word_1_305' title='bbox 877 3118 947 3162; x_wconf 87' lang='lat' dir='ltr'>sub</span> <span class='ocrx_word' id='word_1_306' title='bbox 960 3116 1205 3164; x_wconf 62' lang='lat' dir='ltr'>arelillimt.»</span> 
     </span>
     <span class='ocr_line' id='line_1_49' title="bbox 216 3177 1204 3238; baseline 0 -16"><span class='ocrx_word' id='word_1_307' title='bbox 216 3189 457 3238; x_wconf 72' lang='lat' dir='ltr'>paupertate</span> <span class='ocrx_word' id='word_1_308' title='bbox 486 3179 752 3233; x_wconf 83' lang='lat' dir='ltr'>mendicant,</span> <span class='ocrx_word' id='word_1_309' title='bbox 775 3177 977 3223; x_wconf 88' lang='lat' dir='ltr'>mundum</span> <span class='ocrx_word' id='word_1_310' title='bbox 1000 3192 1097 3225; x_wconf 87' lang='lat' dir='ltr'>cum</span> <span class='ocrx_word' id='word_1_311' title='bbox 1123 3177 1204 3223; x_wconf 73' lang='lat' dir='ltr'>suit</span> 
     </span>
     <span class='ocr_line' id='line_1_50' title="bbox 217 3237 1202 3297; baseline 0.003 -16"><span class='ocrx_word' id='word_1_312' title='bbox 217 3242 365 3296; x_wconf 75' lang='lat' dir='ltr'>opibus</span> <span class='ocrx_word' id='word_1_313' title='bbox 382 3237 617 3283; x_wconf 65' lang='lat' dir='ltr'>voluntari!</span> <span class='ocrx_word' id='word_1_314' title='bbox 631 3239 768 3295; x_wconf 84' lang='lat' dir='ltr'>inopia</span> <span class='ocrx_word' id='word_1_315' title='bbox 796 3241 1062 3297; x_wconf 55' lang='lat' dir='ltr'>superantem</span> <span class='ocrx_word' id='word_1_316' title='bbox 1090 3238 1202 3284; x_wconf 73' lang='lat' dir='ltr'>alia-0</span> 
     </span>
     <span class='ocr_line' id='line_1_51' title="bbox 217 3297 1203 3356; baseline 0.001 -14"><span class='ocrx_word' id='word_1_317' title='bbox 217 3302 318 3342; x_wconf 77' lang='lat' dir='ltr'>vero</span> <span class='ocrx_word' id='word_1_318' title='bbox 337 3309 483 3341; x_wconf 84' lang='lat' dir='ltr'>contra</span> <span class='ocrx_word' id='word_1_319' title='bbox 500 3312 590 3352; x_wconf 72' lang='lat' dir='ltr'>eoa,</span> <span class='ocrx_word' id='word_1_320' title='bbox 603 3299 675 3356; x_wconf 85' lang='lat' dir='ltr'>qui</span> <span class='ocrx_word' id='word_1_321' title='bbox 696 3297 866 3343; x_wconf 85' lang='lat' dir='ltr'>salutem</span> <span class='ocrx_word' id='word_1_322' title='bbox 880 3299 1111 3343; x_wconf 88' lang='lat' dir='ltr'>animarum</span> <span class='ocrx_word' id='word_1_323' title='bbox 1129 3309 1203 3343; x_wconf 79' lang='lat' dir='ltr'>ze-</span> 
     </span>
     <span class='ocr_line' id='line_1_52' title="bbox 217 3356 1204 3416; baseline 0.002 -15"><span class='ocrx_word' id='word_1_324' title='bbox 217 3357 355 3401; x_wconf 75' lang='lat' dir='ltr'>lantes</span> <span class='ocrx_word' id='word_1_325' title='bbox 370 3357 642 3408; x_wconf 59' lang='lat' dir='ltr'>ardentem&amp;</span> <span class='ocrx_word' id='word_1_326' title='bbox 665 3356 785 3401; x_wconf 74' lang='lat' dir='ltr'>sacris</span> <span class='ocrx_word' id='word_1_327' title='bbox 808 3357 948 3403; x_wconf 74' lang='lat' dir='ltr'>studiis</span> <span class='ocrx_word' id='word_1_328' title='bbox 975 3371 1204 3416; x_wconf 89' lang='lat' dir='ltr'>procuran-</span> 
     </span>
     <span class='ocr_line' id='line_1_53' title="bbox 218 3415 1204 3476; baseline 0.002 -16"><span class='ocrx_word' id='word_1_329' title='bbox 218 3426 284 3460; x_wconf 76' lang='lat' dir='ltr'>tes</span> <span class='ocrx_word' id='word_1_330' title='bbox 299 3445 313 3468; x_wconf 84' lang='lat'>,</span> <span class='ocrx_word' id='word_1_331' title='bbox 330 3416 477 3459; x_wconf 77' lang='lat' dir='ltr'>multus</span> <span class='ocrx_word' id='word_1_332' title='bbox 496 3419 535 3461; x_wconf 85' lang='lat' dir='ltr'>in</span> <span class='ocrx_word' id='word_1_333' title='bbox 566 3415 745 3461; x_wconf 79' lang='lat' dir='ltr'>Ecclefia</span> <span class='ocrx_word' id='word_1_334' title='bbox 764 3418 839 3461; x_wconf 85' lang='lat' dir='ltr'>Dei</span> <span class='ocrx_word' id='word_1_335' title='bbox 867 3426 1093 3476; x_wconf 82' lang='lat' dir='ltr'>operantur</span> <span class='ocrx_word' id='word_1_336' title='bbox 1120 3417 1204 3476; x_wconf 87' lang='lat' dir='ltr'>spi·</span> 
     </span>
     <span class='ocr_line' id='line_1_54' title="bbox 218 3473 1204 3534; baseline 0.002 -15"><span class='ocrx_word' id='word_1_337' title='bbox 218 3473 387 3519; x_wconf 72' lang='lat' dir='ltr'>rituales</span> <span class='ocrx_word' id='word_1_338' title='bbox 415 3474 647 3530; x_wconf 58' lang='lat' dir='ltr'>profectus,</span> <span class='ocrx_word' id='word_1_339' title='bbox 674 3477 715 3519; x_wconf 75' lang='grc' dir='ltr'>δι</span> <span class='ocrx_word' id='word_1_340' title='bbox 739 3490 930 3534; x_wconf 78' lang='lat' dir='ltr'>magnum</span> <span class='ocrx_word' id='word_1_341' title='bbox 963 3476 1119 3521; x_wconf 67' lang='lat' dir='ltr'>saciant</span> <span class='ocrx_word' id='word_1_342' title='bbox 1147 3475 1204 3521; x_wconf 73' lang='lat' dir='ltr'>ibt</span> 
     </span>
     <span class='ocr_line' id='line_1_55' title="bbox 222 3534 1202 3589; baseline 0.002 -10"><span class='ocrx_word' id='word_1_343' title='bbox 222 3534 403 3579; x_wconf 69' lang='lat' dir='ltr'>fructum</span> <span class='ocrx_word' id='word_1_344' title='bbox 419 3536 628 3589; x_wconf 63' lang='lat' dir='ltr'>mucclam</span> <span class='ocrx_word' id='word_1_345' title='bbox 647 3546 783 3579; x_wconf 80' lang='lat' dir='ltr'>autem</span> <span class='ocrx_word' id='word_1_346' title='bbox 809 3547 957 3581; x_wconf 87' lang='lat' dir='ltr'>contra</span> <span class='ocrx_word' id='word_1_347' title='bbox 987 3534 1202 3581; x_wconf 80' lang='lat' dir='ltr'>salutarem</span> 
     </span>
     <span class='ocr_line' id='line_1_56' title="bbox 219 3594 1201 3655; baseline -0.003 -14"><span class='ocrx_word' id='word_1_348' title='bbox 219 3605 447 3655; x_wconf 65' lang='lat' dir='ltr'>pnupetum</span> <span class='ocrx_word' id='word_1_349' title='bbox 477 3622 491 3643; x_wconf 86' lang='lat'>‚</span> <span class='ocrx_word' id='word_1_350' title='bbox 529 3594 593 3638; x_wconf 83' lang='lat' dir='ltr'>seu</span> <span class='ocrx_word' id='word_1_351' title='bbox 621 3595 941 3640; x_wconf 75' lang='lat' dir='ltr'>mendicantium</span> <span class='ocrx_word' id='word_1_352' title='bbox 970 3595 1201 3650; x_wconf 74' lang='lat' dir='ltr'>Religiolb-</span> 
     </span>
     <span class='ocr_line' id='line_1_57' title="bbox 221 3651 1197 3700; baseline 0.007 -10"><span class='ocrx_word' id='word_1_353' title='bbox 221 3667 314 3700; x_wconf 67' lang='lat' dir='ltr'>mm</span> <span class='ocrx_word' id='word_1_354' title='bbox 331 3652 502 3699; x_wconf 78' lang='lat' dir='ltr'>natum,</span> <span class='ocrx_word' id='word_1_355' title='bbox 518 3651 617 3695; x_wconf 82' lang='lat' dir='ltr'>ficut</span> <span class='ocrx_word' id='word_1_356' title='bbox 644 3654 733 3698; x_wconf 88' lang='lat' dir='ltr'>sunt</span> <span class='ocrx_word' id='word_1_357' title='bbox 755 3654 895 3699; x_wconf 71' lang='lat' dir='ltr'>dilee&#39;li</span> <span class='ocrx_word' id='word_1_358' title='bbox 924 3654 1015 3699; x_wconf 70' lang='lat' dir='ltr'>Filii</span> <span class='ocrx_word' id='word_1_359' title='bbox 1036 3655 1197 3699; x_wconf 75' lang='lat' dir='ltr'>Fratres</span> 
     </span>
     <span class='ocr_line' id='line_1_58' title="bbox 221 3709 1196 3772; baseline 0.001 -17"><span class='ocrx_word' id='word_1_360' title='bbox 221 3709 523 3760; x_wconf 64' lang='lat' dir='ltr'>Pudicatorct</span> <span class='ocrx_word' id='word_1_361' title='bbox 538 3735 552 3758; x_wconf 84' lang='lat'><strong>‚</strong></span> <span class='ocrx_word' id='word_1_362' title='bbox 576 3712 614 3753; x_wconf 70' lang='grc' dir='ltr'><strong>ἁ</strong></span> <span class='ocrx_word' id='word_1_363' title='bbox 632 3713 812 3757; x_wconf 69' lang='lat' dir='ltr'>Minores</span> <span class='ocrx_word' id='word_1_364' title='bbox 827 3743 841 3767; x_wconf 85' lang='lat'>,</span> <span class='ocrx_word' id='word_1_365' title='bbox 867 3716 936 3772; x_wconf 86' lang='lat' dir='ltr'>qul</span> <span class='ocrx_word' id='word_1_366' title='bbox 955 3714 992 3758; x_wconf 76' lang='lat' dir='ltr'>vi</span> <span class='ocrx_word' id='word_1_367' title='bbox 1024 3724 1094 3756; x_wconf 80' lang='lat' dir='ltr'>otc</span> <span class='ocrx_word' id='word_1_368' title='bbox 1116 3714 1196 3771; x_wconf 84' lang='lat' dir='ltr'>spi·</span> 
     </span>
    </p>
   </div>
   <div class='ocr_carea' id='block_1_3' title="bbox 824 226 1734 325">
    <p class='ocr_par' dir='ltr' id='par_1_6' title="bbox 824 226 1734 325">
     <span class='ocr_line' id='line_1_59' title="bbox 824 226 1734 325; baseline 0.007 -6"><span class='ocrx_word' id='word_1_369' title='bbox 824 227 991 319; x_wconf 82' lang='lat' dir='ltr'>Sub</span> <span class='ocrx_word' id='word_1_370' title='bbox 1051 226 1501 321; x_wconf 81' lang='lat' dir='ltr'>Alexandro</span> <span class='ocrx_word' id='word_1_371' title='bbox 1563 227 1609 319; x_wconf 68' lang='lat' dir='ltr'>⁶I</span> <span class='ocrx_word' id='word_1_372' title='bbox 1633 232 1734 325; x_wconf 92' lang='lat' dir='ltr'>V.</span> 
     </span>
    </p>
   </div>
   <div class='ocr_carea' id='block_1_4' title="bbox 1273 388 2297 2178">
    <p class='ocr_par' dir='ltr' id='par_1_7' title="bbox 1287 388 2279 864">
     <span class='ocr_line' id='line_1_60' title="bbox 1293 388 2277 447; baseline 0.001 -12"><span class='ocrx_word' id='word_1_373' title='bbox 1293 393 1348 435; x_wconf 92' lang='lat' dir='ltr'>tia</span> <span class='ocrx_word' id='word_1_374' title='bbox 1362 423 1377 444; x_wconf 94' lang='lat'>‚</span> <span class='ocrx_word' id='word_1_375' title='bbox 1403 393 1527 447; x_wconf 88' lang='lat' dir='ltr'>digna</span> <span class='ocrx_word' id='word_1_376' title='bbox 1544 392 1687 447; x_wconf 88' lang='lat' dir='ltr'>utique</span> <span class='ocrx_word' id='word_1_377' title='bbox 1711 388 2000 435; x_wconf 83' lang='lat' dir='ltr'>confutatione</span> <span class='ocrx_word' id='word_1_378' title='bbox 2013 420 2029 444; x_wconf 83' lang='lat'>‚</span> <span class='ocrx_word' id='word_1_379' title='bbox 2042 404 2115 435; x_wconf 54' lang='lat' dir='ltr'>‘ac&#39;</span> <span class='ocrx_word' id='word_1_380' title='bbox 2129 389 2277 436; x_wconf 70' lang='lat' dir='ltr'>consu:</span> 
     </span>
     <span class='ocr_line' id='line_1_61' title="bbox 1290 449 2278 507; baseline 0.001 -15"><span class='ocrx_word' id='word_1_381' title='bbox 1290 451 1399 492; x_wconf 84' lang='lat' dir='ltr'>fione</span> <span class='ocrx_word' id='word_1_382' title='bbox 1417 461 1635 506; x_wconf 88' lang='lat' dir='ltr'>perpetua,</span> <span class='ocrx_word' id='word_1_383' title='bbox 1651 449 1859 494; x_wconf 75' lang='lat' dir='ltr'>manifeste</span> <span class='ocrx_word' id='word_1_384' title='bbox 1887 452 2158 507; x_wconf 88' lang='lat' dir='ltr'>comperimus</span> <span class='ocrx_word' id='word_1_385' title='bbox 2175 465 2278 493; x_wconf 91' lang='lat' dir='ltr'>con-</span> 
     </span>
     <span class='ocr_line' id='line_1_62' title="bbox 1288 508 2278 567; baseline 0.002 -17"><span class='ocrx_word' id='word_1_386' title='bbox 1288 509 1413 551; x_wconf 85' lang='lat' dir='ltr'>tineri</span> <span class='ocrx_word' id='word_1_387' title='bbox 1429 538 1441 550; x_wconf 89' lang='lat'><strong>.</strong></span> <span class='ocrx_word' id='word_1_388' title='bbox 1501 511 1663 566; x_wconf 91' lang='lat' dir='ltr'>uodque</span> <span class='ocrx_word' id='word_1_389' title='bbox 1683 513 1806 554; x_wconf 87' lang='lat' dir='ltr'>ctiam</span> <span class='ocrx_word' id='word_1_390' title='bbox 1822 508 1931 550; x_wconf 85' lang='lat' dir='ltr'>idem</span> <span class='ocrx_word' id='word_1_391' title='bbox 1960 509 2122 554; x_wconf 82' lang='lat' dir='ltr'>libellus</span> <span class='ocrx_word' id='word_1_392' title='bbox 2138 509 2278 567; x_wconf 88' lang='lat' dir='ltr'>magni</span> 
     </span>
     <span class='ocr_line' id='line_1_63' title="bbox 1288 567 2272 619; baseline 0.001 -9"><span class='ocrx_word' id='word_1_393' title='bbox 1288 567 1466 610; x_wconf 84' lang='lat' dir='ltr'>scandali</span> <span class='ocrx_word' id='word_1_394' title='bbox 1494 571 1749 612; x_wconf 85' lang='lat' dir='ltr'>seminarium</span> <span class='ocrx_word' id='word_1_395' title='bbox 1764 570 1836 619; x_wconf 72' lang='grc' dir='ltr'>,δε</span> <span class='ocrx_word' id='word_1_396' title='bbox 1862 567 1999 610; x_wconf 76' lang='lat' dir='ltr'>multa:</span> <span class='ocrx_word' id='word_1_397' title='bbox 2024 569 2272 614; x_wconf 86' lang='lat' dir='ltr'>turbationis</span> 
     </span>
     <span class='ocr_line' id='line_1_64' title="bbox 1290 626 2279 678; baseline 0.003 -10"><span class='ocrx_word' id='word_1_398' title='bbox 1290 628 1461 670; x_wconf 81' lang='lat' dir='ltr'>materia</span> <span class='ocrx_word' id='word_1_399' title='bbox 1486 627 1711 676; x_wconf 83' lang='lat' dir='ltr'>existebat,</span> <span class='ocrx_word' id='word_1_400' title='bbox 1733 630 1771 668; x_wconf 80' lang='grc' dir='ltr'>δι</span> <span class='ocrx_word' id='word_1_401' title='bbox 1799 626 2019 671; x_wconf 87' lang='lat' dir='ltr'>inducebat</span> <span class='ocrx_word' id='word_1_402' title='bbox 2048 634 2173 673; x_wconf 86' lang='lat' dir='ltr'>etiam</span> <span class='ocrx_word' id='word_1_403' title='bbox 2198 627 2279 678; x_wconf 67' lang='lat' dir='ltr'>dis-,</span> 
     </span>
     <span class='ocr_line' id='line_1_65' title="bbox 1287 687 2278 741; baseline 0.003 -13"><span class='ocrx_word' id='word_1_404' title='bbox 1287 687 1479 741; x_wconf 89' lang='lat' dir='ltr'>pendium</span> <span class='ocrx_word' id='word_1_405' title='bbox 1511 687 1739 729; x_wconf 89' lang='lat' dir='ltr'>animarum</span> <span class='ocrx_word' id='word_1_406' title='bbox 1754 711 1768 734; x_wconf 82' lang='lat'>‚</span> <span class='ocrx_word' id='word_1_407' title='bbox 1798 698 1892 726; x_wconf 90' lang='lat' dir='ltr'>cum</span> <span class='ocrx_word' id='word_1_408' title='bbox 1920 689 2148 733; x_wconf 75' lang='lat' dir='ltr'>retraheret</span> <span class='ocrx_word' id='word_1_409' title='bbox 2166 688 2187 731; x_wconf 68' lang='lat' dir='ltr'>a</span> <span class='ocrx_word' id='word_1_410' title='bbox 2203 688 2278 731; x_wconf 89' lang='lat' dir='ltr'>de-</span> 
     </span>
     <span class='ocr_line' id='line_1_66' title="bbox 1293 744 2274 805; baseline 0.009 -21"><span class='ocrx_word' id='word_1_411' title='bbox 1293 746 1467 788; x_wconf 85' lang='lat' dir='ltr'>votione</span> <span class='ocrx_word' id='word_1_412' title='bbox 1491 744 1637 791; x_wconf 81' lang='lat' dir='ltr'>solita,</span> <span class='ocrx_word' id='word_1_413' title='bbox 1650 746 1690 786; x_wconf 87' lang='lat'>&amp;</span> <span class='ocrx_word' id='word_1_414' title='bbox 1711 744 1902 786; x_wconf 88' lang='lat' dir='ltr'>consueta</span> <span class='ocrx_word' id='word_1_415' title='bbox 1923 745 2274 805; x_wconf 82' lang='lat' dir='ltr'>eleemosynarum</span> 
     </span>
     <span class='ocr_line' id='line_1_67' title="bbox 1290 803 2263 864; baseline 0.004 -19"><span class='ocrx_word' id='word_1_416' title='bbox 1290 803 1539 859; x_wconf 78' lang='lat' dir='ltr'>largitione,</span> <span class='ocrx_word' id='word_1_417' title='bbox 1567 804 1608 843; x_wconf 88' lang='lat'>&amp;</span> <span class='ocrx_word' id='word_1_418' title='bbox 1628 804 1652 846; x_wconf 75' lang='lat' dir='ltr'>a</span> <span class='ocrx_word' id='word_1_419' title='bbox 1670 804 1955 857; x_wconf 81' lang='lat' dir='ltr'>converfione,</span> <span class='ocrx_word' id='word_1_420' title='bbox 1977 809 2263 864; x_wconf 72' lang='lat' dir='ltr'>&amp;Religionis</span> 
     </span>
    </p>

    <p class='ocr_par' dir='ltr' id='par_1_8' title="bbox 1293 860 2257 918">
     <span class='ocr_line' id='line_1_68' title="bbox 1293 860 2257 918; baseline -0.004 -14"><span class='ocrx_word' id='word_1_421' title='bbox 1293 860 1472 918; x_wconf 84' lang='lat' dir='ltr'>ingreffu</span> <span class='ocrx_word' id='word_1_422' title='bbox 1491 861 1637 904; x_wconf 86' lang='lat' dir='ltr'>fideles</span> <span class='ocrx_word' id='word_1_423' title='bbox 1650 891 1667 903; x_wconf 88' lang='lat'><strong>.</strong></span> <span class='ocrx_word' id='word_1_424' title='bbox 2254 861 2257 863; x_wconf 75' lang='grc'><strong>’</strong></span> 
     </span>
    </p>

    <p class='ocr_par' dir='ltr' id='par_1_9' title="bbox 1274 921 2297 1867">
     <span class='ocr_line' id='line_1_69' title="bbox 1411 921 2274 985; baseline 0.007 -21"><span class='ocrx_word' id='word_1_425' title='bbox 1411 925 1498 967; x_wconf 88' lang='lat' dir='ltr'>Nos</span> <span class='ocrx_word' id='word_1_426' title='bbox 1523 921 1710 965; x_wconf 90' lang='lat' dir='ltr'>libellum</span> <span class='ocrx_word' id='word_1_427' title='bbox 1722 923 1928 976; x_wconf 76' lang='lat' dir='ltr'>eumdem,</span> <span class='ocrx_word' id='word_1_428' title='bbox 1942 927 2011 985; x_wconf 87' lang='lat' dir='ltr'>qui</span> <span class='ocrx_word' id='word_1_429' title='bbox 2031 927 2082 971; x_wconf 86' lang='lat' dir='ltr'>fic</span> <span class='ocrx_word' id='word_1_430' title='bbox 2100 925 2274 983; x_wconf 87' lang='lat' dir='ltr'>incipit:</span> 
     </span>
     <span class='ocr_line' id='line_1_70' title="bbox 1288 981 2273 1044; baseline 0.002 -19"><span class='ocrx_word' id='word_1_431' title='bbox 1288 986 1385 1025; x_wconf 78' lang='lat' dir='ltr'>Ecce</span> <span class='ocrx_word' id='word_1_432' title='bbox 1397 982 1573 1026; x_wconf 74' lang='lat' dir='ltr'>videntes</span> <span class='ocrx_word' id='word_1_433' title='bbox 1590 981 1948 1044; x_wconf 74' lang='lat' dir='ltr'>clamabuntfhrls‚</span> <span class='ocrx_word' id='word_1_434' title='bbox 1962 989 2112 1043; x_wconf 89' lang='lat' dir='ltr'>quique</span> <span class='ocrx_word' id='word_1_435' title='bbox 2127 985 2273 1030; x_wconf 87' lang='lat' dir='ltr'>secun-</span> 
     </span>
     <span class='ocr_line' id='line_1_71' title="bbox 1286 1041 2276 1102; baseline 0.005 -19"><span class='ocrx_word' id='word_1_436' title='bbox 1286 1041 1384 1083; x_wconf 77' lang='lat' dir='ltr'>dum</span> <span class='ocrx_word' id='word_1_437' title='bbox 1402 1043 1524 1099; x_wconf 75' lang='lat' dir='ltr'>ipsius</span> <span class='ocrx_word' id='word_1_438' title='bbox 1542 1041 1707 1086; x_wconf 84' lang='lat' dir='ltr'>titulum</span> <span class='ocrx_word' id='word_1_439' title='bbox 1720 1068 1736 1094; x_wconf 62' lang='lat'>2</span> <span class='ocrx_word' id='word_1_440' title='bbox 1755 1045 1966 1088; x_wconf 66' lang='lat' dir='ltr'>Trablatus</span> <span class='ocrx_word' id='word_1_441' title='bbox 1993 1046 2125 1088; x_wconf 75' lang='lat' dir='ltr'>brevis</span> <span class='ocrx_word' id='word_1_442' title='bbox 2152 1046 2199 1087; x_wconf 83' lang='lat' dir='ltr'>de</span> <span class='ocrx_word' id='word_1_443' title='bbox 2204 1055 2276 1102; x_wconf 83' lang='lat' dir='ltr'>pe-</span> 
     </span>
     <span class='ocr_line' id='line_1_72' title="bbox 1284 1099 2272 1160; baseline 0.002 -16"><span class='ocrx_word' id='word_1_444' title='bbox 1284 1099 1716 1160; x_wconf 15' lang='lat' dir='ltr'>riculislnovtjfflmorum</span> <span class='ocrx_word' id='word_1_445' title='bbox 1739 1112 1958 1159; x_wconf 83' lang='lat' dir='ltr'>temporum</span> <span class='ocrx_word' id='word_1_446' title='bbox 1972 1113 2239 1159; x_wconf 85' lang='lat' dir='ltr'>nuncupatur</span> <span class='ocrx_word' id='word_1_447' title='bbox 2254 1131 2272 1155; x_wconf 82' lang='lat'>‚</span> 
     </span>
     <span class='ocr_line' id='line_1_73' title="bbox 1285 1159 2272 1220; baseline 0 -16"><span class='ocrx_word' id='word_1_448' title='bbox 1285 1170 1490 1219; x_wconf 88' lang='lat' dir='ltr'>tamquam</span> <span class='ocrx_word' id='word_1_449' title='bbox 1508 1159 1686 1220; x_wconf 84' lang='lat' dir='ltr'>iniquum</span> <span class='ocrx_word' id='word_1_450' title='bbox 1698 1191 1715 1214; x_wconf 87' lang='lat'>,</span> <span class='ocrx_word' id='word_1_451' title='bbox 1730 1164 1940 1207; x_wconf 87' lang='lat' dir='ltr'>scelestum</span> <span class='ocrx_word' id='word_1_452' title='bbox 1955 1188 1971 1212; x_wconf 64' lang='lat'>2</span> <span class='ocrx_word' id='word_1_453' title='bbox 1997 1164 2036 1205; x_wconf 87' lang='lat'>&amp;</span> <span class='ocrx_word' id='word_1_454' title='bbox 2053 1163 2272 1205; x_wconf 84' lang='lat' dir='ltr'>execrabi-</span> 
     </span>
     <span class='ocr_line' id='line_1_74' title="bbox 1281 1221 2272 1273; baseline -0.002 -9"><span class='ocrx_word' id='word_1_455' title='bbox 1281 1221 1448 1271; x_wconf 77' lang='lat' dir='ltr'>lem‚&amp;</span> <span class='ocrx_word' id='word_1_456' title='bbox 1474 1221 1772 1273; x_wconf 80' lang='lat' dir='ltr'>institutiones,</span> <span class='ocrx_word' id='word_1_457' title='bbox 1800 1237 1846 1266; x_wconf 89' lang='lat' dir='ltr'>ac</span> <span class='ocrx_word' id='word_1_458' title='bbox 1861 1223 2112 1265; x_wconf 90' lang='lat' dir='ltr'>documenta</span> <span class='ocrx_word' id='word_1_459' title='bbox 2144 1222 2184 1266; x_wconf 90' lang='lat' dir='ltr'>in</span> <span class='ocrx_word' id='word_1_460' title='bbox 2217 1233 2272 1265; x_wconf 94' lang='lat' dir='ltr'>eo</span> 
     </span>
     <span class='ocr_line' id='line_1_75' title="bbox 1283 1280 2273 1339; baseline 0.001 -15"><span class='ocrx_word' id='word_1_461' title='bbox 1283 1281 1438 1324; x_wconf 86' lang='lat' dir='ltr'>tradita</span> <span class='ocrx_word' id='word_1_462' title='bbox 1449 1308 1464 1332; x_wconf 65' lang='lat'>2</span> <span class='ocrx_word' id='word_1_463' title='bbox 1478 1292 1629 1338; x_wconf 89' lang='lat' dir='ltr'>utpote</span> <span class='ocrx_word' id='word_1_464' title='bbox 1641 1297 1764 1339; x_wconf 86' lang='lat' dir='ltr'>prava</span> <span class='ocrx_word' id='word_1_465' title='bbox 1780 1311 1798 1334; x_wconf 86' lang='lat'><strong>,</strong></span> <span class='ocrx_word' id='word_1_466' title='bbox 1814 1280 1913 1326; x_wconf 89' lang='lat' dir='ltr'>falsa</span> <span class='ocrx_word' id='word_1_467' title='bbox 1927 1311 1942 1334; x_wconf 86' lang='lat'>,</span> <span class='ocrx_word' id='word_1_468' title='bbox 1953 1283 1994 1325; x_wconf 74' lang='grc' dir='ltr'>δι</span> <span class='ocrx_word' id='word_1_469' title='bbox 2012 1280 2167 1326; x_wconf 86' lang='lat' dir='ltr'>nefaria</span> <span class='ocrx_word' id='word_1_470' title='bbox 2181 1308 2195 1331; x_wconf 66' lang='lat' dir='ltr'>a</span> <span class='ocrx_word' id='word_1_471' title='bbox 2216 1281 2273 1325; x_wconf 88' lang='lat' dir='ltr'>de</span> 
     </span>
     <span class='ocr_line' id='line_1_76' title="bbox 1285 1342 2271 1394; baseline -0.002 -9"><span class='ocrx_word' id='word_1_472' title='bbox 1285 1344 1476 1385; x_wconf 71' lang='lat' dir='ltr'>fratrum</span> <span class='ocrx_word' id='word_1_473' title='bbox 1505 1342 1734 1384; x_wconf 85' lang='lat' dir='ltr'>nostrorum</span> <span class='ocrx_word' id='word_1_474' title='bbox 1773 1342 1946 1385; x_wconf 85' lang='lat' dir='ltr'>confilio</span> <span class='ocrx_word' id='word_1_475' title='bbox 1976 1371 1991 1394; x_wconf 84' lang='lat'>‚</span> <span class='ocrx_word' id='word_1_476' title='bbox 2023 1342 2271 1385; x_wconf 70' lang='lat' dir='ltr'>auctoritate</span> 
     </span>
     <span class='ocr_line' id='line_1_77' title="bbox 1284 1401 2270 1459; baseline -0.001 -15"><span class='ocrx_word' id='word_1_477' title='bbox 1284 1402 1523 1459; x_wconf 77' lang='lat' dir='ltr'>Apostolica</span> <span class='ocrx_word' id='word_1_478' title='bbox 1537 1402 1726 1444; x_wconf 82' lang='lat' dir='ltr'>duximus</span> <span class='ocrx_word' id='word_1_479' title='bbox 1749 1401 2006 1456; x_wconf 88' lang='lat' dir='ltr'>reprobanda</span> <span class='ocrx_word' id='word_1_480' title='bbox 2020 1429 2035 1450; x_wconf 80' lang='lat'>,</span> <span class='ocrx_word' id='word_1_481' title='bbox 2060 1403 2155 1445; x_wconf 84' lang='lat' dir='ltr'>&amp;in</span> <span class='ocrx_word' id='word_1_482' title='bbox 2174 1414 2270 1458; x_wconf 88' lang='lat' dir='ltr'>per-</span> 
     </span>
     <span class='ocr_line' id='line_1_78' title="bbox 1281 1460 2271 1519; baseline -0.003 -14"><span class='ocrx_word' id='word_1_483' title='bbox 1281 1472 1452 1519; x_wconf 90' lang='lat' dir='ltr'>petuum</span> <span class='ocrx_word' id='word_1_484' title='bbox 1465 1460 1782 1505; x_wconf 90' lang='lat' dir='ltr'>condemnanda</span> <span class='ocrx_word' id='word_1_485' title='bbox 1797 1473 1814 1517; x_wconf 63' lang='grc' dir='ltr'><strong>ς</strong></span> <span class='ocrx_word' id='word_1_486' title='bbox 1835 1461 2013 1504; x_wconf 62' lang='lat' dir='ltr'>districte</span> <span class='ocrx_word' id='word_1_487' title='bbox 2033 1461 2271 1518; x_wconf 82' lang='lat' dir='ltr'>praecipien-</span> 
     </span>
     <span class='ocr_line' id='line_1_79' title="bbox 1281 1519 2297 1579; baseline 0.001 -14"><span class='ocrx_word' id='word_1_488' title='bbox 1281 1530 1341 1566; x_wconf 82' lang='lat' dir='ltr'>tes</span> <span class='ocrx_word' id='word_1_489' title='bbox 1357 1548 1373 1571; x_wconf 79' lang='lat'>‚</span> <span class='ocrx_word' id='word_1_490' title='bbox 1387 1531 1434 1564; x_wconf 90' lang='lat' dir='ltr'>ut</span> <span class='ocrx_word' id='word_1_491' title='bbox 1447 1521 1698 1579; x_wconf 90' lang='lat' dir='ltr'>quicumque</span> <span class='ocrx_word' id='word_1_492' title='bbox 1711 1520 1899 1565; x_wconf 77' lang='lat' dir='ltr'>libellum</span> <span class='ocrx_word' id='word_1_493' title='bbox 1915 1520 2045 1576; x_wconf 82' lang='lat' dir='ltr'>ipsum</span> <span class='ocrx_word' id='word_1_494' title='bbox 2059 1519 2269 1571; x_wconf 76' lang='lat' dir='ltr'>habuerit,</span> <span class='ocrx_word' id='word_1_495' title='bbox 2295 1564 2297 1566; x_wconf 76' lang='grc'><strong>,</strong></span> 
     </span>
     <span class='ocr_line' id='line_1_80' title="bbox 1277 1579 2272 1638; baseline -0.004 -12"><span class='ocrx_word' id='word_1_496' title='bbox 1277 1596 1373 1626; x_wconf 90' lang='lat' dir='ltr'>eum</span> <span class='ocrx_word' id='word_1_497' title='bbox 1392 1582 1498 1624; x_wconf 91' lang='lat' dir='ltr'>infra</span> <span class='ocrx_word' id='word_1_498' title='bbox 1514 1585 1610 1625; x_wconf 76' lang='grc' dir='ltr'>οᾶο</span> <span class='ocrx_word' id='word_1_499' title='bbox 1626 1582 1715 1625; x_wconf 88' lang='lat' dir='ltr'>dies</span> <span class='ocrx_word' id='word_1_500' title='bbox 1728 1607 1744 1631; x_wconf 69' lang='lat'><em>2</em></span> <span class='ocrx_word' id='word_1_501' title='bbox 1763 1593 1816 1623; x_wconf 83' lang='lat' dir='ltr'>ex</span> <span class='ocrx_word' id='word_1_502' title='bbox 1830 1595 1915 1638; x_wconf 90' lang='lat' dir='ltr'>quo</span> <span class='ocrx_word' id='word_1_503' title='bbox 1933 1579 2167 1637; x_wconf 85' lang='lat' dir='ltr'>hujusmodi</span> <span class='ocrx_word' id='word_1_504' title='bbox 2195 1594 2272 1623; x_wconf 86' lang='lat' dir='ltr'>no-</span> 
     </span>
     <span class='ocr_line' id='line_1_81' title="bbox 1276 1641 2269 1700; baseline -0.005 -14"><span class='ocrx_word' id='word_1_505' title='bbox 1276 1642 1399 1686; x_wconf 82' lang='lat' dir='ltr'>stram</span> <span class='ocrx_word' id='word_1_506' title='bbox 1418 1642 1757 1700; x_wconf 86' lang='lat' dir='ltr'>reprobationem</span> <span class='ocrx_word' id='word_1_507' title='bbox 1773 1668 1789 1693; x_wconf 81' lang='lat'><strong>,</strong></span> <span class='ocrx_word' id='word_1_508' title='bbox 1814 1641 1856 1682; x_wconf 75' lang='grc' dir='ltr'>δι</span> <span class='ocrx_word' id='word_1_509' title='bbox 1881 1641 2269 1684; x_wconf 87' lang='lat' dir='ltr'>condemnationem</span> 
     </span>
     <span class='ocr_line' id='line_1_82' title="bbox 1274 1697 2264 1759; baseline -0.007 -14"><span class='ocrx_word' id='word_1_510' title='bbox 1274 1701 1465 1754; x_wconf 83' lang='lat' dir='ltr'>sciverit,</span> <span class='ocrx_word' id='word_1_511' title='bbox 1478 1705 1643 1759; x_wconf 84' lang='lat' dir='ltr'>prorsus</span> <span class='ocrx_word' id='word_1_512' title='bbox 1666 1699 1708 1742; x_wconf 85' lang='lat' dir='ltr'>in</span> <span class='ocrx_word' id='word_1_513' title='bbox 1731 1710 1827 1742; x_wconf 88' lang='lat' dir='ltr'>toto</span> <span class='ocrx_word' id='word_1_514' title='bbox 1842 1727 1857 1750; x_wconf 89' lang='lat'>,</span> <span class='ocrx_word' id='word_1_515' title='bbox 1885 1700 1925 1741; x_wconf 75' lang='grc' dir='ltr'>δι</span> <span class='ocrx_word' id='word_1_516' title='bbox 1949 1699 1987 1742; x_wconf 89' lang='lat' dir='ltr'>in</span> <span class='ocrx_word' id='word_1_517' title='bbox 2002 1698 2187 1757; x_wconf 87' lang='lat' dir='ltr'>qualibet</span> <span class='ocrx_word' id='word_1_518' title='bbox 2205 1697 2264 1740; x_wconf 88' lang='lat' dir='ltr'>sui</span> 
     </span>
     <span class='ocr_line' id='line_1_83' title="bbox 1279 1758 2261 1820; baseline -0.004 -16"><span class='ocrx_word' id='word_1_519' title='bbox 1279 1772 1398 1820; x_wconf 82' lang='lat' dir='ltr'>parte</span> <span class='ocrx_word' id='word_1_520' title='bbox 1424 1763 1673 1808; x_wconf 84' lang='lat' dir='ltr'>comburere</span> <span class='ocrx_word' id='word_1_521' title='bbox 1687 1789 1705 1813; x_wconf 89' lang='lat'>,</span> <span class='ocrx_word' id='word_1_522' title='bbox 1729 1758 1954 1803; x_wconf 86' lang='lat' dir='ltr'>&amp;omnino</span> <span class='ocrx_word' id='word_1_523' title='bbox 1982 1758 2153 1805; x_wconf 82' lang='lat' dir='ltr'>abolere</span> <span class='ocrx_word' id='word_1_524' title='bbox 2167 1771 2261 1815; x_wconf 41' lang='lat' dir='ltr'>prot</span> 
     </span>
     <span class='ocr_line' id='line_1_84' title="bbox 1279 1832 1423 1867; baseline 0.014 -2"><span class='ocrx_word' id='word_1_525' title='bbox 1279 1832 1396 1867; x_wconf 89' lang='lat' dir='ltr'>curet</span> <span class='ocrx_word' id='word_1_526' title='bbox 1410 1852 1423 1866; x_wconf 85' lang='lat'><strong>.</strong></span> 
     </span>
    </p>

    <p class='ocr_par' dir='ltr' id='par_1_10' title="bbox 1273 1879 2273 2178">
     <span class='ocr_line' id='line_1_85' title="bbox 1399 1879 2271 1940; baseline -0.005 -14"><span class='ocrx_word' id='word_1_527' title='bbox 1399 1884 1454 1926; x_wconf 79' lang='lat' dir='ltr'>Et</span> <span class='ocrx_word' id='word_1_528' title='bbox 1469 1883 1509 1926; x_wconf 93' lang='lat' dir='ltr'>in</span> <span class='ocrx_word' id='word_1_529' title='bbox 1527 1883 1624 1927; x_wconf 83' lang='lat' dir='ltr'>illos</span> <span class='ocrx_word' id='word_1_530' title='bbox 1638 1913 1653 1937; x_wconf 88' lang='lat'><strong>,</strong></span> <span class='ocrx_word' id='word_1_531' title='bbox 1666 1881 1734 1940; x_wconf 89' lang='lat' dir='ltr'>qui</span> <span class='ocrx_word' id='word_1_532' title='bbox 1751 1879 1985 1939; x_wconf 85' lang='lat' dir='ltr'>hujusmodi</span> <span class='ocrx_word' id='word_1_533' title='bbox 2012 1880 2134 1924; x_wconf 83' lang='lat' dir='ltr'>nostri</span> <span class='ocrx_word' id='word_1_534' title='bbox 2163 1891 2271 1936; x_wconf 55' lang='grc' dir='ltr'>ραι</span> 
     </span>
     <span class='ocr_line' id='line_1_86' title="bbox 1273 1941 2271 2000; baseline -0.009 -13"><span class='ocrx_word' id='word_1_535' title='bbox 1273 1943 1383 2000; x_wconf 89' lang='lat' dir='ltr'>cepti</span> <span class='ocrx_word' id='word_1_536' title='bbox 1406 1941 1554 1986; x_wconf 61' lang='lat' dir='ltr'>fixerint</span> <span class='ocrx_word' id='word_1_537' title='bbox 1569 1952 1909 1997; x_wconf 73' lang='lat' dir='ltr'>contemptoreS,</span> <span class='ocrx_word' id='word_1_538' title='bbox 1932 1942 2271 1983; x_wconf 58' lang='lat' dir='ltr'>excommunica-</span> 
     </span>
     <span class='ocr_line' id='line_1_87' title="bbox 1274 1999 2272 2057; baseline -0.006 -11"><span class='ocrx_word' id='word_1_539' title='bbox 1274 2003 1403 2046; x_wconf 77' lang='lat' dir='ltr'>tionis</span> <span class='ocrx_word' id='word_1_540' title='bbox 1433 2002 1675 2047; x_wconf 82' lang='lat' dir='ltr'>sententiam</span> <span class='ocrx_word' id='word_1_541' title='bbox 1698 2002 2009 2057; x_wconf 83' lang='lat' dir='ltr'>promulgamus</span> <span class='ocrx_word' id='word_1_542' title='bbox 2023 2027 2039 2048; x_wconf 80' lang='lat'>‚</span> <span class='ocrx_word' id='word_1_543' title='bbox 2068 2000 2107 2040; x_wconf 92' lang='lat' dir='ltr'>in</span> <span class='ocrx_word' id='word_1_544' title='bbox 2137 1999 2272 2040; x_wconf 84' lang='lat' dir='ltr'>virtu-</span> 
     </span>
     <span class='ocr_line' id='line_1_88' title="bbox 1273 2054 2268 2113; baseline -0.007 -10"><span class='ocrx_word' id='word_1_545' title='bbox 1273 2072 1316 2105; x_wconf 92' lang='lat' dir='ltr'>te</span> <span class='ocrx_word' id='word_1_546' title='bbox 1341 2062 1592 2104; x_wconf 66' lang='lat' dir='ltr'>obedientie</span> <span class='ocrx_word' id='word_1_547' title='bbox 1619 2061 1906 2112; x_wconf 86' lang='lat' dir='ltr'>prohibendo,</span> <span class='ocrx_word' id='word_1_548' title='bbox 1942 2069 1992 2097; x_wconf 90' lang='lat' dir='ltr'>ne</span> <span class='ocrx_word' id='word_1_549' title='bbox 2019 2054 2268 2113; x_wconf 76' lang='lat' dir='ltr'>quisquam..</span> 
     </span>
     <span class='ocr_line' id='line_1_89' title="bbox 1274 2113 2273 2178; baseline -0.005 -15"><span class='ocrx_word' id='word_1_550' title='bbox 1274 2119 1502 2178; x_wconf 57' lang='lat' dir='ltr'>predictum</span> <span class='ocrx_word' id='word_1_551' title='bbox 1517 2113 2042 2172; x_wconf 80' lang='lat' dir='ltr'>libellum‚oreApostolico</span> <span class='ocrx_word' id='word_1_552' title='bbox 2057 2114 2135 2169; x_wconf 85' lang='lat' dir='ltr'>jam</span> <span class='ocrx_word' id='word_1_553' title='bbox 2151 2115 2273 2159; x_wconf 88' lang='lat' dir='ltr'>dam-</span> 
     </span>
    </p>
   </div>
   <div class='ocr_carea' id='block_1_5' title="bbox 1270 2174 2267 2285">
    <p class='ocr_par' dir='ltr' id='par_1_11' title="bbox 1270 2174 2267 2285">
     <span class='ocr_line' id='line_1_90' title="bbox 1273 2174 2267 2228; baseline -0.001 -8"><span class='ocrx_word' id='word_1_554' title='bbox 1273 2190 1416 2220; x_wconf 78' lang='lat' dir='ltr'>natum</span> <span class='ocrx_word' id='word_1_555' title='bbox 1433 2203 1448 2224; x_wconf 88' lang='lat'>,</span> <span class='ocrx_word' id='word_1_556' title='bbox 1473 2177 1729 2228; x_wconf 82' lang='lat' dir='ltr'>approbare,</span> <span class='ocrx_word' id='word_1_557' title='bbox 1760 2174 1823 2215; x_wconf 79' lang='lat' dir='ltr'>vel</span> <span class='ocrx_word' id='word_1_558' title='bbox 1854 2175 2175 2226; x_wconf 82' lang='lat' dir='ltr'>quomodolibet</span> <span class='ocrx_word' id='word_1_559' title='bbox 2193 2176 2267 2219; x_wconf 82' lang='lat' dir='ltr'>de·-</span> 
     </span>
     <span class='ocr_line' id='line_1_91' title="bbox 1270 2227 2262 2285; baseline 0.003 -14"><span class='ocrx_word' id='word_1_560' title='bbox 1270 2229 1431 2271; x_wconf 82' lang='lat' dir='ltr'>fensare</span> <span class='ocrx_word' id='word_1_561' title='bbox 1446 2228 1659 2285; x_wconf 64' lang='lat' dir='ltr'>praefirmat</span> <span class='ocrx_word' id='word_1_562' title='bbox 1675 2255 1687 2268; x_wconf 88' lang='lat'>.</span> <span class='ocrx_word' id='word_1_563' title='bbox 1705 2231 1758 2270; x_wconf 81' lang='lat' dir='ltr'>Et</span> <span class='ocrx_word' id='word_1_564' title='bbox 1776 2227 1800 2269; x_wconf 86' lang='lat' dir='ltr'>fi</span> <span class='ocrx_word' id='word_1_565' title='bbox 1816 2228 1909 2283; x_wconf 81' lang='lat' dir='ltr'>quis</span> <span class='ocrx_word' id='word_1_566' title='bbox 1932 2231 2232 2284; x_wconf 79' lang='lat' dir='ltr'>praesumpserit</span> <span class='ocrx_word' id='word_1_567' title='bbox 2245 2260 2262 2283; x_wconf 85' lang='lat'>,</span> 
     </span>
    </p>
   </div>
   <div class='ocr_carea' id='block_1_6' title="bbox 1266 2286 2266 3174">
    <p class='ocr_par' dir='ltr' id='par_1_12' title="bbox 1269 2286 2266 2634">
     <span class='ocr_line' id='line_1_92' title="bbox 1270 2286 2266 2346; baseline 0.001 -15"><span class='ocrx_word' id='word_1_568' title='bbox 1270 2297 1478 2346; x_wconf 88' lang='lat' dir='ltr'>tamquam</span> <span class='ocrx_word' id='word_1_569' title='bbox 1497 2297 1720 2332; x_wconf 81' lang='lat' dir='ltr'>contumax</span> <span class='ocrx_word' id='word_1_570' title='bbox 1734 2313 1748 2335; x_wconf 88' lang='lat'>,</span> <span class='ocrx_word' id='word_1_571' title='bbox 1771 2286 2043 2338; x_wconf 82' lang='lat' dir='ltr'>inobediens,</span> <span class='ocrx_word' id='word_1_572' title='bbox 2066 2290 2107 2331; x_wconf 89' lang='lat'>&amp;</span> <span class='ocrx_word' id='word_1_573' title='bbox 2122 2290 2266 2334; x_wconf 85' lang='lat' dir='ltr'>rebel-</span> 
     </span>
     <span class='ocr_line' id='line_1_93' title="bbox 1272 2345 2259 2394; baseline 0.003 -3"><span class='ocrx_word' id='word_1_574' title='bbox 1272 2347 1322 2391; x_wconf 81' lang='lat' dir='ltr'>lis</span> <span class='ocrx_word' id='word_1_575' title='bbox 1356 2350 1548 2391; x_wconf 69' lang='lat' dir='ltr'>Romane</span> <span class='ocrx_word' id='word_1_576' title='bbox 1577 2345 1766 2390; x_wconf 74' lang='lat' dir='ltr'>Ecclefiae</span> <span class='ocrx_word' id='word_1_577' title='bbox 1782 2346 1834 2389; x_wconf 82' lang='lat' dir='ltr'>ab</span> <span class='ocrx_word' id='word_1_578' title='bbox 1859 2347 2050 2391; x_wconf 87' lang='lat' dir='ltr'>omnibus</span> <span class='ocrx_word' id='word_1_579' title='bbox 2068 2347 2259 2394; x_wconf 86' lang='lat' dir='ltr'>fidelibus</span> 
     </span>
     <span class='ocr_line' id='line_1_94' title="bbox 1271 2405 2259 2470; baseline 0 -18"><span class='ocrx_word' id='word_1_580' title='bbox 1271 2409 1471 2452; x_wconf 83' lang='lat' dir='ltr'>habeatur</span> <span class='ocrx_word' id='word_1_581' title='bbox 1484 2410 1567 2470; x_wconf 32' lang='lat' dir='ltr'>&amp;Et</span> <span class='ocrx_word' id='word_1_582' title='bbox 1579 2409 1668 2450; x_wconf 83' lang='lat' dir='ltr'>Nos</span> <span class='ocrx_word' id='word_1_583' title='bbox 1696 2405 1963 2451; x_wconf 84' lang='lat' dir='ltr'>nihilominus</span> <span class='ocrx_word' id='word_1_584' title='bbox 1993 2406 2092 2452; x_wconf 65' lang='lat' dir='ltr'>alias</span> <span class='ocrx_word' id='word_1_585' title='bbox 2114 2420 2259 2454; x_wconf 88' lang='lat' dir='ltr'>contra</span> 
     </span>
     <span class='ocr_line' id='line_1_95' title="bbox 1269 2463 2259 2524; baseline 0.001 -12"><span class='ocrx_word' id='word_1_586' title='bbox 1269 2481 1361 2513; x_wconf 89' lang='lat' dir='ltr'>eum</span> <span class='ocrx_word' id='word_1_587' title='bbox 1376 2465 1517 2523; x_wconf 48' lang='lat' dir='ltr'>ta*</span> <span class='ocrx_word' id='word_1_588' title='bbox 1531 2463 1800 2524; x_wconf 82' lang='lat' dir='ltr'>procedemus</span> <span class='ocrx_word' id='word_1_589' title='bbox 1815 2495 1830 2518; x_wconf 87' lang='lat'><strong>,</strong></span> <span class='ocrx_word' id='word_1_590' title='bbox 1845 2466 1955 2523; x_wconf 90' lang='lat' dir='ltr'>quod</span> <span class='ocrx_word' id='word_1_591' title='bbox 1972 2481 2097 2523; x_wconf 84' lang='lat' dir='ltr'>poena</span> <span class='ocrx_word' id='word_1_592' title='bbox 2112 2470 2259 2513; x_wconf 86' lang='lat' dir='ltr'>condi-</span> 
     </span>
     <span class='ocr_line' id='line_1_96' title="bbox 1269 2522 2256 2585; baseline 0.003 -14"><span class='ocrx_word' id='word_1_593' title='bbox 1269 2540 1349 2585; x_wconf 80' lang='lat' dir='ltr'>gna</span> <span class='ocrx_word' id='word_1_594' title='bbox 1364 2526 1629 2571; x_wconf 87' lang='lat' dir='ltr'>temerarium</span> <span class='ocrx_word' id='word_1_595' title='bbox 1645 2522 1791 2579; x_wconf 84' lang='lat' dir='ltr'>feriet,</span> <span class='ocrx_word' id='word_1_596' title='bbox 1806 2527 1846 2570; x_wconf 72' lang='lat' dir='ltr'>Gt</span> <span class='ocrx_word' id='word_1_597' title='bbox 1860 2525 1930 2570; x_wconf 85' lang='lat' dir='ltr'>alii</span> <span class='ocrx_word' id='word_1_598' title='bbox 1950 2525 2000 2572; x_wconf 66' lang='lat' dir='ltr'>etl</span> <span class='ocrx_word' id='word_1_599' title='bbox 2013 2530 2256 2585; x_wconf 84' lang='lat' dir='ltr'>perterriti,</span> 
     </span>
     <span class='ocr_line' id='line_1_97' title="bbox 1269 2583 1815 2634; baseline -0.013 0"><span class='ocrx_word' id='word_1_600' title='bbox 1269 2590 1295 2634; x_wconf 69' lang='grc' dir='ltr'><strong>ὲ</strong></span> <span class='ocrx_word' id='word_1_601' title='bbox 1307 2585 1502 2631; x_wconf 75' lang='lat' dir='ltr'>fimilibus</span> <span class='ocrx_word' id='word_1_602' title='bbox 1518 2583 1794 2631; x_wconf 76' lang='lat' dir='ltr'>froenabuntur</span> <span class='ocrx_word' id='word_1_603' title='bbox 1803 2612 1815 2627; x_wconf 88' lang='lat'><strong>.</strong></span> 
     </span>
    </p>

    <p class='ocr_par' dir='ltr' id='par_1_13' title="bbox 1267 2644 2259 3065">
     <span class='ocr_line' id='line_1_98' title="bbox 1392 2644 2258 2704; baseline 0.002 -13"><span class='ocrx_word' id='word_1_604' title='bbox 1392 2644 1510 2691; x_wconf 82' lang='lat' dir='ltr'>Nulli</span> <span class='ocrx_word' id='word_1_605' title='bbox 1547 2659 1646 2704; x_wconf 71' lang='lat' dir='ltr'>ergo</span> <span class='ocrx_word' id='word_1_606' title='bbox 1682 2645 1851 2690; x_wconf 88' lang='lat' dir='ltr'>omnino</span> <span class='ocrx_word' id='word_1_607' title='bbox 1882 2647 2096 2692; x_wconf 88' lang='lat' dir='ltr'>hominum</span> <span class='ocrx_word' id='word_1_608' title='bbox 2131 2649 2258 2694; x_wconf 88' lang='lat' dir='ltr'>liceat</span> 
     </span>
     <span class='ocr_line' id='line_1_99' title="bbox 1273 2703 2259 2764; baseline 0.002 -13"><span class='ocrx_word' id='word_1_609' title='bbox 1273 2707 1378 2752; x_wconf 73' lang='lat' dir='ltr'>lianc</span> <span class='ocrx_word' id='word_1_610' title='bbox 1393 2706 1580 2764; x_wconf 75' lang='lat' dir='ltr'>paginam</span> <span class='ocrx_word' id='word_1_611' title='bbox 1594 2703 1732 2749; x_wconf 78' lang='lat' dir='ltr'>nostrae</span> <span class='ocrx_word' id='word_1_612' title='bbox 1743 2705 2004 2751; x_wconf 78' lang='lat' dir='ltr'>concess&#39;ionis</span> <span class='ocrx_word' id='word_1_613' title='bbox 2018 2732 2034 2758; x_wconf 81' lang='lat'>‚</span> <span class='ocrx_word' id='word_1_614' title='bbox 2049 2708 2091 2750; x_wconf 78' lang='grc' dir='ltr'>δι</span> <span class='ocrx_word' id='word_1_615' title='bbox 2104 2709 2259 2753; x_wconf 72' lang='lat' dir='ltr'>inhibi-</span> 
     </span>
     <span class='ocr_line' id='line_1_100' title="bbox 1271 2764 2258 2824; baseline 0.001 -13"><span class='ocrx_word' id='word_1_616' title='bbox 1271 2766 1399 2812; x_wconf 76' lang='lat' dir='ltr'>tionis</span> <span class='ocrx_word' id='word_1_617' title='bbox 1413 2765 1659 2824; x_wconf 77' lang='lat' dir='ltr'>infringere,</span> <span class='ocrx_word' id='word_1_618' title='bbox 1676 2764 1741 2808; x_wconf 82' lang='lat' dir='ltr'>vel</span> <span class='ocrx_word' id='word_1_619' title='bbox 1756 2765 1792 2808; x_wconf 90' lang='lat' dir='ltr'>ei</span> <span class='ocrx_word' id='word_1_620' title='bbox 1808 2764 1904 2810; x_wconf 89' lang='lat' dir='ltr'>ausu</span> <span class='ocrx_word' id='word_1_621' title='bbox 1918 2766 2142 2810; x_wconf 87' lang='lat' dir='ltr'>temerario</span> <span class='ocrx_word' id='word_1_622' title='bbox 2156 2782 2258 2812; x_wconf 85' lang='lat' dir='ltr'>con·</span> 
     </span>
     <span class='ocr_line' id='line_1_101' title="bbox 1270 2825 2258 2882; baseline 0.001 -11"><span class='ocrx_word' id='word_1_623' title='bbox 1270 2826 1398 2871; x_wconf 80' lang='lat' dir='ltr'>traire</span> <span class='ocrx_word' id='word_1_624' title='bbox 1425 2838 1443 2881; x_wconf 75' lang='lat'>3</span> <span class='ocrx_word' id='word_1_625' title='bbox 1474 2826 1517 2871; x_wconf 83' lang='lat' dir='ltr'>si</span> <span class='ocrx_word' id='word_1_626' title='bbox 1570 2825 1630 2868; x_wconf 81' lang='lat' dir='ltr'>uis</span> <span class='ocrx_word' id='word_1_627' title='bbox 1654 2834 1792 2869; x_wconf 86' lang='lat' dir='ltr'>autem</span> <span class='ocrx_word' id='word_1_628' title='bbox 1820 2826 1900 2869; x_wconf 74' lang='lat' dir='ltr'>hoc</span> <span class='ocrx_word' id='word_1_629' title='bbox 1922 2834 2127 2870; x_wconf 84' lang='lat' dir='ltr'>attentare</span> <span class='ocrx_word' id='word_1_630' title='bbox 2160 2841 2258 2882; x_wconf 64' lang='grc' dir='ltr'>ρω-</span> 
     </span>
     <span class='ocr_line' id='line_1_102' title="bbox 1270 2840 2254 2945; baseline -0.001 -13"><span class='ocrx_word' id='word_1_631' title='bbox 1270 2840 1822 2945; x_wconf 54' lang='grc' dir='ltr'>Γυπιρΐοτίῑῄοὲἰευαῑίοηεω</span> <span class='ocrx_word' id='word_1_632' title='bbox 1837 2884 2151 2943; x_wconf 78' lang='lat' dir='ltr'>Omnipotentis</span> <span class='ocrx_word' id='word_1_633' title='bbox 2161 2886 2254 2940; x_wconf 79' lang='lat' dir='ltr'>Dei,</span> 
     </span>
     <span class='ocr_line' id='line_1_103' title="bbox 1267 2943 2252 3004; baseline 0.001 -13"><span class='ocrx_word' id='word_1_634' title='bbox 1267 2947 1308 2991; x_wconf 73' lang='grc' dir='ltr'>δι</span> <span class='ocrx_word' id='word_1_635' title='bbox 1328 2947 1546 2992; x_wconf 86' lang='lat' dir='ltr'>Beatorum</span> <span class='ocrx_word' id='word_1_636' title='bbox 1573 2943 1684 2988; x_wconf 84' lang='lat' dir='ltr'>Petri</span> <span class='ocrx_word' id='word_1_637' title='bbox 1700 2945 1766 2997; x_wconf 76' lang='grc' dir='ltr'>,δι</span> <span class='ocrx_word' id='word_1_638' title='bbox 1780 2944 1897 2990; x_wconf 82' lang='lat' dir='ltr'>Pauli</span> <span class='ocrx_word' id='word_1_639' title='bbox 1913 2943 2252 3004; x_wconf 72' lang='lat' dir='ltr'>Apostolorum-e</span> 
     </span>
     <span class='ocr_line' id='line_1_104' title="bbox 1268 3002 1883 3065; baseline -0.008 -14"><span class='ocrx_word' id='word_1_640' title='bbox 1268 3005 1355 3065; x_wconf 75' lang='lat' dir='ltr'>ejus</span> <span class='ocrx_word' id='word_1_641' title='bbox 1371 3006 1411 3051; x_wconf 90' lang='lat' dir='ltr'>se</span> <span class='ocrx_word' id='word_1_642' title='bbox 1424 3004 1587 3050; x_wconf 79' lang='lat' dir='ltr'>noverit</span> <span class='ocrx_word' id='word_1_643' title='bbox 1601 3002 1858 3049; x_wconf 87' lang='lat' dir='ltr'>incursurum</span> <span class='ocrx_word' id='word_1_644' title='bbox 1872 3033 1883 3046; x_wconf 90' lang='lat'>.</span> 
     </span>
    </p>

    <p class='ocr_par' dir='ltr' id='par_1_14' title="bbox 1266 3063 2247 3174">
     <span class='ocr_line' id='line_1_105' title="bbox 1387 3063 2247 3122; baseline -0.001 -11"><span class='ocrx_word' id='word_1_645' title='bbox 1387 3068 1540 3111; x_wconf 87' lang='lat' dir='ltr'>Datum</span> <span class='ocrx_word' id='word_1_646' title='bbox 1555 3064 1749 3122; x_wconf 75' lang='lat' dir='ltr'>Anagnia·</span> <span class='ocrx_word' id='word_1_647' title='bbox 1762 3063 1891 3109; x_wconf 85' lang='lat' dir='ltr'>tertio</span> <span class='ocrx_word' id='word_1_648' title='bbox 1905 3078 2029 3109; x_wconf 70' lang='lat' dir='ltr'>nonas</span> <span class='ocrx_word' id='word_1_649' title='bbox 2050 3065 2247 3110; x_wconf 66' lang='lat' dir='ltr'>octobris</span> 
     </span>
     <span class='ocr_line' id='line_1_106' title="bbox 1266 3123 2058 3174; baseline -0.005 0"><span class='ocrx_word' id='word_1_650' title='bbox 1266 3123 1538 3174; x_wconf 69' lang='lat' dir='ltr'>pontificatus</span> <span class='ocrx_word' id='word_1_651' title='bbox 1560 3124 1683 3169; x_wconf 77' lang='lat' dir='ltr'>nostri</span> <span class='ocrx_word' id='word_1_652' title='bbox 1697 3125 1823 3168; x_wconf 83' lang='lat' dir='ltr'>Anno</span> <span class='ocrx_word' id='word_1_653' title='bbox 1838 3125 2031 3170; x_wconf 88' lang='lat' dir='ltr'>Secundo</span> <span class='ocrx_word' id='word_1_654' title='bbox 2042 3153 2058 3170; x_wconf 85' lang='grc'><strong>.</strong></span> 
     </span>
    </p>
   </div>
   <div class='ocr_carea' id='block_1_7' title="bbox 1322 3243 2248 3424">
    <p class='ocr_par' dir='ltr' id='par_1_15' title="bbox 1322 3243 2248 3424">
     <span class='ocr_line' id='line_1_107' title="bbox 1322 3243 2248 3347; baseline -0.011 -54"><span class='ocrx_word' id='word_1_655' title='bbox 1322 3247 1557 3305; x_wconf 44' lang='lat' dir='ltr'>bullenum</span> <span class='ocrx_word' id='word_1_656' title='bbox 1584 3248 1804 3291; x_wconf 68' lang='lat' dir='ltr'>Romanum</span> <span class='ocrx_word' id='word_1_657' title='bbox 1835 3253 1932 3287; x_wconf 76' lang='lat' dir='ltr'>tem.</span> <span class='ocrx_word' id='word_1_658' title='bbox 1959 3258 1999 3302; x_wconf 85' lang='lat'>3.</span> <span class='ocrx_word' id='word_1_659' title='bbox 2022 3243 2113 3347; x_wconf 59' lang='lat' dir='ltr'>sol.</span> <span class='ocrx_word' id='word_1_660' title='bbox 2145 3249 2248 3303; x_wconf 81' lang='lat'>378.</span> 
     </span>
     <span class='ocr_line' id='line_1_108' title="bbox 1384 3300 2248 3364; baseline -0.012 -14"><span class='ocrx_word' id='word_1_661' title='bbox 1384 3307 1635 3364; x_wconf 73' lang='lat' dir='ltr'>Waddlngaes</span> <span class='ocrx_word' id='word_1_662' title='bbox 1654 3314 1793 3359; x_wconf 60' lang='lat' dir='ltr'>uma.</span> <span class='ocrx_word' id='word_1_663' title='bbox 1813 3300 2021 3362; x_wconf 59' lang='lat' dir='ltr'>Anna-fe</span> <span class='ocrx_word' id='word_1_664' title='bbox 2040 3334 2051 3347; x_wconf 88' lang='lat'><strong>.</strong></span> <span class='ocrx_word' id='word_1_665' title='bbox 2072 3306 2139 3349; x_wconf 82' lang='lat'>26.</span> <span class='ocrx_word' id='word_1_666' title='bbox 2166 3308 2248 3350; x_wconf 64' lang='lat' dir='ltr'>Ar..</span> 
     </span>
     <span class='ocr_line' id='line_1_109' title="bbox 1385 3363 2246 3424; baseline -0.012 -13"><span class='ocrx_word' id='word_1_667' title='bbox 1385 3377 1503 3412; x_wconf 78' lang='lat' dir='ltr'>turus</span> <span class='ocrx_word' id='word_1_668' title='bbox 1525 3369 1570 3410; x_wconf 73' lang='lat' dir='ltr'>lu</span> <span class='ocrx_word' id='word_1_669' title='bbox 1590 3364 1752 3423; x_wconf 76' lang='lat' dir='ltr'>prologo</span> <span class='ocrx_word' id='word_1_670' title='bbox 1779 3363 2069 3424; x_wconf 74' lang='lat' dir='ltr'>Martyrolegu</span> <span class='ocrx_word' id='word_1_671' title='bbox 2107 3368 2246 3414; x_wconf 68' lang='lat' dir='ltr'>Fran.</span> 
     </span>
    </p>
   </div>
   <div class='ocr_carea' id='block_1_8' title="bbox 1381 3422 1619 3487">
    <p class='ocr_par' dir='ltr' id='par_1_16' title="bbox 1381 3422 1619 3487">
     <span class='ocr_line' id='line_1_110' title="bbox 1381 3422 1619 3487; baseline -0.013 -14"><span class='ocrx_word' id='word_1_672' title='bbox 1381 3426 1454 3487; x_wconf 65' lang='lat' dir='ltr'>cis?</span> <span class='ocrx_word' id='word_1_673' title='bbox 1464 3422 1619 3484; x_wconf 65' lang='lat' dir='ltr'>sbi-14.</span> 
     </span>
    </p>
   </div>
   <div class='ocr_carea' id='block_1_9' title="bbox 219 3769 1277 3826">
    <p class='ocr_par' dir='ltr' id='par_1_17' title="bbox 219 3769 1277 3826">
     <span class='ocr_line' id='line_1_111' title="bbox 219 3769 1277 3826; baseline -0.002 -8"><span class='ocrx_word' id='word_1_674' title='bbox 219 3770 323 3819; x_wconf 69' lang='lat' dir='ltr'>titiis</span> <span class='ocrx_word' id='word_1_675' title='bbox 338 3769 508 3820; x_wconf 72' lang='lat' dir='ltr'>,saeculo</span> <span class='ocrx_word' id='word_1_676' title='bbox 520 3783 615 3813; x_wconf 86' lang='lat' dir='ltr'>cum</span> <span class='ocrx_word' id='word_1_677' title='bbox 632 3770 707 3813; x_wconf 74' lang='lat' dir='ltr'>suis</span> <span class='ocrx_word' id='word_1_678' title='bbox 730 3772 885 3816; x_wconf 72' lang='lat' dir='ltr'>divitiis</span> <span class='ocrx_word' id='word_1_679' title='bbox 900 3775 1000 3818; x_wconf 86' lang='lat' dir='ltr'>dere</span> <span class='ocrx_word' id='word_1_680' title='bbox 1021 3772 1195 3826; x_wconf 64' lang='grc' dir='ltr'>ἰᾶομιά</span> <span class='ocrx_word' id='word_1_681' title='bbox 1273 3819 1277 3821; x_wconf 72' lang='grc'><em>,</em></span> 
     </span>
    </p>
   </div>
   <div class='ocr_carea' id='block_1_10' title="bbox 219 3828 1201 3951">
    <p class='ocr_par' dir='ltr' id='par_1_18' title="bbox 219 3828 1201 3951">
     <span class='ocr_line' id='line_1_112' title="bbox 219 3828 1201 3885; baseline 0 -8"><span class='ocrx_word' id='word_1_682' title='bbox 219 3833 344 3878; x_wconf 80' lang='lat' dir='ltr'>solam</span> <span class='ocrx_word' id='word_1_683' title='bbox 368 3828 575 3872; x_wconf 70' lang='lat' dir='ltr'>coelestem</span> <span class='ocrx_word' id='word_1_684' title='bbox 593 3839 763 3885; x_wconf 72' lang='lat' dir='ltr'>patrum</span> <span class='ocrx_word' id='word_1_685' title='bbox 793 3832 1119 3876; x_wconf 80' lang='lat' dir='ltr'>rotaintcnrionc</span> <span class='ocrx_word' id='word_1_686' title='bbox 1136 3830 1201 3877; x_wconf 88' lang='lat' dir='ltr'>su·</span> 
     </span>
     <span class='ocr_line' id='line_1_113' title="bbox 222 3887 1200 3951; baseline -0.002 -14"><span class='ocrx_word' id='word_1_687' title='bbox 222 3893 401 3951; x_wconf 64' lang='grc' dir='ltr'>ῐρίῐωις</span> <span class='ocrx_word' id='word_1_688' title='bbox 416 3903 488 3934; x_wconf 79' lang='lat' dir='ltr'>nce</span> <span class='ocrx_word' id='word_1_689' title='bbox 502 3902 585 3935; x_wconf 84' lang='lat' dir='ltr'>non</span> <span class='ocrx_word' id='word_1_690' title='bbox 613 3891 652 3932; x_wconf 70' lang='grc' dir='ltr'>δι</span> <span class='ocrx_word' id='word_1_691' title='bbox 679 3887 756 3932; x_wconf 79' lang='lat' dir='ltr'>alia</span> <span class='ocrx_word' id='word_1_692' title='bbox 774 3892 891 3948; x_wconf 65' lang='lat' dir='ltr'>plura</span> <span class='ocrx_word' id='word_1_693' title='bbox 906 3893 1200 3936; x_wconf 76' lang='lat' dir='ltr'>inconvenien-</span> 
     </span>
    </p>
   </div>
   <div class='ocr_carea' id='block_1_11' title="bbox 2007 3950 2184 3998">
    <p class='ocr_par' dir='ltr' id='par_1_19' title="bbox 2007 3950 2184 3998">
     <span class='ocr_line' id='line_1_114' title="bbox 2007 3950 2184 3998; baseline -0.017 0"><span class='ocrx_word' id='word_1_694' title='bbox 2007 3950 2184 3998; x_wconf 75' lang='lat' dir='ltr'>NOTA.</span> 
     </span>
    </p>
   </div>
  </div>
 </body>
</html>
