2444 4192
307 201 486 311 476

249 365 307 406 cis
322 375 485 419 quoque
494 360 784 418 experimentis
799 360 998 416 probatus
1014 390 1029 413 ,
1053 362 1226 405 maxime

248 423 396 467 alacris
426 423 634 476 amplexus
665 420 718 464 est
748 433 857 462 anno
888 421 1042 464 Christi
1057 420 1223 465 Domini

253 495 376 537 ¹4⁸4-
407 484 457 525 1n
483 480 633 523 divinis
669 479 815 522 litteris
842 480 1030 534 magistro
1049 481 1139 524 usus
1167 479 1224 523 est

243 542 371 584 Beato
382 536 625 584 Confeffore
641 537 889 582 Bernatdino
901 540 1061 583 Sencnii
1078 552 1223 596 ‚quem

246 613 325 655 pro
339 597 598 642 ficratiffimo
610 599 770 640 nomine
783 595 873 653 Jesu
902 599 1112 642 calumniis
1136 609 1222 640 tra-

246 659 414 701 ductum
427 670 596 708 ,coram
615 656 688 712 piae
713 656 916 700 memoriae
936 656 1223 702 antecefforea

244 715 383 760 nostro
397 715 580 759 Martino
594 718 699 769 Papa
714 716 766 758 V.
790 715 829 757 in
842 714 1009 760 Bafilica
1022 717 1131 759 Beati
1148 719 1221 758 Pe.

247 776 302 818 tri
317 774 512 830 Principis
524 773 817 829 Apostolorum
834 774 995 819 strenui:
1007 774 1188 820 defendit
1200 788 1219 828 3

246 834 515 890 eumdemque
529 831 631 887 ipse,
646 834 687 875 δι
708 833 855 877 sodalis
880 834 1054 892 jacobus
1067 835 1090 876 d
1108 837 1220 877 Mar-

245 894 338 936 chia
368 906 440 948 per
465 892 629 948 inclyte
658 892 959 937 recordationis
972 891 1217 937 decefforem

242 952 425 995 nostrum
454 951 675 995 Nicolaum
702 953 755 995 V.
777 952 816 995 in
841 955 1081 996 Sanctorum
1102 955 1217 994 Con·

245 1010 433 1055 fefforum
447 1011 657 1054 canonem
673 1010 806 1068 postea
820 1010 1075 1056 referendum
1102 1024 1150 1053 cu
1158 1024 1218 1051 ra·

243 1071 305 1114 vit
318 1098 335 1123 ‚
365 1079 544 1126 iterque
571 1068 765 1127 deinceps
786 1071 830 1113 in
848 1070 1036 1114 eumdem
1051 1071 1220 1113 saneto·

243 1143 338 1174 rum
351 1133 562 1175 canonem
574 1154 591 1178 2
610 1128 829 1186 &Jacobus
853 1129 1035 1186 quidem,
1048 1129 1074 1172 a
1098 1126 1218 1171 nobis

246 1189 561 1244 quamprimum,
572 1186 733 1232 favente
749 1189 927 1231 Domino
950 1185 1191 1230 referendus
1204 1214 1218 1228 .

236 1247 413 1302 Joannes
437 1247 655 1296 dostrinae,
685 1244 906 1303 asperrimae
932 1245 1185 1302 poenitentiae
1203 1274 1218 1297 ‚

238 1307 281 1347 ἀ
306 1305 523 1348 Γειυᾶἰιειιίε
537 1304 642 1348 fama
655 1306 695 1349 in
711 1305 799 1350 diet
813 1304 1089 1357 crescente,ad
1106 1304 1218 1348 mul-

241 1375 305 1406 tas
321 1363 525 1420 variasque
551 1365 787 1408 Provincias
801 1394 817 1415 ,
834 1364 996 1407 Italiam
1008 1393 1023 1415 ‚
1043 1366 1217 1406 Germa·

242 1423 370 1474 niam,
383 1422 679 1472 Samarium&
694 1422 1216 1475 Pannoniam‚Christianos

238 1477 373 1525 mores
385 1479 719 1538 disciplinamque
735 1482 861 1526 verbo
872 1483 913 1524 δι
926 1480 1078 1535 scriptis
1093 1507 1108 1528 ‚
1132 1492 1218 1535 quae

239 1540 413 1596 plurima
436 1537 584 1589 edidit,
597 1540 882 1582 instauraturus
895 1567 914 1587 a
927 1539 978 1578 ab
993 1537 1219 1580 anteceffo-

240 1599 351 1641 ribus
381 1597 530 1639 nostris
553 1595 743 1638 Romania
759 1593 1023 1636 Pontificibus
1052 1595 1219 1651 ablega-

241 1668 311 1700 tur
324 1685 336 1696 .
355 1655 466 1697 ldem
482 1665 629 1708 ,quem
643 1652 843 1708 diximus,
861 1653 1063 1695 Martinus
1080 1650 1218 1701 V..,‘:ad

240 1709 568 1767 compescendam
586 1708 715 1753 verbo
733 1711 772 1753 &
800 1710 956 1767 scriptis
975 1709 1220 1754 Fraticello·

241 1786 328 1814 rum
345 1770 488 1814 sfflam
503 1770 618 1813 illum
635 1770 714 1813 una
728 1784 821 1812 cum
833 1770 989 1826 Jacobo
1000 1771 1024 1814 a
1037 1770 1219 1827 Marchia

237 1828 705 1886 Inquifitoreminssituit
721 1842 735 1871 τ
762 1828 815 1872 de
842 1829 987 1886 quibus
1012 1830 1214 1885 Joannem

236 1888 416 1933 feliciter
429 1887 744 1944 triumphantem
757 1912 775 1938 2
786 1897 930 1932 contra
943 1902 1083 1931 omnes
1097 1888 1217 1931 haere·

236 1949 343 1992 ticos
357 1946 608 1992 Generalem
623 1947 901 2003 lnquiiitotem
913 1957 1023 1990 creat
1034 1976 1049 1989 .
1071 1946 1216 1991 Reati-

236 2020 312 2052 nos
326 2007 367 2048 δι
381 2004 572 2049 finitimos
653 2005 771 2060 pulos
786 2006 890 2049 inter
904 2004 940 2050 se
955 2005 1061 2047 odiis
1074 2003 1217 2049 armis-

237 2080 316 2121 que
342 2074 545 2108 certantes
562 2078 586 2109 e
604 2064 714 2120 oquii
748 2065 944 2108 suavitate
970 2066 1181 2120 componit
1202 2095 1217 2108 .

238 2127 287 2166 ln
302 2124 422 2167 terris
437 2125 481 2166 S.
500 2124 554 2166 R.
571 2122 620 2167 Ε.
647 2124 755 2166 citra
771 2123 948 2167 Pharum
963 2122 1144 2180 ‚Joannfi
1161 2124 1217 2166 11.

235 2183 400 2240 Regina
413 2181 621 2240 flagitante
633 2207 649 2232 ‚
672 2182 831 2239 judaici
848 2180 1020 2227 foenoris
1045 2197 1214 2239 pravam

236 2241 443 2287 licentiam
457 2240 624 2286 evellit.
637 2239 895 2294 Decefl'oi‘uni
911 2241 1177 2294 nostrorum-e
1200 2271 1215 2296 ‚

236 2299 411 2345 Martini
423 2299 736 2351 dormitionem,
749 2301 900 2358 pia-que
916 2302 1120 2345 memoriae
1136 2303 1216 2346 En·

237 2358 345 2420 genii
363 2359 446 2428 οἰν.
474 2359 750 2404 succeffionem
765 2360 945 2417 proedicit
959 2386 974 2411 ‚
997 2360 1019 2403 a
1034 2375 1117 2418 quo
1142 2375 1218 2419 pro

235 2416 1215 2538 3²23:'505:⁶1³ssssfssaffzt's'azilaffffgui,⁵⁰¹3

237 2535 486 2594 Episcopatu
497 2563 514 2587 ,
527 2549 669 2582 munus
681 2536 927 2595 predicandi
944 2538 1212 2596 evangelium

236 2595 352 2640 obite
378 2609 459 2639 non
473 2593 620 2650 ceffat,
645 2597 768 2654 inque
794 2597 978 2654 plenario
1006 2598 1211 2642 Florenti·

236 2665 384 2696 norum
414 2656 580 2697 Patrum
608 2653 828 2700 conventu
843 2655 955 2699 velut
980 2654 1036 2698 sol
1051 2654 1213 2713 quidam

238 2708 374 2771 fulget
388 2737 401 2750 .
433 2711 575 2755 Rome
600 2712 828 2769 judaerum
854 2712 1061 2770 synagoge
1090 2713 1213 2770 magi-

237 2768 362 2813 strum
374 2782 469 2812 cum
483 2767 750 2827 qnadraginta
775 2768 1037 2815 sectatoribus
1058 2771 1110 2815 ad
1138 2783 1212 2816 ve·

236 2828 370 2872 ritatia
384 2826 664 2883 prosell'ionem
681 2827 840 2873 reducit
852 2858 864 2871 .
878 2830 933 2873 Ut
947 2830 1156 2874 hereticos
1171 2830 1210 2874 in

238 2886 366 2930 linum
394 2885 606 2936 Ecclefioe,
633 2888 673 2930 δι
696 2888 932 2943 Principum
955 2889 1109 2932 animoa
1137 2889 1208 2933 itu

237 2943 502 2989 concordiam
517 2944 707 3001 redigat,
741 2944 950 2990 friderico
976 2947 1053 2990 nt.
1076 2946 1213 3003 Impe-

235 3015 377 3051 ratore
393 3001 628 3060 pollulante,
641 3003 680 3048 in
692 3005 916 3049 Germania
929 3017 1064 3064 partes
1081 3005 1102 3049 i
1117 3019 1213 3064 prz-

236 3064 347 3130 dieio
367 3058 544 3107 Nicolao
561 3063 616 3107 V.
632 3063 813 3108 mittitur
825 3093 838 3107 .

353 3122 401 3166 ln
426 3121 643 3166 Germania
660 3152 674 3174 ,
704 3123 891 3175 Boemia,
918 3124 1144 3173 Sarmatia,
1173 3123 1214 3169 δι

237 3181 445 3226 Pannonia
462 3180 664 3224 sexennali
683 3181 1014 3242 peregrinatione
1032 3181 1215 3233 Huslitiu

238 3238 435 3285 Adamitia
448 3266 463 3290 ‚
479 3239 703 3290 Tabernis,
724 3239 981 3299 Hebraeisque
996 3243 1213 3286 innumeria

239 3300 290 3344 ad
313 3295 580 3344 Christianam
603 3301 817 3345 veritatem
832 3297 1051 3351 donant,
1082 3300 1217 3346 sancii·

237 3358 354 3411 tatis,
384 3358 427 3403 dc
449 3357 738 3403 miraculorum
767 3359 858 3404 luce
878 3359 1107 3413 conversis,
1142 3361 1217 3405 Dei

239 3418 412 3474 gloriun
438 3415 608 3462 mirifice
622 3429 746 3476 auget
761 3447 773 3461 .
804 3419 948 3476 AEgroa
963 3419 1213 3477 quampluri-

239 3490 324 3521 mos
344 3476 472 3524 sanat,
505 3486 687 3523 mortuos
716 3476 1043 3531 suscitat,mutit
1072 3477 1215 3535 loque·

241 3534 322 3579 lam
358 3536 526 3579 restituit
545 3567 556 3576 .
589 3537 776 3594 Denique
803 3546 934 3581 totam
961 3537 1216 3583 Christiano·

239 3606 335 3639 rum
353 3594 659 3648 Rempublicam
677 3593 974 3654 periclitantem
994 3598 1045 3640 ab
1072 3597 1215 3642 imma-

242 3650 397 3697 niflimo
424 3652 650 3698 Turenum
672 3666 851 3703 tvranno
874 3654 1104 3701 defensurus
1129 3685 1143 3711 ,
1174 3654 1212 3701 sc

242 3709 584 3769 prodotnolsrael
610 3727 767 3758 mutum
792 3715 988 3772 opponit.
1006 3719 1112 3761 num
1170 3715 1211 3760 ioe

242 3770 440 3812 matoria·
462 3766 639 3813 decessor
660 3771 795 3815 none-r
820 3772 993 3818 Calissur
1016 3776 1121 3829 Papa
1161 3775 1216 3817 ll.

235 3831 390 3890 Joanne
416 3826 662 3887 potiffimum
697 3829 942 3887 deprecante
969 3861 984 3887 ‚
1018 3832 1210 3878 Chtillia·

772 200 933 288 Sub
1013 202 1410 292 Benedibio
1439 207 1560 294 ,Χ
1579 203 1748 290 ΙΙΙ.

1283 375 1431 404 norum
1459 361 1636 406 militum
1663 362 1770 418 ligno
1788 363 1936 405 Crucis
1959 364 2172 407 illustrium
2186 376 2259 406 ex-

1282 421 1533 477 peditionem
1564 423 1604 464 in
1628 424 1788 465 'rui-cas
1816 423 1989 476 Europae
2021 424 2256 466 incubantes

1282 479 1500 530 decernit,
1526 481 1735 535 statimque
1757 483 1912 535 joanne
1941 481 2256 530 Pannoniam,

1284 539 1603 583 Traufilvaniam
1616 567 1633 591 ‚
1659 538 1911 581 Moldaviam
1924 564 1940 589 ,
1966 539 2223 581 Vallachiam
2242 566 2259 592 ‚

1280 598 1400 641 instar
1429 595 1599 655 fulguris
1613 597 1854 653 pervolante
1865 622 1880 644 a
1909 598 2154 652 septuaginta
2167 597 2262 640 mil-

1281 658 1336 700 lia
1350 657 1671 700 Christianorum
1684 654 1999 700 conscribuntur
2010 684 2027 708 ,
2040 649 2255 712 crucisq‘ue

1282 715 1478 759 vexillum
1494 717 1579 772 ipso
1594 729 1664 770 per
1677 727 1787 757 arma
1801 712 1895 757 fidei
1913 716 2100 769 proteriio
2115 712 2260 767 prefe-

1278 775 1469 825 rente‚de
1481 783 1644 817 centum
1658 775 1697 816 &
1712 771 1855 828 viginti
1872 771 2051 816 millibus
2062 771 2261 824 hostium,

1279 844 1370 877 toto
1387 834 1500 876 Orbe
1517 833 1690 874 mirante
1702 859 1719 882 ,
1732 831 1901 874 vistoria
1916 841 2168 889 reportatur:
2185 845 2259 875 cu-

1279 892 1339 948 jus
1354 891 1506 935 nuncio
1531 893 1709 934 Romam
1722 890 1852 933 allato
1866 903 1912 933 vt
1926 904 1942 933 1
1955 903 1989 932 ι.
2011 890 2100 934 idus
2117 892 2258 946 Augu·

1280 951 1383 1001 ssas,
1411 949 1520 993 idem
1545 948 1723 993 Calistus
1747 948 1831 1005 ejus
1861 949 1946 992 diei
1963 951 2171 994 memoriae
2200 950 2262 990 so-

1278 1009 1429 1052 lemnia
1459 1006 1849 1062 ’transfigurationis
1892 1009 2045 1053 Christi
2090 1007 2258 1052 Domini

1277 1068 1477 1125 perpetuo
1498 1066 1781 1111 consecravit.

1383 1126 1558 1181 Joannes
1590 1125 1651 1167 his
1674 1135 1797 1182 atque
1821 1123 1912 1168 aliis
1926 1125 2163 1184 sempiterna
2176 1138 2262 1171 me·

1278 1184 1404 1228 moria
1426 1181 1658 1240 digniffimis
1674 1184 1868 1242 preclare
1881 1185 2000 1242 gestis
2014 1212 2030 1236 2
2043 1199 2094 1229 ex
2108 1199 2258 1242 corpo-

1278 1245 1334 1288 ris
1363 1236 1602 1298 fatigatione
1615 1242 1758 1288 lethali
1774 1245 1919 1288 morbo
1944 1247 2157 1289 contradio
2172 1242 2261 1288 Vil-

1277 1304 1428 1353 lacum,
1440 1303 1654 1346 Pannonia
1668 1302 1870 1346 inferioris
1880 1303 2142 1360 Oppidum2in
2156 1315 2256 1360 agro

1278 1359 1478 1404 Sirmienli
1501 1360 1688 1404 defertur
1700 1390 1714 1413 ‚
1729 1362 1796 1404 ubi
1810 1364 1834 1407 a
1849 1361 2039 1406 Ladislao
2057 1364 2194 1418 Rege,
2211 1375 2259 1402 a-

1278 1418 1417 1475 liisqu'e
1445 1418 1543 1459 viris
1577 1420 1828 1476 Principibus
1847 1420 2060 1470 visitatur,
2087 1417 2257 1463 Sanctis-

1275 1476 1563 1586 32253322
1574 1474 2256 1581 {²3:3ffi}”“⁸.2}3³33.¹{312⁸2333

1277 1598 1408 1640 eraut,
1454 1558 1721 1643 raentinciatis,
1736 1548 1946 1651 Pssinzipes
1962 1548 2103 1644 ilites,
2121 1594 2260 1638 Ladis-

1241 1692 1243 1695 ,
1259 1655 1397 1708 υιςριιι,
1443 1655 1566 1704 egem
1580 1677 1597 1701 ,
1614 1651 1832 1694 Matthiam
1849 1652 2078 1698 Corvinum
2093 1682 2110 1707 ,
2140 1652 2259 1697 alios-

1277 1722 1354 1764 que
1380 1707 1432 1751 ad
1447 1707 1641 1751 tuendam
1665 1710 1925 1765 Religionem
1953 1712 2260 1756 Christianam..

1278 1769 1474 1817 hortatus,
1491 1767 1553 1809 vir
1569 1769 1846 1825 Apostolicu85
1863 1771 1903 1812 &
1925 1770 2136 1815 voluntate
2147 1785 2257 1814 mar-

1278 1837 1347 1882 tyr
1374 1826 1441 1883 pie
1473 1826 1512 1870 in
1526 1824 1705 1871 Domino
1730 1828 1831 1871 obiit
1855 1842 1964 1871 anno
1978 1829 2114 1872 salutis
2138 1830 2259 1888 1446.

1278 1885 1442 1929 decimo
1455 1885 1672 1930 Kalendas·
1681 1887 1928 1931 Novembris
1939 1895 1956 1929 ¹.
1973 1889 2176 1932 Defuncto
2188 1890 2262 1932 tri—

1277 1945 1415 1989 duan-a:
1434 1945 1610 2001 exequiae
1621 1946 1663 1989 in
1687 1947 1892 1990 Pannonia
1906 1974 1922 1998 ‚
1936 1947 2174 2001 Germania,
2194 1957 2262 1991 at-

1277 2018 1358 2060 que
1375 2004 1497 2047 Italia
1528 2003 1714 2048 universa
1730 2003 2012 2061 persolvuntur
2027 2035 2041 2050 .
2056 2007 2151 2051 Post
2171 2007 2261 2051 obi·

1277 2073 1367 2107 tum
1395 2062 1507 2120 aque
1534 2078 1582 2106 ac
1606 2064 1648 2108 in
1675 2063 1759 2107 vita
1776 2064 1918 2108 multis
1932 2065 2159 2123 magnisque
2177 2066 2258 2109 mi-

1276 2121 1428 2168 raculis
1449 2121 1620 2165 claruit.
1648 2124 1732 2167 Pro
1757 2121 1872 2166 co'in
1902 2127 2147 2169 Sanelornm
2177 2128 2257 2171 Ca-

1276 2195 1425 2227 nonem
1461 2180 1682 2226 referendo
1716 2182 1767 2225 ad
1800 2183 1949 2228 sedem
1978 2188 2010 2229 A
2017 2184 2256 2241 postolicam

1274 2240 1456 2298 undique
1470 2239 1661 2298 scriptum
1675 2240 1730 2285 esi
1740 2254 1755 2283 t
1782 2240 1833 2285 ab
1845 2241 1973 2286 ttaliae
1985 2239 2254 2294 Civitatibus‘,

1276 2299 1454 2345 Bononia
1468 2329 1484 2352 ,
1502 2301 1898 2354 Patavi03‘1‘arviiio
1910 2327 1925 2351 ‚
1944 2303 2097 2347 Asculo
2115 2331 2129 2345 .
2164 2303 2254 2347 1211-

1273 2359 1428 2404 dericua
1442 2359 1522 2403 111.
1547 2358 1812 2416 Augustua‚&
1833 2359 2051 2406 Calimirus
2078 2359 2254 2406 Poloniae

1277 2421 1367 2463 Rex
1394 2418 1415 2462 ἃ
1445 2420 1520 2463 Pio
1537 2421 1588 2462 11.
1622 2419 1751 2464 selicis
1783 2421 1987 2464 memoria·
2005 2420 2252 2465 antecellere

1275 2477 1414 2522 nostro
1432 2477 1475 2521 id
1495 2478 1908 2536 postulaveruntequi
1931 2479 2098 2536 quidem
2125 2481 2217 2525 Pius
2232 2508 2247 2532 ,

1275 2538 1408 2582 adhuc
1436 2539 1583 2582 AEneaa
1611 2537 1760 2585 Silviua
1774 2566 1791 2592 ‚
1803 2538 2087 2596 perinfignium
2110 2540 2252 2596 Joan-

1275 2596 1335 2639 nia
1352 2598 1548 2639 virtutum
1563 2596 1743 2651 locuples
1773 2597 1908 2648 testis,
1934 2597 2079 2639 eodem
2110 2598 2253 2643 Fride·

1274 2655 1362 2696 rico
1378 2655 1456 2696 111.
1472 2662 1660 2711 rogante,
1674 2653 1788 2696 illum
1805 2654 1827 2698 fi
1845 2654 2022 2699 Nicolao
2038 2654 2130 2699 v-in
2147 2658 2253 2699 Get-

1274 2711 1446 2754 maniam
1461 2711 1705 2756 mittendum
1721 2713 2016 2770 impetraverat
2030 2742 2042 2755 .
2072 2713 2136 2756 Ad
2166 2713 2246 2757 haec

1266 2770 1443 2827 Joannet
1466 2771 1505 2812 δι
1535 2769 1811 2828 sigismundua
1827 2801 1844 2824 ,
1869 2773 2056 2816 Comites
2082 2772 2249 2815 Palatini

1273 2829 1324 2871 ad
1352 2829 1571 2883 Rhenum,
1599 2828 1803 2885 Rupertua
1822 2832 1912 2874 Dux
1945 2831 2150 2883 Bantia,
2182 2831 2251 2875 Al—

1271 2887 1409 2931 bertut
1426 2887 1615 2932 Marchio
1630 2888 2023 2948 brandenburgicus,
2033 2889 2249 2935 Conradua

1275 2948 1370 2989 Dux
1382 2944 1525 2991 Silelioe
1538 2975 1553 3001 ,
1570 2947 1715 2992 Petrua
1729 2949 1769 2992 S.
1779 2949 1886 2992 R-E.
1902 2948 2010 2993 tituli
2026 2949 2155 2993 SanCti
2173 2950 2251 2993 Vl-

1274 3003 1367 3049 talia
1381 3005 1603 3063 Presbyter
1616 3007 1865 3059 cardinalia,
1879 3007 2133 3066 Augustanus
2148 3021 2248 3052 nun.

1274 3074 1444 3120 cupatur
1459 3092 1476 3118 ,
1499 3065 1538 3109 in
1558 3066 1738 3111 universa
1763 3068 1983 3112 Germania
2009 3065 2248 3126 apostolice

1276 3124 1389 3169 Sedit
1415 3125 1608 3193 Legatua,
1626 3123 1808 3183 Episcopi
1831 3126 2034 3172 Misnenfit
2059 3155 2074 3180 ,
2100 3125 2245 3171 Eistet-

1275 3185 1396 3228 tentia
1411 3212 1427 3236 ,
1443 3182 1617 3242 aliique:
1633 3184 1826 3229 Matthias
1843 3186 1957 3238 Rex,
1982 3186 2024 3229 δι
2038 3182 2245 3231 Elisabeth

1278 3243 1493 3287 Pannonia
1508 3244 1666 3301 Regina
1680 3270 1695 3295 ,
1709 3243 1968 3301 plurimoque
1981 3244 2144 3289 illarum
2154 3256 2246 3301 par-

1276 3303 1377 3347 tium
1404 3301 1611 3348 Civitates
1625 3302 1673 3346 ab
1686 3301 1916 3360 Apollolica
1927 3302 2035 3348 Sede
2053 3302 2158 3346 idem
2175 3315 2246 3358 po-

1278 3360 1491 3419 poscerunt
1515 3390 1528 3406 .
1553 3364 1699 3422 Quare
1724 3370 1789 3406 tot
1820 3359 2016 3424 tantisque
2049 3361 2139 3406 Viri
2168 3360 2245 3405 Dei

1278 3421 1512 3477 preconiis,
1535 3434 1612 3466 una
1628 3434 1728 3465 voce
1753 3418 1804 3464 ad
1819 3421 1999 3466 Sanelam
2021 3419 2243 3463 Romanam

1278 3479 1494 3526 Ecclesiam
1522 3481 1696 3541 undique
1718 3479 1851 3524 allatis
1875 3480 1917 3523 δι
1948 3479 2243 3524 confluentibua

1276 3549 1485 3595 permotus
1507 3536 1635 3585 felicit
1648 3538 1843 3584 memorie
1873 3536 2097 3583 antecellor
2112 3538 2245 3583 noster

1276 3602 1364 3644 Leo
1380 3598 1484 3657 Papa
1495 3598 1548 3643 Χ.
1562 3612 1631 3656 per
1645 3596 1891 3643 Bernardum
1907 3600 1946 3642 S.
1963 3596 2011 3640 1³.
2031 3599 2078 3642 Ε.
2095 3598 2244 3643 Diaco-

1274 3672 1370 3702 num
1385 3657 1646 3704 cardinalem
1665 3655 1813 3700 Saneloe
1839 3656 1976 3701 Marioe
1993 3657 2031 3701 in
2052 3657 2212 3702 porticu
2226 3682 2242 3709 ,

1274 3717 1476 3763 Bibienam
1490 3723 1760 3773 nuncupatum
1773 3744 1788 3770 ‚
1812 3715 2000 3761 concesiit
2014 3729 2123 3761 anno
2140 3714 2245 3760 salu·

1279 3776 1330 3819 tia
1365 3786 1486 3826 ists.
1511 3786 1553 3818 ut
1571 3774 1740 3832 Joannit
1769 3777 1841 3830 piae
1867 3773 2124 3820 dormitionis
2154 3773 2241 3820 diet

1275 3832 1390 3880 festus
1411 3834 1614 3892 perpetuis
1641 3830 1785 3878 suturis
1813 3835 2064 3893 temporibut
2081 3832 2243 3938 ascleto

2140 3906 2189 3935 ει
