2444 4192
268 235 428 324 552

201 367 263 409 nis
279 362 371 408 usus
387 360 553 420 publice
566 359 842 409 interdicitur,
855 362 897 404 δι
913 363 1175 416 prohibetur;

200 439 286 482 quo
300 422 348 466 fit
359 453 378 475 ,
391 432 439 466 ut
450 422 625 478 personae
641 422 694 464 ibi
711 431 1013 476 permanentes,
1022 422 1175 465 etiamst

200 483 426 527 Catholicae
438 481 511 524 fint
527 507 541 530 ,
567 488 772 537 cogantur
786 489 920 524 tamen
933 491 1079 525 contra
1100 495 1174 524 eo-

199 556 360 646 3¹1?AE
363 556 386 652 ἶ
397 539 933 655 ,ἷξῗέἓῗεὶεῗῖὅῖἔέἓέῗῗ
947 539 1174 644 affigit

196 675 289 705 rum
303 662 658 705 sacramentorum
670 659 932 715 perceptione
957 660 999 703 in
1014 657 1174 703 suarum

197 722 423 764 animarum
436 716 648 759 discrimen
664 716 819 761 diutius
831 731 970 762 carere
981 748 995 761 .

256 780 296 829 ξ.
318 793 353 820 ι.
412 778 547 832 Qare
563 778 652 818 Nos
674 776 763 829 his,
787 778 827 820 &
850 776 941 820 aliis
956 777 1070 821 malis
1089 804 1106 828 ,
1131 778 1172 819 δι

192 836 384 893 periculis
399 835 493 877 inde
506 836 855 891 provenientibus,
867 837 1063 894 quantum
1074 850 1169 879 cum

192 895 379 938 Domino
391 892 591 948 poffumus
605 922 621 946 ,
638 895 805 938 obviare
827 898 1065 949 cupientes,
1093 899 1167 939 hac

191 955 320 997 nostra
347 954 387 995 in
402 963 643 1008 perpetuum
674 954 844 998 valitura
864 953 1169 1000 Constitutione

190 1013 399 1056 statuimus
414 1014 479 1066 ,Gt
490 1011 726 1057 ordinamus
741 1042 758 1066 ‚
786 1025 830 1058 ut
845 1016 897 1059 de
910 1025 1059 1059 caetero
1077 1014 1168 1056 nul·

187 1073 254 1116 lus
275 1072 403 1114 Italus
418 1100 435 1124 ,
463 1070 764 1116 fiveMereator
777 1100 792 1123 ,
815 1075 898 1118 five
915 1072 1092 1131 cujusvis
1106 1073 1163 1114 al-

186 1131 317 1175 terius
330 1130 579 1174 conditionis
590 1131 690 1188 ,tel
707 1130 832 1176 statiis
845 1133 1001 1185 existar,
1014 1131 1163 1188 quovis

186 1190 349 1248 quaefito
366 1190 536 1242 colore,
566 1199 764 1246 pretextu
777 1222 795 1243 ,
817 1193 881 1236 vel
907 1193 1073 1249 ingenio
1093 1205 1165 1233 au-

184 1252 283 1292 deat
297 1250 481 1292 habitare
494 1278 511 1301 ‚
525 1249 590 1292 vel
608 1249 863 1292 domicilium
878 1261 1020 1295 tenere
1030 1250 1165 1310 inci-

183 1310 317 1352 vitate
333 1337 348 1361 ‚
360 1309 527 1365 Oppido
539 1335 555 1358 ,
568 1306 634 1352 stu
647 1308 746 1352 loco
763 1339 778 1362 ‚
791 1311 859 1352 ubi
874 1311 1007 1369 aliqua
1021 1309 1168 1354 Eccle-

183 1369 240 1412 fia
250 1382 343 1410 cnm
359 1369 546 1412 Parocbo
555 1397 572 1420 ‚
582 1367 648 1410 vel
663 1369 827 1413 Pastore
837 1396 853 1420 ,
864 1368 930 1414 stu
943 1369 1168 1416 Sacerdote

185 1427 415 1470 Catholico
430 1441 511 1471 non
524 1426 665 1470 existat
683 1428 753 1478 ,in
763 1443 841 1485 qua
857 1429 985 1473 libere
1003 1458 1018 1479 ‚
1037 1430 1076 1470 &
1087 1428 1168 1470 fine

186 1485 300 1529 muni
400 1485 498 1528 culo
511 1485 643 1542 palam
659 1515 674 1536 ‚
698 1488 738 1527 &
755 1487 921 1538 public?-
935 1484 1134 1528 celebrari
1148 1510 1164 1533 ‚

187 1546 231 1588 δι
244 1559 295 1587 au
328 1545 375 1585 iri
391 1542 535 1596 poffint
546 1540 809 1584 sacrosancta
821 1539 943 1582 Miffae
955 1567 972 1592 ,
999 1540 1040 1582 81
1051 1539 1166 1583 alia„

188 1602 341 1647 Divina
356 1597 503 1641 Officia
515 1623 530 1646 ,
548 1598 588 1639 δι
602 1597 853 1650 Conciones,
864 1613 912 1642 ae
928 1601 1166 1643 Sacramen-

188 1672 232 1705 ta
248 1655 522 1703 Ecclefiassica
535 1655 747 1699 ministrari
758 1683 773 1706 ,
797 1667 1055 1701 mortuorum
1070 1671 1167 1700 cor-

187 1734 289 1779 pora
303 1716 477 1775 sepeliri,
492 1716 532 1758 &
545 1725 685 1759 caetera
700 1714 785 1760 fieri
798 1715 913 1775 juxta
929 1718 1055 1762 ritum
1068 1722 1168 1761 San·

190 1782 263 1822 6}ae
280 1780 471 1822 Romanae
489 1774 677 1819 Ecclefiae
690 1805 704 1819 .

248 1838 288 1888 §0
301 1854 341 1883 ι.
404 1838 544 1892 thue
559 1835 681 1879 iidem
695 1836 789 1880 Itali
804 1835 1027 1882 abstineant
1040 1838 1064 1882 a
1080 1839 1169 1880 Ma·

190 1894 398 1941 trimoniis
410 1908 505 1939 cum
530 1896 729 1939 haereticis
757 1896 995 1941 mulieribus
1012 1926 1027 1950 ,
1055 1898 1098 1940 δε
1120 1894 1169 1937 ab

188 1956 479 2000 hereticorum
491 1953 706 2010 sepulturis
720 1985 735 2008 ‚
749 1954 855 1999 filios
867 1954 957 2000 suos
969 1957 1023 2000 de
1037 1959 1169 2000 Sacro

185 2018 324 2060 Ponte
338 2013 464 2056 levari
476 2028 548 2068 per
563 2014 773 2058 haereticos
799 2029 881 2059 non
897 2016 1136 2072 permittant
1151 2046 1168 2070 ,

185 2087 264 2118 nec
279 2072 348 2129 ipfi
369 2070 534 2116 viciffim
554 2073 835 2117 hereticorum
849 2073 955 2118 filios
969 2102 984 2126 ,
1013 2075 1081 2118 nisi
1096 2088 1169 2132 per

188 2132 457 2176 catholicum
474 2132 742 2177 Sacerdotem
753 2135 980 2179 Catholico
1000 2147 1171 2181 murm.»

184 2192 479 2249 baptizentur,
510 2190 649 2236 levare
678 2192 916 2250 presumant
938 2223 955 2248 ‚
978 2192 1170 2238 Medico-

184 2265 277 2294 rum
292 2265 454 2308 quoque
467 2253 752 2296 hereticorum
764 2268 892 2311 opera
909 2284 925 2307 ‚
935 2255 1167 2299 necestitate

182 2308 375 2363 ceffante,
388 2313 445 2364 δι,
456 2312 527 2356 ubi
544 2311 645 2356 adiit
658 2314 779 2371 copia
794 2314 1001 2359 Catholici
1017 2314 1167 2359 Medici

184 2370 354 2419 idonei,
372 2384 451 2415 non
465 2381 636 2415 utantur
649 2401 664 2415 .

245 2429 269 2479 ᾗ
304 2443 343 2486 3.
405 2434 513 2475 Cum
537 2434 636 2475 vero
657 2433 753 2477 Itali
768 2433 948 2492 praediffi
975 2448 1024 2478 ex
1043 2432 1168 2478 Italia

183 2489 382 2532 recedunt
409 2488 458 2532 ad
473 2489 718 2535 morandum
729 2519 743 2543 ,
776 2493 839 2537 seu
854 2493 1168 2539 inhabitandum

186 2548 229 2590 in
244 2547 427 2602 partibus
440 2548 640 2606 predictis
653 2579 668 2604 ‚
701 2551 742 2595 id
759 2552 979 2610 significent
995 2553 1072 2598 suis
1085 2554 1166 2596 Or-

185 2604 355 2648 dinariis
368 2635 384 2659 ,
398 2607 464 2651 vel
483 2608 793 2666 inquisitoribus
806 2613 994 2657 locorum
1007 2639 1023 2665 ,
1038 2614 1063 2659 a
1075 2612 1165 2669 qui-

183 2664 262 2706 bus
289 2664 394 2707 serio
407 2667 731 2722 admoneantur.
754 2678 798 2714 ut
813 2671 852 2715 in
875 2672 936 2716 eis
962 2670 1164 2728 perpetuo

184 2720 445 2766 Catholicam
459 2751 475 2775 ‚
490 2725 533 2766 δι
543 2725 827 2770 orthodoxam
840 2727 963 2772 iidem
976 2727 1163 2771 constan-

186 2792 253 2825 ter
267 2779 489 2825 retinentes
503 2808 518 2832 ,
531 2782 571 2825 dt
584 2780 822 2838 profitentes
836 2814 851 2838 ‚
864 2786 972 2843 piam
982 2815 997 2838 ,
1027 2787 1068 2828 δι
1082 2789 1164 2829 Ca-

188 2838 385 2883 tholicam
402 2841 528 2883 vitam
539 2840 720 2893 ducant,
741 2844 985 2886 Dominieos
1000 2871 1014 2894 ,
1037 2846 1076 2885 δι
1095 2846 1165 2887 Fe-

189 2898 268 2943 ssos
290 2899 379 2940 dies
391 2925 408 2951 ,
432 2896 710 2952 abstinentias,
739 2901 780 2943 δι
807 2898 916 2944 sacra
944 2900 1094 2960 jejunia
1115 2902 1167 2945 ab

192 2954 368 3002 Ecclesia
394 2966 592 3014 precepta
615 2957 809 3015 religiose
837 2959 978 3006 colant
1003 2989 1019 3014 ,
1044 2972 1168 3020 atque

192 3027 356 3058 omnem
382 3014 557 3061 haerefim
571 3047 587 3069 ,
618 3018 656 3060 δι
687 3031 870 3063 errorem
882 3049 899 3072 ‚
928 3020 1136 3065 hereticos
1152 3050 1168 3075 ,

193 3075 464 3120 schismaticos
479 3104 494 3128 ‚
521 3076 562 3118 δι
583 3077 634 3119 ab
659 3078 907 3123 Orthodoxa
925 3081 1024 3125 Pide
1049 3080 1167 3126 aber·

194 3145 327 3178 rantes
341 3133 525 3191 fugiant,
546 3136 753 3180 &evitent
768 3164 783 3188 ,
796 3152 860 3189 ac,
875 3148 920 3182 ut
936 3138 1076 3184 saltem
1091 3142 1168 3184 iin-

194 3193 263 3251 gul
269 3196 300 3236 is
312 3194 421 3239 annis
446 3194 499 3237 de
510 3208 652 3238 eorum
663 3198 956 3242 Sacramentali
974 3210 1164 3254 peccato·

194 3268 285 3296 rum
312 3250 570 3298 Consess'ione
583 3281 597 3304 ,
627 3256 668 3297 dt
691 3256 956 3301 saneliffunae·
969 3260 1164 3304 Euchari-

195 3312 273 3356 θέε
294 3311 560 3370 perceptione
576 3327 649 3371 per
677 3327 751 3358 eos
765 3316 864 3359 saeta
879 3347 896 3370 ,
921 3316 1040 3362 fidem
1058 3347 1071 3370 ‚
1100 3317 1166 3363 seu

194 3371 470 3417 testimonium
484 3372 570 3429 ipsis
585 3373 812 3419 Ordinariis
828 3405 844 3428 ,
871 3375 937 3420 vel
956 3376 1168 3435 lnquifito·

195 3430 308 3474 ribus
334 3432 373 3473 in
401 3432 563 3476 italiam
579 3434 882 3484 transmittant,
914 3434 965 3478 ad
993 3438 1101 3495 quod
1127 3441 1168 3483 οι

196 3491 284 3533 Noa
296 3489 425 3554 dictos
442 3491 570 3535 italos
586 3502 726 3537 tenore
740 3491 994 3551 presentium
1011 3498 1140 3541 teneri
1153 3526 1168 3550 ‚

192 3548 448 3606 &obligatos
465 3550 542 3594 ess'e
555 3550 815 3596 decernimus
829 3580 845 3605 ,
859 3554 900 3596 δι
916 3556 1168 3600 mandamus.

251 3606 350 3662 ἦ...
408 3608 532 3664 Quod
548 3638 564 3663 ‚
585 3611 611 3653 si
625 3611 712 3668 quis
738 3614 910 3669 propri:
926 3614 1063 3659 filati·
1090 3616 1167 3659 im·

192 3680 377 3734 nientor.
404 3678 546 3712 contra
561 3668 747 3725 prnmiil'a
762 3670 895 3717 facere
912 3673 1165 3732 presumpse-

190 3736 244 3770 rit
259 3755 274 3779 ,
297 3721 617 3784 poffiudversus
632 3744 726 3775 eum
738 3746 811 3788 per
833 3731 1020 3779 locorum
1036 3735 1163 3779 Ordi-

188 3787 325 3853 narios
339 3813 355 3838 ,
383 3781 423 3828 ἁ
451 3787 707 3844 inquisitore·
723 3792 917 3835 heretica
932 3794 1136 3850 pravitatis
1147 3820 1163 3845 ,

186 3844 309 3888 utide
323 3843 455 3890 hnreii
469 3845 688 3905 suspcaum
706 3878 721 3901 ,
737 3851 927 3907 procedi.

903 204 1497 323 Appendix.

1294 362 1334 412 ξ.
1348 374 1390 412 5.
1451 364 1547 404 Non
1560 356 1804 404 obstantibus
1823 356 2210 413 Constitutionibusj

1234 425 1275 466 δε
1299 421 1641 465 ordinationibus
1664 418 1914 473 Apostolieis
1932 446 1948 470 ‚
1976 419 2208 474 caterisque

1233 481 1450 526 contrariis
1469 480 1790 536 quibuscumque
1807 506 1821 519 .

1291 540 1388 591 §.6.
1452 539 1656 584 Volumus
1670 549 1836 586 autem,
1865 544 1911 591 ut
1937 535 2210 579 earumdem-3

1234 599 1487 658 praesentium
1512 599 1799 654 transumptis,
1826 597 1951 639 etia-m
1978 593 2171 650 impresfis
2190 620 2206 642 ,

1234 672 1354 703 manu
1374 657 1545 711 alicuius
1559 659 1719 703 Notarii
1734 655 1887 713 publici
1901 652 2149 708 subscriptis,
2166 654 2208 694 δι

1230 718 1363 776 figillo
1386 717 1560 773 personae
1596 719 1636 760 in
1669 717 1868 773 dignitate
1893 712 2205 756 Ecclefiastica„

1231 777 1457 820 constitutae
1469 777 1634 819 munitis
1648 806 1665 828 ,
1681 775 1824 818 eadem
1842 771 2004 831 prorsus
2034 770 2132 815 fides
2158 773 2202 813 in

1228 836 1413 895 judicio,
1442 837 1484 878 &
1498 847 1614 879 extra
1636 836 1878 878 adhibeatur
1893 861 1909 884 ‚
1929 845 2016 888 quar
2031 831 2206 886 ipiismet

1228 896 1486 953 praesentibus
1516 895 1762 943 haberetur,
1792 891 1821 934 fi
1846 890 1969 937 effent
1989 890 2202 938 exhibitae,

1231 956 1297 998 vel
1312 952 1476 997 ostensae
1494 983 1507 996 .
1857 975 1859 977 ·

1348 1016 1500 1056 Datum
1512 1014 1655 1056 Romae
1669 1010 1774 1068 apud
1788 1012 1977 1056 Sanctum
1992 1010 2199 1061 Marcum,

1226 1072 1297 1118 sub
1330 1071 1500 1115 Annulo
1527 1070 1744 1114 Piscatoris
1770 1099 1785 1123 ,
1822 1069 1890 1113 die
1910 1082 2034 1111 xxvi.
2067 1068 2165 1125 Julii
2185 1095 2204 1119 ,

1226 1145 1424 1177 mnxcvt.
1452 1128 1721 1175 Pontificatfis
1739 1129 1876 1175 Nostri
1891 1133 2014 1173 Anno
2029 1127 2179 1184 quinto
2191 1134 2209 1168 .·

1229 1320 1515 1375 constitutio
1539 1325 1670 1374 Pauli
1699 1327 1764 1374 V.
1808 1319 1866 1370 de
1907 1315 2205 1369 facultatibus

1298 1395 1608 1462 Regularium
1619 1389 1924 1460 cognoscendi
1936 1387 2092 1437 causas
2107 1387 2134 1436 s
2129 1405 2207 1437 uo-

1293 1477 1400 1509 rum
1416 1460 1706 1509 subditorum
1724 1459 1781 1509 ad
1795 1461 1843 1509 S.
1859 1454 2091 1506 Officium
2103 1473 2209 1525 per-

1294 1529 1487 1579 tinentes
1529 1531 1758 1580 revocatis
1805 1527 1945 1597 incip.
1988 1527 2208 1591 Romanus

1297 1597 1506 1669 Pontiftx
1524 1598 1658 1671 supra
1674 1598 1757 1651 fol.
1781 1618 1805 1663 3
1816 1607 1900 1662 56.

1228 1742 1478 1794 Innovatio
1494 1726 1896 1796 Constitutionum
1913 1740 1940 1791 εἲ
1958 1741 2092 1792 Sixto
2108 1744 2204 1795 lv.

1299 1812 1408 1867 διδ.
1426 1815 1509 1865 Pio
1532 1818 1596 1866 V.
1626 1814 1684 1865 de
1708 1814 2026 1882 conceptione
2049 1815 2104 1862 Β.
2130 1816 2207 1865 Μ.

1301 1886 1509 1957 Virginis
1534 1885 1763 1943 editarum
1789 1921 1808 1945 ,
1851 1879 2208 1953 impositioque,

1298 1962 1528 2022 majorum
1562 1973 1811 2027 poenarum
1839 1957 1887 2005 in
1906 1950 2207 2024 transgreffo-

1299 2046 1370 2079 res
1384 2029 1409 2078 ἃ
1430 2029 1641 2081 locorum
1658 2027 1922 2080 Ordinariis
1938 2061 1954 2085 ,
1965 2022 2015 2077 ὅ(
2036 2028 2208 2078 haereti·

1298 2117 1365 2223 ἐκ
1392 2100 1632 2171 pravitatis
1654 2097 2002 2170 Inquifitoribus
2020 2099 2209 2168 punien-

1333 2190 1385 2225 os
1402 2210 1417 2225 .

1361 2305 1702 2362 PAULUS
1750 2304 1965 2355 PAPA
2014 2305 2083 2354 V.

1373 2432 1445 2479 Ad
1459 2443 1695 2493 perpetuam
1719 2433 1782 2477 rei
1804 2433 2034 2478 memoriam
2046 2460 2060 2474 .

1358 2553 1456 2613 Egis
1471 2548 1655 2612 pacifici,
1670 2566 1899 2610 quanquam
1924 2550 2042 2594 nullo
2069 2546 2208 2593 nostro

1227 2556 1342 2670 R
1373 2615 1528 2656 merito
1542 2613 1677 2655 divina
1690 2607 1990 2667 dispensatione
2004 2608 2116 2651 vices
2130 2620 2205 2663 ge·

1223 2681 1361 2715 rentes
1388 2671 1428 2712 in
1457 2669 1575 2713 terris
1587 2698 1603 2722 ,
1628 2683 1679 2713 ex
1694 2668 1874 2711 muneris
1890 2666 2013 2710 nostri
2031 2666 2206 2717 debito,

1224 2728 1335 2788 pacis
1380 2729 1421 2770 &
1456 2729 1689 2771 concordie
1723 2728 1833 2769 inter
1861 2722 2163 2774 christifideles
2186 2750 2202 2776 ,

1227 2786 1446 2845 prasertim
1460 2785 1757 2830 Ecclesiasticas
1770 2782 1958 2843 personas
1972 2814 1987 2837 ,
2002 2798 2091 2841 quoe
2109 2781 2201 2826 aliis

1227 2848 1266 2890 in
1277 2845 1381 2888 viam
1397 2844 1507 2903 pacis
1530 2843 1759 2903 dirigendis
1772 2873 1788 2900 ,
1811 2846 1852 2888 dt
1876 2845 1917 2887 in
1934 2844 2097 2888 unitate
2110 2842 2204 2900 Spi-

1229 2902 1329 2950 ritus
1342 2904 1603 2948 continendis
1617 2907 1705 2949 sunt
1719 2902 1937 2962 proepofitae
1949 2932 1965 2956 ,
1986 2903 2204 2948 conferva·

1229 2966 1332 3009 tioni
1348 2963 1489 3008 sedulo
1503 2964 1542 3007 in
1549 2964 1720 3023 vigilare
1735 2963 1947 3021 cupientes
1958 2988 1974 3013 ,
1989 2975 2037 3006 ea
2053 2990 2069 3015 ,
2081 2975 2168 3021 quae
2180 2960 2207 3006 ὁ

1228 3021 1585 3070 Proedecess'oribus
1615 3024 1755 3068 nostris
1770 3021 1967 3068 Romanis
1990 3019 2205 3066 Pontifici-

1229 3085 1302 3128 bus
1318 3082 1370 3127 ad
1385 3082 1660 3128 scandalorum
1674 3082 1822 3127 semina
1837 3081 2025 3127 tollenda
2036 3078 2208 3126 salubri·

1228 3154 1294 3188 ter
1311 3143 1529 3187 constituta
1557 3144 1648 3188 sunt
1660 3169 1675 3194 ,
1693 3157 1787 3187 cum
1813 3140 1930 3190 hostis
1944 3141 2101 3199 antiqui
2115 3136 2206 3183 inli-

1225 3203 1302 3246 diis
1318 3229 1333 3253 ,
1361 3199 1432 3259 qui
1448 3203 1497 3246 ab
1511 3202 1632 3246 initio
1644 3201 1798 3247 diffidia
1815 3199 1946 3245 serere
1958 3200 2076 3259 coepit
2089 3226 2105 3253 ‚
2127 3197 2205 3240 mi-

1226 3261 1335 3306 nime
1348 3260 1556 3306 observari
1571 3290 1586 3316 ,
1612 3272 1682 3308 aut
1716 3260 1836 3304 variis
1848 3259 1975 3305 modis
2003 3256 2120 3304 eludi
2141 3254 2205 3299 di·

1226 3322 1474 3378 gnoscuntur
1486 3348 1502 3375 ‚
1515 3329 1562 3364 ut
1585 3320 1784 3366 inviolata
1796 3318 2010 3365 serventur
2025 3328 2201 3374 ,oppor-

1227 3381 1336 3424 tunis
1353 3379 1539 3425 remediis
1555 3406 1570 3430 ,
1591 3381 1786 3439 quantum
1809 3393 1902 3423 cum
1920 3377 2099 3423 Domino
2116 3374 2204 3433 pos·

1228 3440 1388 3493 sumus,
1406 3441 1607 3485 munimus
1622 3470 1635 3483 .

1287 3500 1325 3551 §-
1349 3514 1381 3543 ι.
1441 3499 1554 3545 Olim
1566 3498 1760 3558 liquidem
1777 3512 1850 3556 per
1863 3494 1992 3544 felicis
2004 3491 2200 3541 recorda·

1229 3560 1352 3603 tionis
1369 3560 1527 3604 Sixtum
1543 3564 1691 3618 Papam
1706 3562 1914 3619 Quartum
1933 3550 2203 3601 i'roedeceffo-

1227 3632 1313 3662 rem
1330 3618 1525 3673 nostrum,
1538 3629 1727 3676 accepto,
1741 3614 1850 3674 quod
1866 3615 2047 3661 nonnulli
2063 3613 2203 3658 diver-

1229 3677 1359 3722 sorum
1373 3679 1577 3722 ordinum
1594 3676 1880 3722 Predicatores
1898 3704 1913 3728 ,
1947 3677 1987 3720 in
2015 3674 2093 3719 suis
2120 3669 2199 3716 ser-

1226 3738 1412 3782 monibus
1438 3738 1489 3781 ad
1517 3736 1712 3795 populum
1745 3734 1910 3792 publice
1931 3748 2003 3793 per
2023 3732 2200 3778 diversas

1223 3798 1426 3841 Civitates
1443 3825 1458 3850 ,
1484 3798 1525 3840 δι
1538 3798 1686 3839 Terras
1713 3793 1915 3839 affirmare
1932 3809 2010 3838 non
2025 3794 2201 3837 erubue-

1225 3867 1314 3900 rant
1329 3885 1345 3910 ,
1375 3858 1416 3900 δι
1427 3855 1611 3914 quotidie
1625 3856 1845 3913 proedicarc
1872 3868 1951 3899 non
1966 3850 2170 3897 ccffabant
2183 3879 2198 3906 2

2007 3926 2146 3957 omncs
