2444 4192
271 143 432 255 516

211 298 409 340 catholico
424 295 616 345 Antillt‘te
628 295 793 339 Ordines
806 293 1009 351 sitsi-ipen
1019 290 1162 350 poffint
1176 323 1191 346 ,

204 359 322 411 super
339 371 415 413 quo
442 358 598 400 indulto
625 354 734 400 nihil
756 363 832 413 per
842 354 1059 410 presentes
1080 353 1190 396 inno-

211 427 308 458 vare
325 417 563 462 intendimus
575 444 586 455 ·

322 478 499 528 Portos·
514 474 641 531 aliqui
666 471 830 528 vigilias
847 470 1050 528 laboresq3
1076 473 1184 526 suos,

211 547 294 576 non
308 537 447 580 tamin
460 532 706 579 extricandis
720 530 939 573 inutilibus
957 533 1186 588 quaestioni-

207 592 368 642 bumel
386 594 492 637 forte
505 595 542 635 in
563 593 681 634 rebus
703 586 950 646 profanis‚&
966 591 1016 634 ab
1034 592 1184 635 Eccle-

207 650 358 699 stastica
373 651 611 709 professione
622 650 764 692 alienis
778 648 1032 694 addiscendis
1046 650 1191 694 consu·

212 713 510 767 menumquam
528 710 567 752 in
577 709 711 753 studio
726 708 929 754 sacrarum
945 709 1190 766 legum‚qui-

209 771 284 815 bus
304 769 581 814 Ecclefiastica
596 767 809 824 disciplina
822 769 1187 822 continetur,utili-

210 837 277 872 ter
290 830 572 878 collocarent;
589 842 635 870 ac
649 827 721 870 nifi
748 827 956 883 aliquibus
969 829 1185 871 arbitrium

212 902 293 943 pro
307 886 666 943 lege‚preiudicata
679 886 820 943 opinio
835 901 911 943 pro
923 889 1188 944 ratione,atq;

206 947 248 988 in
276 947 344 1001 leg
357 960 426 987 um
449 948 575 989 etiam
604 945 912 989 clariffimarum
935 949 1185 1002 interpreta-

211 1003 456 1056 tione‚suus
482 1006 629 1060 cuique
642 1004 771 1048 sensus
798 1007 1187 1063 proauetoritatea

209 1062 338 1117 effet3
371 1078 447 1107 nec
462 1064 561 1106 olim
579 1065 712 1108 Nobis
734 1064 777 1108 iu
793 1064 931 1108 nostro
946 1064 1188 1107 Bononiensi

216 1121 585 1179 Arcbiepiscopatu
612 1123 880 1167 relidentibus
924 1119 1152 1180 contigisset
1170 1149 1187 1172 ‚

211 1194 256 1225 ut
285 1183 498 1237 Regularis
531 1182 697 1240 quidam
725 1196 773 1226 ex
799 1198 848 1226 ea
877 1183 991 1227 Urbe
1018 1189 1187 1237 repente

209 1242 433 1297 digrellus‚
450 1240 588 1298 suique
609 1242 836 1298 Superioris
867 1240 1115 1284 Dimifforias
1134 1240 1185 1283 ad

208 1300 454 1358 Episcopum
471 1299 685 1344 finitimum
697 1301 908 1353 deferens,
922 1298 1080 1343 tametfi
1098 1298 1186 1342 nul.

210 1360 257 1402 lo
272 1363 388 1416 padio
412 1360 565 1412 docere
594 1355 749 1417 posset,
772 1364 857 1404 Nos
882 1359 1187 1402 clericorum-a

207 1418 520 1462 Ordinationem
536 1433 616 1461 non
630 1420 866 1469 babituros,
878 1418 1050 1461 Sacrum
1069 1419 1187 1460 Pres-

214 1474 426 1532 byterattis
443 1477 640 1519 Ordinem
667 1475 906 1532 susciperet,
932 1476 1186 1530 nullaque-³

209 1535 421 1591 interjecta
444 1549 558 1577 mora
583 1534 807 1577 Bononiam
829 1533 882 1574 ad
907 1535 1082 1586 primum
1110 1534 1186 1571 Sa-

211 1593 411 1639 crificium
422 1604 503 1632 non
519 1591 597 1634 fine
611 1603 756 1646 pompa
770 1588 1024 1630 offerendum
1045 1600 1186 1629 rever·

208 1661 368 1695 teretur
382 1662 400 1702 3
413 1651 550 1708 Qam
580 1658 716 1691 tamen
743 1645 1040 1689 intolerandam
1055 1646 1184 1688 auda-

210 1712 317 1754 ciam
351 1711 435 1751 Nos
458 1706 512 1749 ad
539 1706 844 1750 Canonicarum
869 1706 1113 1748 sanctionum
1130 1704 1185 1746 ri-

211 1781 356 1825 gorem
371 1766 532 1821 exigere
544 1794 559 1817 ‚
570 1776 693 1822 atque
704 1766 827 1808 etiam
842 1793 859 1817 ‚
876 1764 1031 1808 servata
1048 1764 1187 1812 Pallo-

207 1827 285 1871 rali
300 1825 603 1868 mansuetudine
615 1853 632 1876 ,
664 1823 871 1867 vindicare
900 1836 982 1867 non
1014 1834 1186 1879 praeter-

212 1884 423 1938 misimu33
453 1893 499 1927 ut
522 1884 664 1927 videre
678 1882 790 1925 estin
805 1883 967 1926 monito
987 1881 1185 1926 Pastorali

209 1946 238 1990 ὲ
255 1945 386 1988 Nobis
410 1954 508 1986 tunc
533 1944 674 1992 edito,
688 1940 797 1985 inter
808 1942 982 2000 imprff
995 1942 1185 1996 Monit.3·

213 2002 334 2048 Liba
348 2017 382 2045 ι.
398 2004 543 2058 Neque
563 2001 696 2044 rursus
709 2027 723 2047 ‚
738 2014 786 2043 ex
804 2015 887 2057 quo
907 2002 959 2043 ad
979 1999 1188 2044 universa·

213 2062 264 2105 lis
280 2059 467 2104 Ecclefiae
481 2061 656 2116 regimen
669 2087 685 2112 ,
697 2060 784 2102 Deo
807 2061 859 2103 lic
872 2059 1152 2114 disponente.-
1169 2088 1186 2113 ,

212 2119 397 2176 affitmpti
431 2116 584 2171 fuimus,
599 2148 615 2172 ‚
640 2118 820 2175 plurium
849 2119 1186 2175 Episcoporum

209 2182 403 2224 Fratrum
423 2177 652 2221 nostrorum
677 2177 853 2235 querela:
888 2179 939 2221 ad
968 2178 1186 2233 Apostola-

211 2250 301 2282 tum
315 2237 493 2283 nostrum
514 2234 658 2281 delatae
676 2236 833 2282 fuiffent
846 2251 863 2292 3
875 2238 944 2294 qui
964 2238 1155 2281 nimirum
1169 2264 1186 2288 ‚

214 2313 295 2343 non
309 2299 387 2340 sine
405 2309 554 2352 magno
568 2298 690 2339 animi
717 2296 837 2340 nostri
864 2298 1014 2341 dolore
1030 2322 1047 2346 ‚
1077 2298 1184 2352 apud

213 2361 307 2403 Nos
333 2355 593 2412 expostulare
613 2370 693 2399 nou
719 2356 904 2399 definunt
923 2383 939 2408 ‚
960 2358 982 2399 a
1001 2355 1184 2411 pluribus

211 2415 312 2472 saepe
332 2413 606 2471 Regularibus
626 2416 667 2457 in
681 2425 828 2459 eorum
846 2413 1094 2460 Dioecelibus
1109 2413 1188 2459 res-

313 2474 377 2518 iv'e
409 2474 757 2518 commorantibus
772 2474 909 2519 fimilia
926 2475 1187 2532 perpetrari,

213 2550 254 2578 tn
280 2533 454 2590 spretum
472 2532 835 2578 Ecclesiafliearum
853 2538 1007 2591 Legum
1021 2563 1036 2586 ,
1062 2544 1187 2591 atque

212 2593 439 2651 pecualium
464 2590 709 2635 sanctionum
733 2619 749 2643 ,
778 2594 924 2649 quibus
957 2592 1043 2649 ipso
1075 2592 1184 2637 facto

213 2652 547 2705 adstringuntur3
574 2651 596 2706 (
612 2650 803 2708 siquidem
825 2653 865 2696 in
890 2653 1185 2708 authographo

215 2710 330 2766 snpra
366 2708 479 2751 relati
506 2709 760 2752 Clementini
799 2710 972 2753 Decreti
999 2709 1184 2752 diuinae

216 2769 367 2824 legitur
379 2768 660 2809 :Incurrunt
672 2778 757 2818 :3
781 2778 864 2810 non
888 2776 1026 2809 autem
1039 2793 1054 2817 ‚
1069 2766 1182 2823 quod

214 2825 322 2871 salso
344 2838 547 2868 nonnemo
566 2821 725 2868 alleruit
753 2838 811 2867 =
833 2829 1038 2868 incurrent
1065 2842 1122 2870 =
1140 2829 1185 2884 )‚

213 2889 314 2929 dum
346 2883 525 2933 scilicet,
548 2883 802 2938 Superiores·
824 2883 1048 2939 Regularer
1071 2913 1085 2934 ,
1114 2886 1183 2942 qui

216 2941 386 2987 subditis
408 2941 483 2983 suis
500 2954 583 2983 non
609 2939 660 2984 ad
684 2939 955 2999 pra-scriptum
971 2941 1184 2996 ejusdem..

216 2999 384 3046 Decreti
420 2996 667 3043 Dimilsoriaa
707 2999 885 3045 Litteras
910 3002 1142 3046 concedunt
1169 3032 1184 3055 ,

216 3063 375 3107 suorum
390 3056 652 3111 officiorum,
667 3072 713 3101 ae
729 3059 1000 3117 Dignitatum,
1017 3063 1054 3104 δι
1073 3062 1185 3105 vocis

216 3121 352 3164 adire
366 3145 383 3169 ‚
394 3128 516 3175 atque
543 3116 694 3175 pamm
706 3118 910 3164 amiffione
925 3120 1186 3175 mulssantur3

216 3176 407 3223 Ordinati
435 3178 536 3221 vero
547 3205 563 3229 ‚
576 3175 829 3232 suspenfionis
845 3193 1009 3235 poenam
1024 3209 1038 3232 ,
1065 3193 1187 3239 atque

216 3241 338 3283 etiam
352 3263 368 3287 ‚
381 3236 407 3279 st
422 3237 463 3279 in
479 3233 663 3292 suscepto
674 3237 830 3282 Ordine
843 3239 1158 3284 ministraverint
1172 3268 1186 3293 ‚

218 3295 571 3351 irregularitatem
597 3295 807 3340 incurrunt
822 3309 892 3341 lac
909 3297 1084 3355 denique
1101 3303 1183 3343 An·

219 3358 359 3400 tillires
376 3381 391 3404 ‚
404 3353 472 3412 qui
488 3353 579 3411 ὀρύα
593 3368 739 3398 manus
769 3357 1011 3413 imponunt,
1026 3371 1107 3402 non
1125 3357 1184 3401 sa-

216 3416 297 3460 eile
338 3412 530 3470 effugiunt
561 3414 790 3458 canonicas
821 3428 962 3471 poenas
989 3416 1183 3462 adversus

216 3488 287 3518 eos
305 3474 555 3528 propositae,
595 3473 634 3516 ui
652 3471 807 3517 alienos
832 3472 1013 3518 subditos
1038 3476 1184 3532 absque

218 3531 499 3578 lbificientibua
590 3528 771 3576 mifforiis
804 3533 998 3578 ordinare
1043 3532 1184 3593 prnsu-

216 3600 333 3636 munt
346 3618 359 3631 .
383 3593 468 3649 Qi
482 3592 604 3636 etiam
630 3590 868 3648 plerumque
884 3594 1005 3652 eulpa
1020 3609 1099 3638 non
1116 3609 1186 3639 va·

216 3660 311 3695 eant
329 3649 368 3691 in
385 3661 462 3699 eo,
481 3649 620 3703 ηυὸά,
650 3664 773 3707 quum
788 3665 838 3695 ea
862 3654 932 3695 usu
966 3668 1099 3698 rerum
1125 3655 1186 3698 in·

217 3707 402 3765 tellissere
418 3705 555 3763 posunt
571 3710 830 3766 ‚complures
857 3711 1077 3770 Regularea
1108 3726 1189 3757 non

217 3768 295 3814 alia
309 3767 361 3812 de
374 3765 508 3821 causa,
520 3770 692 3825 proprio
704 3769 915 3816 domicilio
931 3773 1093 3824 telino,
1109 3773 1188 3818 iter

763 136 929 224 Sub
994 134 1393 222 Benediflo
1453 133 1605 222 XI
1626 137 1727 224 V.

1251 294 1432 350 arripere
1462 323 1477 346 ‚
1505 296 1625 352 quam
1652 306 1699 339 ut
1728 299 1766 339 se
1800 294 2026 342 subducant
2055 296 2228 340 examini

1250 355 1440 410 Episcopi
1458 355 1669 413 Digcesani
1686 384 1701 408 ,
1716 356 1829 411 cujus
1850 358 1980 399 bacin
2002 372 2044 400 re
2065 357 2228 414 jurisdi-

1246 415 1426 456 stionem
1449 442 1464 465 ,
1502 426 1571 457 aut
1598 415 1767 456 nimium
1793 417 1970 469 rigorem
2002 418 2224 472 perhorre-

1244 473 1365 516 scunt
1381 500 1397 524 ‚
1413 474 1620 532 aliumque
1637 474 1847 516 inveniant
1861 501 1876 524 ‚
1904 475 1972 527 qui
1988 477 2052 518 vel
2075 475 2191 527 nullo
2207 503 2223 527 ,

1246 534 1311 576 vel
1325 533 1545 576 admodum
1561 532 1642 576 levi
1674 531 1871 587 praemillo
1900 535 2086 575 examine
2102 558 2119 583 -,
2149 538 2231 576 Or-

1241 590 1356 635 dines
1385 593 1472 648 ipsis
1490 592 1779 649 impertiatur-3
1807 590 1968 645 quoties
1986 591 2144 648 hujusm
2156 591 2231 635 odi

1251 651 1450 694 facilitate
1466 666 1566 707 erga
1583 651 1675 693 illos
1690 660 1861 693 utuntur
1873 674 1888 697 2
1901 650 2020 691 toties
2033 648 2230 693 adversus

1250 709 1536 754 consultiffima
1560 709 1794 753 Tridentini
1821 709 1975 762 Synodi
1992 711 2230 760 Decereta,

1247 770 1512 825 delinquunt:
1532 773 1589 813 Ea
1609 768 1803 823 liquidem
1814 766 2082 824 stffl23.cap.
2107 779 2169 810 12·
2182 767 2229 809 dr

1249 827 1546 886 Refirmatione
1559 855 1573 878 ‚
1591 828 1642 870 lic
1657 826 1791 869 statuit
1809 841 1866 868 =
1887 828 2107 882 Regulares·
2130 838 2231 880 quo·

1249 901 1350 944 que,
1367 900 1436 929 nec
1462 888 1505 929 in
1530 884 1675 930 minori
1688 895 1812 928 aetate
1825 912 1840 935 ‚
1869 897 1936 928 nec
1947 885 2025 928 linc
2037 883 2227 942 diligenti

1249 946 1429 1003 Epssopi
1442 949 1621 988 examine
1636 943 1890 995 ordinentur,
1907 946 2128 1003 priviIegiis
2140 947 2232 1000 qut·-

1248 1005 1482 1063 bustumque
1513 1005 1646 1060 quoad
1657 1003 1724 1046 boc
1742 1007 1902 1059 penitus
1917 1004 2075 1061 exclusts
2088 1031 2100 1043 .

1364 1067 1450 1107 Nos
1465 1074 1604 1105 autem
1620 1063 1815 1106 consueta
1848 1063 1966 1106 Sedis
1984 1060 2232 1119 Apostolicae

1248 1122 1470 1167 clementia
1500 1122 1562 1164 uti
1588 1121 1777 1165 volentes
1802 1148 1817 1172 2
1847 1121 2024 1165 libenter
2052 1121 2230 1164 abstine-

1249 1196 1338 1225 mus
1351 1184 1376 1226 ὲ
1389 1180 1643 1236 designandis
1669 1192 1740 1224 aut
1756 1182 2010 1224 nominandis
2037 1181 2115 1224 hoc
2136 1179 2231 1226 loco

1248 1241 1521 1296 Regularibus
1541 1268 1556 1292 ,
1570 1239 1622 1283 de
1639 1254 1816 1297 quorum
1830 1240 2067 1286 ‘exeeffibus
2089 1239 2129 1281 in
2147 1239 2229 1282 hoc

1246 1315 1385 1344 rerum
1402 1314 1556 1356 genere
1588 1312 1734 1353 graves
1767 1299 2062 1356 Episcoporum
2086 1299 2230 1353 quaeri-

1244 1360 1390 1403 moniae
1402 1359 1451 1401 ad
1469 1361 1559 1400 Nos
1574 1358 1721 1400 delatae
1739 1355 1901 1402 suerunt
1915 1388 1927 1399 .
1944 1361 2222 1413 Quacumque

1243 1420 1369 1461 etiam
1400 1421 1472 1460 hac
1502 1419 1542 1458 in
1570 1431 1615 1459 re
1648 1416 1883 1458 inordinate
1909 1416 1960 1457 ad
1993 1417 2099 1458 hunc
2111 1415 2226 1457 diem

1245 1473 1406 1518 admissa
1424 1475 1509 1513 sunt
1525 1497 1540 1519 a
1570 1475 1593 1515 a
1608 1474 1864 1515 districtioris
1893 1472 2036 1527 judicii
2058 1473 2221 1529 inquist-

1245 1535 1358 1574 tione
1376 1530 1592 1572 liberamus
1605 1542 1621 1581 3
1632 1530 1830 1585 Quinimo
1842 1543 1983 1573 omnes
1996 1530 2034 1572 δι
2049 1530 2228 1588 singulos

1244 1589 1284 1631 in
1304 1590 1382 1630 hoc
1407 1586 1695 1643 delinquentes
1708 1615 1723 1638 ‚
1753 1587 1831 1632 five
1865 1590 2107 1645 Superiores
2139 1590 2229 1632 Re·

1245 1648 1430 1704 gulares,
1447 1645 1524 1691 five
1542 1647 1771 1704 Regulares
1789 1648 1840 1692 ad
1855 1648 2034 1692 Ordines
2057 1661 2228 1706 promo-

1246 1719 1311 1751 tos
1324 1735 1340 1759 ‚
1374 1705 1453 1753 sure
1485 1709 1697 1750 Antistites
1709 1737 1726 1759 ‚
1742 1708 1809 1764 qui
1825 1722 1892 1751 eos
1905 1707 2188 1752 ordinaverint
2203 1733 2220 1757 ‚

1244 1766 1268 1810 ἑ
1285 1765 1601 1823 quibuscumque
1618 1766 1822 1810 sententiis
1835 1797 1849 1818 ‚
1871 1766 2050 1809 censuris
2066 1797 2081 1818 ,
2097 1768 2139 1809 δι
2156 1779 2227 1823 pe·-

1248 1828 1306 1869 nis
1329 1823 1617 1868 Ecclcfiasticis
1631 1854 1645 1877 ‚
1659 1840 1758 1883 quas
1774 1828 1848 1870 hac
1864 1827 1918 1870 de
1945 1823 2061 1868 caula
2080 1825 2221 1880 respe-

1246 1884 1353 1927 &ive
1377 1885 1548 1926 antehac
1567 1884 1837 1937 incurrerint,
1863 1882 2221 1942 quibusqueinno-

1245 1944 1331 1986 dati
1347 1942 1476 1985 forsan
1491 1944 1658 1987 existant
1675 1972 1689 1995 ‚
1703 1944 1954 1987 auctoritatis
1972 1945 2113 1987 nossrae
2132 1942 2222 2000 ple-

1246 2002 1499 2054 nitudine,ac
1514 2003 1565 2044 de
1582 2003 1813 2058 Apostolica
1833 2002 2227 2059 benignitate,teno·

1245 2075 1289 2105 re
1307 2060 1557 2117 praestntium
1573 2061 1818 2106 absolvimus
1832 2089 1846 2112 ‚
1859 2063 1899 2104 δι
1914 2057 2123 2104 absolutos
2138 2058 2218 2104 eise

1243 2123 1284 2165 &
1300 2118 1455 2164 censeri
1471 2122 1725 2164 decernimus
1738 2151 1755 2174 ,
1782 2123 1823 2164 &
1837 2135 1929 2164 cum
1944 2119 2084 2164 iisdem
2098 2119 2225 2177 supet·

1246 2194 1501 2238 quacumque
1527 2180 1830 2236 irregularitate
1854 2195 1927 2238 per
1947 2193 2018 2223 eos
2052 2178 2186 2223 forsan
2202 2206 2221 2231 ‚

1246 2238 1363 2283 causa
1376 2241 1417 2282 δι
1430 2241 1644 2282 occafione
1659 2239 1860 2296 praemiflis
1874 2268 1890 2293 ,
1903 2238 2222 2298 quomodolibet

1246 2302 1455 2342 contracta
1473 2325 1489 2348 ,
1512 2298 1562 2341 ad
1579 2312 1720 2342 omnes
1741 2301 1865 2343 etiam
1890 2298 2025 2341 sacros
2041 2299 2080 2340 δι
2099 2300 2221 2342 Pres-

1249 2358 1460 2414 byteratus
1474 2357 1675 2410 Ordines,
1692 2371 1920 2417 eorumque
1949 2356 2190 2401 exercitium
2206 2380 2222 2405 ,

1249 2427 1370 2474 atque
1382 2417 1434 2460 ad
1457 2417 1594 2460 omnia
1608 2418 1649 2460 δι
1663 2415 1815 2473 lingula
1833 2429 1978 2461 eorum
1997 2414 2222 2472 respeetivie

1250 2476 1511 2533 Religionum
1527 2489 1719 2527 munera,
1745 2477 1831 2535 pari
1858 2477 2108 2520 auetoritatis
2132 2473 2224 2532 ple-

1248 2536 1435 2579 nitudine
1447 2534 1715 2591 dispensamus
1727 2564 1739 2577 .
1760 2538 1822 2579 De
1832 2546 1980 2579 coetero
1996 2545 2131 2577 tamen
2162 2534 2226 2575 in·

1248 2591 1476 2650 frascriptas
1491 2593 1604 2648 leger
1631 2594 1877 2649 inposterum
1902 2595 2070 2636 omnino
2084 2589 2226 2637 obser·

1248 2652 1400 2694 sanda·
1418 2678 1436 2700 ,
1451 2655 1570 2693 Motu
1587 2650 1760 2707 proprio
1777 2678 1791 2700 2
1803 2652 1845 2693 δι
1857 2663 1907 2695 ex
1923 2662 2037 2695 certa
2050 2648 2218 2692 scientia

1245 2708 1377 2751 nostra
1396 2737 1410 2761 ,
1423 2720 1471 2749 ac
1491 2719 1647 2752 matura
1672 2708 1972 2753 deliberatione
1999 2706 2190 2768 premissa
2206 2736 2223 2760 ,

1243 2766 1443 2810 edicimus
1459 2777 1581 2823 atque
1599 2767 1809 2811 statuimus
1825 2795 1839 2810 .

1332 2827 1606 2886 Qaecumque
1624 2826 1811 2870 nimirum
1830 2826 1905 2874 hac
1918 2826 1957 2871 in
1974 2838 2017 2870 re
2032 2825 2056 2870 a
2077 2822 2221 2882 pra-fa-

1244 2885 1294 2928 tis
1310 2882 1666 2928 Praedecetsoribus
1685 2886 1827 2929 nollris
1842 2885 2053 2943 Gregorio
2069 2886 2128 2928 xt
2135 2885 2211 2935 11„

1244 2945 1427 2986 Sixtov.
1445 2970 1461 2994 ,
1486 2942 1704 2988 Clemente
1725 2945 1846 2988 vm.
1861 2970 1876 2995 ,
1903 2947 1944 2989 δι
1970 2943 2216 2989 Innocentio

1247 3004 1367 3047 xm.
1382 3029 1397 3054 ‚
1418 3000 1456 3045 in
1475 3001 1730 3059 supracitatis
1746 3003 1917 3061 ipsorum
1939 3002 2092 3048 litteris
2106 3031 2122 3056 ,
2153 2999 2220 3046 feu

1249 3061 1437 3106 Decretis
1451 3090 1466 3114 ‚
1485 3061 1629 3107 statuta
1643 3091 1657 3115 ,
1671 3063 1861 3107 mandata
1875 3090 1890 3115 ‚
1911 3062 2082 3108 definita
2098 3072 2221 3119 atque

1249 3122 1395 3166 sancita
1412 3118 1573 3165 fuerunt
1588 3146 1604 3171 ‚
1618 3136 1665 3165 ea
1681 3123 1817 3165 omnia
1839 3124 1880 3167 δι
1895 3121 2043 3180 singula
2060 3150 2076 3175 ‚
2089 3133 2225 3173 motu,

1248 3179 1411 3225 scientia
1427 3208 1442 3231 ,
1457 3181 1497 3223 ἃ
1510 3181 1717 3238 potestatis
1744 3182 2001 3239 plenitudine
2027 3180 2221 3239 prestiti&

1247 3239 1467 3284 earundem
1489 3241 1743 3297 presentium
1771 3241 1895 3292 serie,
1910 3239 2215 3287 confirmamus,

1247 3304 1487 3343 roboramus
1501 3328 1516 3352 ‚
1529 3300 1570 3343 ee
1585 3300 1851 3356 innovamua;
1882 3310 2006 3358 atque
2023 3299 2074 3343 ab
2085 3298 2222 3345 omni·

1244 3359 1335 3410 bus,
1351 3356 1402 3401 ad
1425 3371 1526 3416 quoa
1541 3357 1689 3415 spectat
1704 3387 1719 3413 ,
1734 3357 1801 3404 seu
1815 3361 2154 3418 quandocumque
2169 3358 2212 3402 in

1245 3415 1428 3461 futurum
1453 3415 1670 3475 spessabit,
1694 3418 1986 3463 inviolabiliter
2010 3415 2220 3461 observari

1245 3477 1495 3533 precipimur
1509 3478 1547 3520 δι
1563 3475 1908 3534 jubemu23Trans
1925 3473 2091 3521 ressores
2104 3490 2215 3536 quo·

1245 3550 1324 3592 quc
1345 3536 1531 3581 omnibus
1547 3540 1677 3593 poenis
1691 3537 1731 3581 in
1752 3536 1885 3595 proeml
1915 3549 1949 3579 n
1974 3535 2213 3589 contentia,

1247 3594 1343 3637 aliis
1363 3611 1411 3640 uc
1428 3611 1499 3654 per
1522 3596 1771 3653 Apostolleaa
1797 3594 2145 3649 constitutiones,
2171 3595 2214 3638 ἃ

1248 3669 1318 3711 per
1333 3611 1465 3698 iiacros
1482 3657 1676 3700 canones
1690 3652 1780 3698 latis
1791 3663 1910 3709 atque
1928 3653 2102 3709 statutis,
2122 3665 2220 3699 cum

1248 3712 1386 3758 effectu
1403 3713 1603 3770 subjacere
1615 3742 1629 3766 ‚
1642 3711 1786 3769 easque
1803 3712 1884 3769 ipso
1897 3712 2000 3758 lireio
2013 3715 2054 3758 dt
2065 3714 2216 3771 absque

1245 3774 1381 3832 aliqua
1394 3772 1668 3819 declaratione
1695 3773 1898 3818 inccrrere
1922 3774 2216 3826 decernimus}

2076 3834 2154 3878 Su·
