2444 4192
775 181 936 265 Sub
996 186 1307 271 Urbano
1375 186 1467 272 V
1480 183 1637 268 III.

255 332 1211 476 ³“fissss‘ssz‘ssnziffzss'ss‘ffiss‘tssffii0335ss

322 478 407 526 tim
436 475 494 526 ad
526 475 742 527 Sanstum
762 471 990 525 Officium
1019 479 1206 546 Inquisi-

318 547 459 597 tionis
483 546 805 615 pertinentium
820 542 983 604 ,semel
1009 548 1054 596 in
1068 566 1206 606 anno,

316 617 365 669 id
393 616 473 677 est,
487 615 596 671 feria
609 614 729 667 sexti
741 613 839 685 post
859 615 1093 668 Ostavam
1123 615 1207 668 As-

321 685 593 757 sumptionis
618 692 672 740 Β.
690 691 749 740 V.
768 688 928 737 Mariae
958 689 1003 736 in
1022 686 1205 756 publica

319 756 481 810 Mensa
509 760 584 811 vel
600 761 671 811 Ca
706 758 819 809 itulo
835 754 1086 827 specialiter
1101 775 1206 808 con-

322 843 489 880 vocato
520 828 613 882 διο.
659 775 758 879 iiior
788 827 1045 899 Religiosos
1082 846 1207 880 com-

317 913 537 950 moneant
562 936 577 959 ,
613 896 694 950 sub
728 900 874 967 poenis
900 898 1119 958 mandat,
1155 918 1207 950 ac

321 973 518 1022 Decreta
529 969 577 1023 δι
591 967 952 1023 Constitutiones
968 969 1208 1040 specificat.

318 1097 436 1142 feria
451 1111 488 1141 v·
503 1099 581 1142 Die
594 1110 645 1141 xt
656 1112 693 1142 v.
710 1097 865 1156 Aprilis
877 1112 1130 1146 mncxxxnt.

243 1212 299 1266 In
326 1214 522 1266 Generali
551 1215 877 1283 Congregatione
902 1218 1061 1268 SanHae
1089 1217 1209 1282 Ro-

309 1302 438 1335 manae
465 1321 483 1345 ,
517 1286 573 1333 &¹
601 1284 879 1351 Univetfilis
917 1285 1207 1355 Inqufitionis

310 1353 458 1407 habita
490 1357 536 1404 in
564 1353 732 1406 Palatio
764 1353 1004 1422 Apostolico
1031 1354 1205 1407 Montis

313 1425 564 1493 ,Quirinalis
592 1442 726 1475 coram
747 1423 1004 1492 SaenHiffi'mo
1031 1425 1206 1478 Domino

317 1495 498 1563 Rostro
512 1494 691 1545 Domino
710 1494 907 1554 Urbano,
924 1496 1099 1547 Divina
1107 1510 1208 1564 pro·

315 1567 514 1618 ‘videntia
535 1565 666 1632 ‘Papa
690 1562 826 1616 VIII.
830 1602 847 1626 ,
865 1585 912 1615 ac
928 1565 1211 1633 Eminentiffi-

314 1641 392 1686 mis
404 1672 421 1694 ,
435 1642 490 1686 ἅθ’
507 1635 884 1701 Reverendifflmis
896 1636 1092 1686 Dominis
1105 1635 1208 1687 San-

313 1707 385 1757 He
403 1705 599 1755 Romane
619 1704 804 1773 Ecclqfi'ae
831 1705 1127 1756 cardinalibus
1139 1708 1208 1756 ad·

311 1776 460 1843 versia:
489 1776 722 1826 haereeicaem
738 1780 1005 1842 pravitatem
1035 1775 1208 1845 Inquifi-

312 1846 470 1897 toribus
501 1846 773 1897 Generalibus
822 1850 849 1897 ἆ
881 1846 1033 1897 SanHa
1065 1847 1208 1902 Sede„

315 1915 808 1987 Apoflolicaspeciaelieer
818 1918 1029 1987 deputatis
1051 1954 1065 1969 .

333 2033 581 2080 Auctiffimus
603 2035 800 2080 Dominus
824 2035 972 2080 Noster
995 2033 1134 2078 sedulo
1150 2034 1210 2077 in-

348 2096 540 2139 cumbens
555 2122 569 2146 ,
587 2104 635 2138 ut
657 2109 703 2138 ea
717 2124 731 2147 ‚
747 2108 832 2152 quae
858 2093 1067 2138 salubriter
1093 2096 1210 2150 Apo-

248 2153 397 2199 stolicis
414 2153 596 2197 Decretis
611 2182 625 2206 ‚
647 2155 687 2196 δι
707 2152 1075 2196 Constitutionibus
1089 2152 1210 2194 statn-

248 2221 288 2255 ta
300 2213 338 2254 &
352 2210 541 2254 ordinata
560 2209 666 2262 funt,
685 2211 917 2266 proesertim,
931 2224 1017 2266 quae
1041 2209 1091 2251 ad
1108 2214 1207 2253 San-

246 2270 352 2317 ctum
366 2267 553 2312 Officium
582 2268 851 2328 lnquifitionis
878 2278 1023 2313 contra
1053 2268 1208 2310 haereti·

245 2325 1208 2431 2222.-82:13⁸:‘3255532522’633232222351

508 2415 522 2438 θ

245 2446 451 2490 cntionem
467 2473 483 2497 ,
495 2444 672 2491 districte
687 2445 849 2490 mandet
864 2446 905 2487 δι
919 2445 1097 2502 praecipit
1112 2457 1126 2486 ε
1156 2450 1204 2489 ut

245 2517 383 2549 omnes
411 2505 651 2560 Superiores
682 2504 850 2563 cujustis
863 2503 1060 2556 Ordinis,
1088 2503 1203 2547 Con-

244 2563 494 2621 gregationis
509 2590 523 2614 ,
556 2564 769 2607 societatis
784 2590 799 2615 ‚
826 2563 949 2607 etiam
973 2560 1026 2606 de
1044 2561 1203 2606 neceffi·

242 2631 329 2665 tate
343 2620 609 2678 exprimenda
625 2621 837 2681 Regularis
852 2651 867 2675 ,
878 2629 947 2665 aut
961 2619 1129 2678 cujusvis
1142 2620 1202 2664 al·

243 2679 369 2726 terius
381 2679 557 2724 Instituti
570 2707 586 2732 ,
611 2680 733 2738 etiam
750 2681 1007 2738 quantumvis
1025 2680 1202 2735 exempti

244 2739 287 2781 δι
313 2735 583 2792 privilegiati,
611 2746 827 2781 teneantur
847 2737 916 2782 sub
930 2751 1052 2792 poena
1066 2739 1201 2793 privs-

246 2794 369 2839 tionis
398 2793 522 2838 officii
535 2822 553 2845 ,
576 2808 623 2837 ac
641 2797 750 2839 vocis
769 2795 902 2839 ae'tivn
921 2796 962 2838 δι
976 2794 1124 2852 paffivae
1140 2796 1201 2851 ip-

250 2847 294 2896 so
319 2851 424 2895 facto
445 2851 685 2897 incurrenda
697 2881 711 2904 ,
727 2851 890 2910 aliifijue
918 2853 1089 2897 arbitrio
1102 2853 1203 2897 San-

245 2910 395 2955 &itstis
407 2911 493 2953 Suae
518 2910 776 2966 infligendis,
802 2910 842 2955 in
873 2919 1111 2967 perpetuum
1143 2911 1203 2955 se·

246 2968 331 3013 mel
351 2968 491 3013 saltem
503 2968 545 3011 in
571 2981 678 3014 anno
693 2997 708 3021 ‚
721 2969 818 3014 idest
833 2996 848 3020 ,
870 2967 970 3014 feria
991 2969 1100 3015 sexta
1115 2971 1201 3027 post

247 3030 440 3073 oetavam
468 3023 753 3083 Affumptionis
770 3029 897 3074 Beata
910 3031 1044 3072 Mariae
1062 3030 1200 3086 Virgi-

245 3088 308 3132 nis
322 3089 361 3130 in
402 3085 536 3129 ublica
548 3088 700 3136 mensa,
718 3089 782 3131 vel
800 3088 838 3129 in
850 3089 911 3130 Ca
941 3087 1041 3131 itulo
1055 3087 1106 3130 ad
1123 3091 1199 3131 hoc

247 3101 470 3208 specialiter
493 3156 751 3191 convocato:
783 3148 837 3188 Et
866 3145 904 3186 in
924 3159 1022 3201 uper
1037 3148 1076 3188 in
1100 3161 1200 3204 quo-

249 3218 415 3261 cumque
447 3205 666 3256 Generali,
696 3220 744 3249 ac
760 3203 1003 3248 Provinciali
1029 3206 1198 3262 Capitu-

250 3261 319 3317 lo,
330 3266 548 3308 Conventa
563 3291 577 3315 ,
599 3265 720 3308 Dicta
735 3293 749 3316 ,
781 3262 845 3307 vel
860 3262 943 3305 alio
958 3263 1101 3319 quovis
1124 3277 1199 3306 no-

251 3321 354 3366 mine
374 3331 608 3378 nuncupato
622 3322 848 3380 Capitulari
864 3318 1100 3377 Congreffu,
1111 3320 1199 3365 {iios

253 3377 426 3423 subditos
440 3409 455 3433 ‚
472 3395 517 3423 ac
535 3380 760 3437 Religiosos
785 3394 1044 3424 commonere
1063 3380 1114 3422 de
1136 3383 1198 3423 in-

251 3437 378 3492 juncta
389 3439 570 3482 omnibns
585 3439 835 3485 observantis
848 3440 891 3480 δι
900 3439 1198 3485 execution&

252 3495 472 3538 earundem
486 3498 803 3554 Apostolicarum
817 3498 1200 3542 Constitutionnma

253 3554 294 3595 &
318 3552 583 3600 Decretorum
599 3585 614 3609 ,
634 3558 684 3601 ad
713 3560 904 3603 Sanctum
919 3556 1104 3600 Officium
1131 3559 1200 3599 In-

253 3610 470 3667 quifitionis
489 3614 677 3660 adversus
702 3617 932 3660 haereticam
960 3616 1201 3672 pravitatem

252 3669 536 3726 pertinentium
549 3699 563 3723 ,
587 3688 633 3719 ae
646 3675 885 3732 praesertim:

377 3729 471 3784 Julii
491 3731 569 3772 111.
597 3735 817 3779 constitut.
845 3749 910 3778 xt.
941 3734 1062 3790 incip.
1091 3735 1199 3778 Licet

253 3787 279 3830 d
293 3786 450 3887 diva-{fis
462 3813 474 3827 ·
486 3790 638 3888 {Ilontra
651 3791 910 3849 impedientes
939 3792 1197 3851 Inquifitores

403 3859 474 3887 om.
532 3873 544 3886 .

1992 222 2154 299 401

1271 343 1459 387 haereticae
1472 340 1680 396 pravitatis
1695 339 1733 381 in
1746 351 1886 380 eorum
1900 342 2047 385 Officio
2058 374 2073 396 ,
2098 361 2166 392 aut
2183 353 2224 393 fn

1269 399 1392 444 caulis
1418 398 1686 452 Inquifitionis
1715 395 1754 436 se
1781 396 2038 450 ingerentes,
2067 416 2227 448 eorum.

1268 470 1346 514 qne
1358 455 1576 510 complices
1603 456 1642 495 &
1671 451 1869 497 fautores:
1899 457 1952 497 Et
1966 469 2110 499 contra
2124 462 2227 514 ipsos

1267 512 1529 569 Inquifitores
1548 511 1810 554 admittentes
1841 512 1966 555 laicos
1982 515 2032 556 ad
2047 519 2228 561 criminis

1266 570 1417 617 hoerefis
1442 569 1740 625 cognitionem.
1769 571 1820 612 Et
1846 571 1906 613 Pii
1923 572 1975 613 V.
2005 573 2228 618 Constitut-

1266 633 1332 673 82.
1366 629 1490 684 incip.
1521 631 1565 669 Sl
1575 628 1619 670 de
1636 629 1907 685 protegendis.
1938 632 2095 674 Contra
2118 632 2227 675 occi-

1265 689 1408 732 dentes
1421 714 1437 740 ,
1451 688 1706 732 verberantes
1721 717 1735 740 ,
1750 688 1990 744 dejicientes
2003 718 2019 741 ‚
2049 699 2118 733 aut
2134 704 2226 746 per-

1265 746 1566 792 terrefacientes
1580 749 1763 802 quemvis
1788 761 1838 789 ex
1853 748 2040 791 Ministris
2055 746 2228 792 Sanctis-

1267 806 1352 850 fimi
1365 804 1497 848 officii
1513 805 1815 863 Inquifitionis,
1840 809 1903 850 vel
1932 806 2225 863 Episcoporum

1267 868 1308 910 id
1335 879 1475 908 munus
1507 864 1550 907 in
1575 863 1640 907 sua
1669 864 1845 910 Dioecefi
1874 891 1890 914 2
1913 866 1976 911 vel
2008 866 2224 910 Provincia

1266 924 1504 969 obeuntium
1520 951 1535 977 ,
1565 921 1631 966 feu
1657 923 1969 975 accusatorem,
1992 926 2228 968 Denuncia·

1267 995 1398 1028 torem
1411 1010 1426 1033 ,
1439 990 1509 1026 aut
1527 981 1686 1024 Testem
1701 1008 1716 1032 ,
1748 984 1787 1025 in
1801 981 1916 1024 eausa
1948 981 2038 1026 fidei
2055 996 2226 1040 quomo·

1266 1044 1497 1099 documque
1510 1041 1750 1098 productum
1763 1070 1779 1094 ,
1795 1040 1858 1084 vel
1874 1051 2094 1086 evocatum
2106 1056 2120 1085 ε
2136 1057 2230 1085 nec·

1264 1116 1345 1146 non
1365 1110 1510 1146 contra
1535 1100 1801 1158 diripientes,
1831 1111 2108 1157 expugnantes
2126 1128 2140 1153 ,
2170 1102 2231 1142 in·

1268 1160 1460 1206 vadentes
1474 1189 1489 1213 ,
1507 1160 1768 1204 incendentes
1781 1190 1798 1211 ,
1812 1158 2038 1216 expilantes
2050 1186 2065 1210 ,
2096 1159 2232 1203 aliove

1267 1229 1528 1277 exportantes
1545 1218 1713 1276 alicujus
1728 1219 2011 1277 praedictorum
2036 1219 2142 1263 bona
2158 1243 2174 1266 2
2188 1216 2234 1259 li-

1267 1280 1360 1321 bros
1376 1308 1391 1330 ‚
1421 1278 1581 1321 litteras
1594 1306 1610 1331 ,
1635 1279 1903 1323 auctoritates
1918 1308 1931 1332 ,
1956 1276 2205 1333 exemplaria
2217 1299 2233 1324 ‚

1266 1336 1422 1390 regesta
1435 1363 1449 1386 ,
1464 1336 1699 1392 protocolla
1714 1365 1731 1388 ,
1751 1337 1935 1392 exempla
1950 1363 1965 1385 ‚
1990 1336 2207 1391 scripturas
2219 1359 2236 1384 2

1266 1393 1399 1437 aliave
1426 1392 1716 1445 instrumenta,
1740 1394 1820 1436 five
1848 1393 2037 1449 publica,
2065 1392 2145 1435 five
2161 1389 2238 1446 pri·

1268 1460 1362 1495 vata
1379 1478 1394 1503 ,
1418 1450 1661 1507 ubicumque
1687 1450 1839 1506 pofita,
1868 1465 2094 1507 eorumque
2123 1463 2238 1493 com-

1267 1509 1395 1568 plices
1417 1510 1454 1551 &
1478 1507 1659 1554 fautores
1683 1522 1697 1554 z
1732 1511 1772 1553 &
1799 1520 1944 1554 contra
1971 1509 2237 1567 effringentes

1269 1580 1478 1611 carcerem
1509 1567 1573 1609 vel
1597 1568 1821 1611 custodiam
1835 1569 2039 1623 publicam
2073 1569 2136 1612 vel
2154 1567 2238 1624 pri·

1274 1635 1407 1670 vatam
1434 1654 1450 1678 ,
1479 1625 1739 1669 extrahentes
1773 1626 1839 1669 vel
1870 1629 2099 1672 emittentes
2133 1630 2238 1669 Vin·

1271 1688 1404 1735 Qum,
1434 1684 1696 1741 prohibentes
1711 1685 1951 1741 capiendum
1968 1714 1983 1738 ‚
2012 1696 2237 1744 captumve

1267 1743 1490 1800 eripientes
1502 1773 1518 1794 ,
1531 1743 1773 1799 recipientes
1785 1773 1799 1796 ,
1812 1743 2053 1788 occulentes
2067 1772 2082 1794 ,
2095 1742 2159 1786 fen
2174 1741 2235 1785 fa-

1268 1804 1466 1847 cultatem
1494 1800 1899 1859 effugiendidantes‚
1925 1801 1989 1845 seu
2014 1803 2055 1845 id
2073 1801 2157 1846 fieri
2173 1800 2238 1859 ju-

1269 1862 1439 1909 bentes,
1465 1873 1688 1913 eorumque
1716 1862 1940 1914 complices
1966 1859 2007 1901 8ι
2028 1857 2238 1914 fautores,

1266 1921 1387 1963 etiam
1406 1917 1543 1963 effectu
1560 1930 1643 1960 non
1663 1914 1831 1960 secuto:
1862 1916 2093 1960 nullatenus
2110 1930 2237 1960 excu-

1267 1977 1434 2027 sandos,
1455 1975 1523 2018 nifi
1548 1975 1678 2016 claras
1704 1976 1991 2019 tantummodo
2018 1976 2234 2032 probatio·

1268 2049 1337 2080 nes
1364 2036 1403 2076 in
1428 2032 1679 2075 contrarium
1706 2033 1957 2075 adducentes
1979 2046 1993 2076 ς
2020 2035 2061 2076 δι
2088 2044 2235 2078 contra

1270 2090 1568 2136 intercedentes
1583 2103 1661 2146 pro
1673 2088 1846 2146 praefatis
1869 2090 2227 2146 delinquentibuse

1271 2152 1436 2198 lnflie'tis
1470 2159 1612 2193 contra
1648 2149 1875 2206 quemlibet
1909 2149 2233 2206 praedissorum

1269 2211 1400 2267 poenis
1416 2239 1431 2260 ,
1443 2222 1529 2264 quoe
1548 2207 1747 2252 damnatis
1773 2221 1822 2251 ex
1836 2208 1973 2265 primo
1984 2208 2120 2265 capite
2136 2208 2234 2264 legis

1264 2268 1379 2329 Juliae
1401 2267 1620 2323 Maiestatis
1638 2295 1654 2319 ‚
1674 2280 1900 2324 eorumque
1935 2266 2027 2311 filiis
2052 2268 2234 2324 irrogaog

1269 2339 1358 2372 tur:
1372 2328 1412 2369 δι
1424 2326 1562 2369 oblata
1594 2325 1883 2370 Revelantibus
1897 2326 2141 2383 impunitate
2158 2356 2171 2369 .

1388 2386 1449 2431 Pii
1479 2386 1553 2427 lv.
1580 2384 1802 2427 Constitui.
1823 2398 1892 2441 3¹·
1919 2386 2050 2440 incip.
2085 2389 2229 2433 Cum..

1264 2444 1362 2490 licut
1373 2454 1496 2500 nuper
1507 2472 1518 2486 .
1535 2447 1697 2487 Contra
1711 2442 1953 2488 Sacerdotes
1967 2470 1982 2493 ‚
1997 2444 2068 2501 qui
2091 2444 2234 2488 Poeni-

1264 2513 1396 2548 tentcs
1413 2502 1606 2547 Mulieres
1638 2504 1679 2546 in
1692 2505 1779 2545 actu
1794 2501 2105 2546 sacramentalis
2118 2504 2226 2546 Con-

1265 2561 1435 2606 fellionis
1460 2561 1510 2604 ad
1534 2561 1763 2604 inhonestos
1789 2564 1899 2604 astus
1927 2573 2151 2619 provocare
2183 2561 2225 2602 δι

1263 2622 1427 2667 allicere
1444 2622 1653 2664 tentant&
1668 2620 1908 2663 sollicitant.
1929 2622 1980 2662 Et
1995 2619 2225 2674 Greg.XV.

1259 2680 1555 2736 constitut-34
1570 2681 1691 2734 incip.
1709 2678 1893 2732 Universt
1906 2678 2106 2721 Dominici
2125 2679 2226 2719 Gre-

1256 2743 1319 2797 gis
1331 2751 1348 2792 3
1361 2740 1603 2793 ampliativae
1617 2739 1724 2781 circa
1740 2737 1855 2797 hujus
1876 2736 2059 2780 criminis
2080 2738 2227 2793 proba*

1260 2800 1410 2850 tiones,
1419 2799 1460 2842 δι
1473 2799 1683 2841 extenlivae
1694 2808 1836 2841 contra
1849 2794 2139 2844 Confeffarios‚
2154 2795 2226 2852 qui

1261 2854 1447 2912 personas
1470 2856 1742 2912 (quaecunque
1761 2856 1841 2898 illae
1859 2854 1971 2911 fint)
1990 2855 2041 2897 ad
2063 2857 2228 2899 inhone-

1262 2915 1313 2958 sta
1326 2939 1342 2963 ‚
1356 2912 1436 2958 five
1456 2913 1559 2958 inter
1574 2912 1612 2955 se
1624 2942 1639 2964 ‚
1652 2912 1731 2953 sive
1747 2926 1837 2955 cum
1856 2911 1971 2963 aliis,
1986 2912 2221 2968 quomodo*

1262 2973 1363 3016 libet
1375 2972 1643 3028 perpetranda
1655 2970 1697 3013 in
1706 2970 2110 3015 aetuSacramentalis
2124 2984 2225 3012 con-

1261 3028 1433 3074 feffionis
1450 3059 1466 3083 ‚
1493 3033 1573 3074 five
1587 3039 1682 3072 ante
1700 3057 1715 3082 ,
1743 3026 1822 3072 five
1838 3027 1927 3083 post
1957 3027 2220 3082 immediate,

1260 3088 1329 3134 scu
1353 3088 1593 3140 occfflone,
1623 3086 1686 3130 vel
1714 3095 1908 3143 praetextu
1935 3084 2190 3130 confeslionis
2208 3115 2223 3138 ‚

1260 3148 1324 3191 vel
1354 3158 1467 3190 extra
1484 3146 1734 3191 occafionem
1760 3143 2013 3189 confeffionis
2037 3147 2077 3190 in
2104 3149 2220 3189 Con-

1259 3206 1486 3251 seffionario
1500 3236 1516 3259 ‚
1543 3214 1614 3250 aut
1629 3205 1709 3248 alio
1722 3205 1762 3246 in
1790 3204 1885 3249 loco
1912 3204 1962 3247 ad
1978 3204 2219 3249 audiendam

1257 3265 1551 3311 Confeffionem
1568 3266 1700 3308 cleflo
1716 3290 1730 3312 a
1747 3258 1967 3307 sollicitare
1994 3264 2056 3307 vel
2073 3276 2218 3321 provo-

1256 3340 1350 3369 care
1371 3326 1643 3375 tentaverint,
1666 3332 1735 3367 aut
1757 3335 1850 3364 cnm
1879 3322 1960 3366 illis
1979 3322 2149 3367 illicitos
2173 3322 2214 3363 δε

1260 3384 1487 3428 inhonestos
1502 3383 1699 3428 sermones
1712 3411 1728 3433 ,
1748 3382 1827 3423 sive
1858 3384 2048 3424 tractatus
2062 3382 2215 3425 habue-

1259 3445 1341 3488 rint
1355 3472 1367 3485 .
1383 3445 1438 3486 Et
1449 3453 1592 3487 contra
1603 3437 1876 3485 Confeffarios
1906 3454 1986 3482 non
2002 3449 2207 3484 monentes

1258 3516 1326 3547 eos
1339 3531 1354 3554 ‚
1365 3516 1464 3558 quos
1478 3503 1608 3545 sciunt
1621 3500 1671 3541 ab
1683 3500 1772 3542 aliis
1784 3493 2040 3543 Confelsariis
2055 3498 2205 3542 sollici-

1260 3569 1366 3604 tatos
1392 3558 1467 3603 eise
1480 3586 1495 3608 s
1516 3570 1561 3602 ut
1575 3557 1881 3614 Inquifitoribus
1896 3558 1962 3601 vel
1979 3557 2208 3602 Ordinariis

1260 3619 1521 3662 sollicitantes
1539 3617 1783 3662 denuncient
1799 3646 1815 3669 ,
1830 3616 1893 3660 vel
1917 3618 2109 3662 docentes
2137 3628 2206 3656 eos

1259 3678 1309 3721 ad
1327 3679 1382 3721 ita
1394 3677 1713 3720 denunciandum
1727 3690 1804 3720 non
1818 3678 1945 3720 teneri
1955 3706 1968 3721 .

1371 3737 1559 3792 Gregorii
1586 3737 1704 3780 x111.
1730 3735 1950 3780 Constitut.
1983 3750 2050 3781 21.
2079 3731 2203 3794 incip·

1261 3795 1385 3853 Officia·
1399 3796 1518 3852 nessrt'
1525 3805 1660 3852 partes
1674 3824 1685 3837 .
1707 3797 1769 3838 De
1778 3793 2202 3887 jurisdictiones-loqu?

1682 3855 1716 3897 E
1728 3867 1751 3894 e
1763 3868 1785 3895 e
2065 3858 2147 3888 ito-
