2444 4192
787 154 948 237 Sub
1010 156 1357 270 Gregorio
1417 149 1619 237 XV.

1973 153 2132 263 365

219 309 279 360 A’
314 316 584 370 quocunque
609 298 850 351 Sacerdote
865 337 880 359 ,
902 318 982 352 aut
1011 310 1168 374 Regu·
1227 302 1502 348 ministrentur
1524 295 1802 342 Ecclefiastica
1817 300 2110 356 Sacramenta3
2142 316 2197 349 at.

282 375 366 424 lari
391 387 601 439 exempto
629 368 922 422 confeffiones
938 407 954 429 ,
983 372 1063 423 nili
1089 379 1169 426 Pa.

282 443 479 493 rochiale
497 440 763 494 beneficium
779 441 958 498 habeat,
971 457 1051 492 aut
1064 444 1174 495 alias

282 512 340 564 ab
355 511 580 582 Episcopo
597 513 672 565 vel
685 529 765 580 per
779 528 991 570 examen,
1005 514 1082 562 vel
1095 528 1176 578 per

281 584 411 634 aliud
429 584 687 635 idoneitatis
710 582 936 648 judicium
958 579 1177 650 approba-

282 670 357 706 tus
381 654 450 715 sit,
464 654 612 707 audiri
628 668 774 708 vetat:
791 654 1062 722 Regulares,
1078 652 1175 719 qui-

284 726 368 777 bus
386 744 495 777 cura
511 728 764 778 animarum
791 725 1000 774 imminet
1031 724 1077 772 in
1092 724 1145 772 iis
1160 757 1177 781 ,

281 815 380 866 quae
394 810 496 847 tum
512 796 570 847 ad
587 797 821 856 hanc,tum
844 793 903 845 ad
918 798 1180 846 Sacramen-

279 881 436 919 torum
466 866 900 918 administrationem
918 866 1145 934 pertinent
1159 899 1176 924 ,

283 935 510 1007 Episcopo
537 935 701 989 subeffe
726 937 928 988 declarat
952 956 966 987 ε
995 933 1198 1006 Episco-.

281 1025 366 1077 pos
399 1007 729 1060 conservationi
751 1044 768 1068 ,
805 1010 882 1059 vel
909 1006 1181 1063 restitutioni

278 1081 382 1131 clau
391 1078 505 1131 surae
535 1081 818 1132 Monialium
843 1081 919 1130 vel
951 1078 1179 1130 ordinaria

276 1152 354 1199 vel
368 1150 498 1230 §edis
517 1149 793 1219 Apostolicae
819 1150 1096 1201 austeritate
1115 1152 1179 1200 in·

277 1234 378 1338 illigs'
384 1220 1181 1356 '2‘53‘5'1‘5‘5‘30122‘52¹2:223ss

281 1356 340 1409 ab
356 1355 581 1427 Episcopo
597 1357 958 1408 benedictionem
978 1395 994 1417 ‚
1017 1360 1063 1408 in
1079 1360 1179 1409 aliis

280 1427 396 1480 vero
416 1426 624 1480 Ecclefiis
640 1427 882 1497 praedicare
899 1428 1180 1490 volentibus,

282 1501 377 1560 eius
394 1499 629 1549 licentiam
643 1532 660 1558 ‚
675 1496 790 1550 ficut
803 1495 853 1550 ὅ(
866 1515 950 1568 pro
966 1504 1182 1550 cumani-

282 1586 470 1621 marum
495 1567 545 1622 t&
563 1572 967 1621 sacramentorum
993 1567 1183 1619 admini-

283 1639 500 1691 stratione
515 1640 610 1707 peti
626 1639 830 1689 mandat:
842 1642 1090 1691 Saeculares
1107 1642 1183 1690 vel

281 1709 539 1779 Regulares
553 1707 673 1758 circa
695 1704 908 1758 Personas
922 1709 1039 1761 intra
1061 1707 1185 1777 septa

282 1776 676 1832 Monasteriorum
690 1777 909 1848 degentes
928 1814 945 1839 ,
965 1795 1047 1831 aut
1062 1782 1186 1829 circa

287 1846 544 1900 clausuram
558 1884 575 1908 ,
601 1863 683 1899 aut
708 1848 1185 1903 administrationem..

286 1918 520 1971 bonorum
548 1919 830 1969 Monialium
856 1918 1191 1988 delinquentes,

288 1985 346 2041 ab
364 1988 592 2059 Episcopo
606 2003 823 2057 tanquam
834 1989 1192 2061 SedisApostoli·

289 2078 352 2112 cae
368 2062 600 2130 Delegato
617 2062 768 2129 puniri
793 2057 1007 2111 sancittab
1028 2060 1195 2113 Admi-

290 2129 580 2182 nistrantibus
600 2129 720 2181 bona
731 2132 1011 2181 Monialium
1029 2149 1191 2182 annua·

289 2202 376 2251 tim
394 2198 620 2266 Episcopo
634 2214 742 2247 cum
769 2199 1089 2265 Superioribus
1105 2204 1195 2249 Re-

286 2269 528 2340 gularibus
547 2267 773 2318 rationem
799 2266 901 2317 dari
916 2267 1073 2334 jubet:
1102 2269 1197 2321 Vel

287 2335 551 2404 hujusmodi
565 2335 1199 2398 Administratores,velCou-

295 2407 476 2463 seffores
497 2408 706 2459 amoveri
727 2406 952 2479 Episcopo
965 2422 1197 2469 monente,

291 2479 344 2535 ἀ
375 2478 699 2550 Superioribus
739 2477 788 2527 id
827 2479 1163 2551 negligentibus
1178 2514 1195 2539 ,

293 2568 372 2603 eos
395 2548 452 2602 ab
467 2547 693 2620 Episcopo
721 2552 933 2601 amoveri
963 2550 1196 2620 precipit:

291 2618 576 2692 Episcopum
621 2617 832 2671 elec'tioni
884 2617 1200 2690 Superioriss'a.

294 2709 401 2744 rum
434 2693 513 2742 vel
601 2708 623 2741 r
658 2688 704 2740 se
719 2725 737 2749 ,
768 2692 847 2742 vel
878 2693 1023 2742 alium
1047 2688 1199 2761 prefi-

296 2762 406 2832 dere
419 2794 435 2819 ,
451 2757 503 2812 δι
516 2707 649 2809 abeeo
665 2772 822 2808 contra
851 2763 1103 2832 Regulares
1119 2764 1195 2812 vel

298 2831 392 2885 fine
417 2833 510 2893 ejus
523 2827 836 2878 benedictione
850 2865 868 2888 ,
899 2830 973 2880 vel
994 2827 1086 2879 fine
1102 2835 1197 2892 ejus

303 2900 484 2955 licentia
497 2900 836 2958 concionantes,
850 2901 986 2951 etiam
1003 2917 1086 2972 per
1098 2916 1202 2951 cen-

306 2971 431 3025 suras
443 2967 630 3039 procedi
645 2966 800 3018 statuit
813 3001 829 3019 .

246 3075 735 3159 GR'EGORms
772 3099 1203 3154 EPISCOPUS

434 3220 607 3261 Saevus
637 3214 893 3256 Ssnvoaum
926 3212 1039 3252 Der.

401 3332 474 3376 Aa
487 3338 720 3389 perpetuam
731 3328 791 3373 rei
803 3327 1027 3372 memoriam
1039 3355 1055 3381 ‚

1230 374 1309 416 que
1324 367 1368 397 ut
1396 356 1608 412 virginum
1627 358 1717 396 Deo
1730 350 1933 396 sacrarum
1962 361 2200 404 Monalteria

1232 411 1528 470 diligentiffime
1541 411 1830 462 custodiantur3
1846 414 1883 453 &
1900 414 1987 453 Viri
2004 414 2199 459 affuman-

1234 483 1303 517 tur
1317 470 1454 513 idonei
1470 469 1520 510 ad
1537 469 1830 522 praedicationis
1849 469 2026 511 officium
2041 471 2203 515 salubri-

1233 541 1297 575 ter
1309 527 1592 584 cxequendum
1606 556 1619 569 .
1647 529 1760 570 Sane·
1778 528 2024 570 Tridentinae
2051 531 2203 584 synodi

1235 589 1425 634 Decretis
1449 587 1621 642 provide
1635 599 1797 630 cautum
1814 586 1868 629 cst
1884 615 1900 638 ,
1916 586 2070 629 nullum
2089 590 2206 629 Pres-

1237 650 1452 705 byterum,
1472 647 1594 688 etiam
1621 646 1870 702 Regularem
1885 671 1901 695 ‚
1926 643 2032 701 poffe
2054 645 2207 688 confes-

1238 707 1362 751 fiones
1378 705 1620 748 saecularium
1633 733 1648 758 ,
1662 708 1783 749 etiam
1810 705 2079 750 Sacerdotum
2093 733 2108 756 ,
2139 719 2208 746 au-

1237 766 1355 815 dire,
1378 778 1455 807 nec
1489 764 1538 806 ad
1554 763 1594 808 id
1611 764 1798 808 idoneum
1824 764 2002 822 reputari
2018 793 2031 815 ‚
2057 764 2125 805 nisi
2141 768 2211 804 aut

1236 822 1482 869 Parochiale
1495 822 1739 867 beneficium
1755 826 1897 867 habeat
1911 850 1926 872 ,
1938 832 2009 865 aut
2023 822 2073 863 ab
2096 821 2212 879 Epis-

1236 884 1353 940 copis
1381 896 1454 940 per
1475 897 1640 925 examen
1657 912 1672 935 ,
1698 883 1723 925 fi
1741 883 1819 925 illis
1836 882 2039 927 videbitur
2053 879 2127 924 effe
2142 894 2212 922 ne·

1238 941 1477 993 cessarium,
1493 951 1563 984 sut
1584 942 1683 984 aliis
1705 941 1872 985 idoneus
1904 939 2109 996 judicetur
2129 966 2144 988 ‚
2173 938 2214 980 δι

1241 1002 1572 1060 approbationem
1581 1027 1596 1051 ‚
1612 1015 1696 1058 quae
1713 1002 1838 1057 gratis
1851 1000 1970 1042 detur
1982 1026 1998 1050 ,
2010 998 2205 1042 obtineate

1240 1066 1413 1106 Necnon
1430 1069 1476 1103 ut
1493 1060 1533 1102 in
1549 1060 1797 1105 Monasseriis
1814 1088 1827 1111 ,
1854 1058 1916 1101 seu
1942 1056 2136 1100 Domibus
2151 1057 2213 1096 vi·

1239 1134 1376 1166 rorum
1389 1148 1406 1173 ‚
1429 1120 1494 1162 seu
1507 1118 1722 1163 mulierum
1736 1146 1751 1170 ,
1765 1118 1911 1176 quibus
1932 1116 2113 1160 imminet
2126 1113 2214 1156 ani-

1240 1193 1396 1224 marum
1424 1192 1520 1222 cura
1539 1177 1799 1236 personarum
1817 1175 2060 1221 secularium
2073 1204 2089 1226 ,
2113 1185 2213 1230 prae·

1237 1248 1302 1282 ter
1314 1251 1485 1293 eas,quae
1500 1239 1587 1280 lunt
1606 1237 1659 1281 de
1677 1237 1840 1281 illorum
1859 1232 2214 1282 Monasteriorum,

1238 1296 1307 1338 seu
1321 1297 1508 1339 locorum
1527 1296 1695 1339 Familia
1710 1295 1911 1350 personaes
1927 1304 2008 1336 tam
2031 1290 2215 1347 Regula·

1238 1367 1305 1399 res
1317 1380 1331 1403 ‚
1343 1352 1465 1408 quim
1481 1352 1685 1396 saculares
1700 1351 1899 1409 ejusmodi
1929 1363 2068 1394 curam
2096 1361 2214 1392 exer-

1238 1423 1380 1457 centes
1396 1438 1413 1463 ,
1439 1409 1586 1454 subfint
1602 1411 1831 1455 immediate
1851 1408 1970 1459 iniis,
1985 1423 2071 1465 quae
2085 1407 2135 1451 ad
2151 1404 2215 1449 di·

1239 1474 1346 1516 etam
1358 1483 1498 1514 curam
1510 1498 1526 1522 ,
1537 1472 1579 1513 δι
1592 1476 1943 1515 sacramentorum
1958 1467 2215 1510 administra·

1242 1531 1396 1574 tionem
1409 1529 1617 1584 pertinent
1633 1559 1645 1581 ,
1662 1528 1923 1583 juritdietioni
1941 1554 1956 1577 ‚
1983 1524 2219 1570 visitationi,

1242 1590 1284 1631 δι
1307 1588 1549 1630 correctioni
1569 1587 1754 1643 Episcopi
1780 1615 1796 1639 ,
1838 1588 1878 1628 in
1910 1584 2024 1641 cujus
2047 1580 2221 1626 Dioecesi

1245 1647 1336 1691 sunt
1359 1647 1455 1689 fita:
1478 1648 1662 1702 Itemque
1690 1656 1733 1688 ut
1751 1643 1938 1700 Episcopi
1959 1642 2129 1686 univerfi
2152 1641 2222 1683 sub

1245 1704 1515 1749 obtestatione
1548 1705 1685 1749 Divini
1714 1704 1852 1761 judicii
1879 1732 1894 1756 ,
1918 1703 1959 1745 δι
1985 1702 2219 1745 intermina.

1245 1767 1358 1809 tione
1373 1764 1668 1806 maledictionis
1693 1776 1862 1814 aeternae,
1878 1763 1919 1804 in
1931 1761 2119 1803 omnibus
2135 1761 2226 1801 Μο-

1245 1823 1426 1866 nasteriis
1440 1821 1509 1863 fibi
1523 1822 1707 1874 subjectis
1731 1818 1938 1863 ordinarii
1953 1846 1968 1868 ‚
1988 1819 2026 1860 in
2043 1818 2132 1860 aliis
2154 1830 2226 1858 ve·

1246 1882 1295 1925 τὸ
1310 1879 1427 1925 Sedis
1451 1878 1690 1935 Apostolicae
1706 1879 1946 1921 auctoritate
1961 1876 2223 1916 clausuram

1248 1937 1640 1987 sanctimonialium,
1669 1938 1740 1978 ubi
1768 1936 1920 1977 violata
1954 1931 2075 1974 suerit
2092 1961 2106 1984 ,
2130 1933 2226 1974 dili-

1251 2004 1395 2051 genter
1408 1992 1559 2035 restitui
1572 2022 1589 2046 ,
1601 1995 1643 2036 δι
1655 1992 1724 2035 ubi
1747 1992 1943 2034 inviolata
1958 1990 2013 2032 est
2025 2016 2041 2038 ‚
2066 1992 2224 2033 conser-

1253 2052 1340 2099 vari
1353 2050 1528 2094 maxime
1542 2058 1775 2106 procurent;
1789 2046 2066 2090 inobedientes
2080 2073 2094 2096 ‚
2105 2057 2226 2103 atque

1253 2109 1573 2156 contradicim-es
1606 2122 1678 2165 per
1704 2104 1887 2150 censuras
1911 2103 2226 2152 Ecclefiasticas‚

1255 2167 1429 2222 aliasque
1464 2178 1603 2222 poenas
1627 2195 1644 2217 ,
1680 2179 1919 2222 quacunque
1952 2163 2227 2220 appellatione

1317 2222 1474 2279 stpofita
1485 2253 1500 2275 ,
1512 2223 1836 2279 compescentes:
1864 2227 2012 2278 Atque,
2029 2231 2072 2264 ut
2090 2224 2226 2279 Regu-

1276 2296 1365 2327 ares
1379 2284 1419 2326 in
1435 2281 1623 2326 Ecclefiis
1640 2280 1800 2324 suorum
1822 2282 2022 2326 ordinum
2036 2281 2233 2338 praedica-‘j

1259 2355 1305 2387 re
1319 2341 1503 2385 volentes
1513 2369 1528 2393 ‚
1543 2344 1579 2384 se
1592 2355 1730 2384 coram
1746 2340 1951 2398 Episcopis
1968 2343 2225 2398 praesentare,

1257 2403 1299 2445 δι
1327 2400 1379 2444 ab
1397 2400 1456 2443 eis
1470 2400 1788 2444 benedictionem
1815 2409 1958 2456 petere
1986 2410 2230 2451 teneantur;

1257 2460 1300 2504 in
1316 2458 1504 2504 Ecclesiis
1519 2460 1615 2503 vero
1627 2485 1642 2508 ,
1654 2473 1740 2515 quae
1755 2458 1916 2502 suorum
1929 2459 2130 2500 Ordinum
2146 2470 2227 2499 non

1259 2517 1366 2570 sunt,
1378 2518 1494 2562 nullo
1508 2517 1631 2560 modo
1646 2518 1865 2573 predicare
1880 2515 2022 2574 poffint
2035 2515 2114 2558 fine
2135 2515 2232 2570 Epi-

1261 2575 1370 2631 scopi
1387 2577 1578 2621 licentia:
1593 2576 1901 2621 contradicente
1913 2585 2052 2619 autem
2069 2570 2232 2627 Episco-

1258 2651 1312 2693 po
1324 2664 1339 2688 ‚
1355 2635 1455 2679 nulli
1471 2665 1484 2687 ,
1496 2636 1621 2679 etiam
1638 2637 1675 2678 in
1695 2634 1854 2678 suorum
1878 2633 2077 2678 ordinum
2093 2631 2233 2675 Eccle-

1258 2694 1345 2745 fiis,
1360 2695 1577 2751 predicare
1602 2691 1833 2750 presumant
1846 2724 1859 2738 .
1892 2692 2047 2737 Verum
2060 2692 2154 2748 quia
2166 2703 2234 2732 ex·-

1259 2755 1457 2810 perientia
1470 2763 1729 2809 compertum
1748 2753 1804 2796 eli
1817 2780 1832 2802 ,
1849 2750 2113 2796 Eeclefiastici
2126 2749 2236 2803 regi·

1258 2812 1375 2855 minis
1397 2813 1579 2856 rationes
1608 2810 1836 2865 postulare,
1864 2820 1911 2854 ut
1928 2810 2113 2852 Decretis
2138 2805 2236 2863 ejus.

1258 2869 1374 2913 modi
1393 2868 1551 2923 aliquid
1567 2867 1814 2923 adjungatur
1829 2880 1843 2911 s
1859 2876 2018 2909 matura
2029 2867 2236 2910 delibera·

1263 2926 1381 2971 tione
1402 2927 1568 2975 nostra,
1593 2926 1634 2967 δι
1660 2938 1709 2966 ex
1738 2934 1855 2967 certa
1887 2923 2051 2967 scientia
2073 2952 2089 2974 ,
2110 2937 2156 2965 ac
2182 2922 2234 2966 de

1265 2985 1502 3039 Apostolicae
1515 2982 1724 3041 potestatis
1741 2980 2008 3036 plenitudine,
2024 2982 2097 3023 hac
2113 2993 2235 3036 gene·

1267 3044 1344 3086 rali
1360 3072 1374 3096 ,
1392 3057 1439 3084 ae
1454 3043 1652 3097 perpetuo
1667 3038 1839 3084 valitura
1854 3039 2153 3084 Constitutione
2165 3040 2237 3086 de·j

1264 3103 1468 3145 cernimus
1482 3130 1498 3154 ,
1515 3098 1722 3142 statuimus
1749 3100 1789 3142 δι
1814 3098 2067 3143 declaramus
2083 3107 2156 3149 ,ut
2168 3097 2237 3140 dc-

1264 3160 1399 3216 ineeps
1439 3168 1522 3201 tam
1556 3155 1784 3211 Regulares
1815 3188 1831 3211 ‚
1867 3160 1986 3214 quim
2016 3155 2235 3198 Saeculares

1265 3217 1576 3276 quomodolibet
1591 3218 1791 3271 exempti,
1813 3217 1893 3260 five
1914 3216 2137 3259 animarum
2161 3228 2236 3257 cu-

1273 3274 1925 3390 issffossessi‘ss‘iss‘ss‘gussssii'ssiffffss
1937 3273 2236 3389 qfflzziffifflffiz

1277 3394 1465 3440 Ecclefiis
1479 3422 1494 3445 ‚
1514 3392 1583 3437 uel
1610 3392 1812 3437 beneficiis
1840 3393 1920 3435 five
1940 3389 2208 3446 Regularibus
2222 3416 2237 3440 ‚

320 3446 566 3493 Nffinffl’u’*
587 3447 665 3492 Dei
695 3446 949 3504 providentia
969 3440 1216 3510 Uniyefsaffi
1276 3456 1357 3497 five
1383 3452 1647 3498 Saeculsribus
1672 3452 1968 3495 incumbentem
1992 3456 2236 3498 exerceant3

344 3506 524 3551 Ecclefiae
539 3505 917 3564 “Simini’mefifis
938 3503 1217 3558 licffflml'ffl·
1275 3514 1355 3555 five
1394 3513 1490 3556 alias
1534 3508 1806 3554 Ecclefiastica
1831 3514 2092 3554 Sacramenta
2120 3534 2135 3556 ,
2166 3512 2237 3547 aut

259 3563 363 3616 bun
379 3563 623 3619 presidentes
637 3594 653 3617 ,
675 3564 885 3621 pastoralis
904 3565 1047 3609 nostrae
1065 3559 1215 3603 sollici·

1275 3584 1396 3614 unum
1410 3585 1464 3613 ex
1484 3569 1560 3612 illis
1577 3567 1801 3612 ministrent
1814 3567 1961 3624 praevii
1987 3565 2170 3621 Episcopi
2189 3563 2236 3603 li·

260 3623 413 3666 tudinis
436 3631 569 3676 partes
594 3625 668 3667 effe
694 3623 992 3680 dignoscimus,
1020 3621 1060 3663 in
1082 3633 1209 3687 fiam-³
1274 3628 1409 3673 centia
1432 3631 1473 3671 δι
1511 3627 1826 3683 approbatione3
1846 3627 1923 3669 five
1948 3620 2234 3684 quoquomodo

258 3694 398 3725 curam
422 3680 613 3736 praecipu'e
639 3683 870 3728 incumbere
893 3715 907 3738 2
934 3694 978 3728 ut
1002 3684 1024 3724 ἆ
1051 3679 1212 3735 d¹g¹¹¹³⁹
1270 3689 1311 3731 in
1329 3689 1439 3732 dietae
1469 3700 1568 3729 curae
1594 3685 1820 3737 exercitio,
1844 3687 1968 3730 autin
1983 3680 2232 3728 eorundem:

253 3738 484 3797 &probatis
509 3737 665 3784 tannim
677 3742 959 3787 Sacerdotibus
985 3738 1113 3784 fauste
1139 3737 1211 3779 ad-

1271 3750 1622 3792 Sacramentorum
1638 3773 1651 3797 ,
1667 3746 1730 3789 vel
1746 3745 1916 3801 alicujus
1943 3758 1991 3787 ex
2011 3740 2089 3782 illis
2107 3732 2234 3800 admi·

2115 3805 2180 3832 ni-
