2444 4192
339 153 517 261 448

285 305 351 350 vel
365 305 551 363 speciales
566 302 733 360 personae
748 310 950 351 errarent,
966 300 1139 356 ipsorum
1157 302 1252 342 Fra-

288 378 399 409 trum
412 367 604 421 quaerelas
619 363 787 412 audire,
811 359 879 402 seu
899 360 952 401 de
970 358 1143 415 ipsorum
1160 373 1255 401 cau·

288 426 335 468 fis
347 451 363 474 ,
376 427 416 468 δι
429 423 602 480 negotiis
623 430 769 462 eontra
795 416 952 461 litteras
967 446 980 469 ‚
1001 420 1039 460 &
1065 416 1248 460 declara·

286 485 422 527 tiones
446 478 668 539 hujusmodi
707 479 980 520 intromittere
1010 477 1048 520 se
1085 489 1249 533 quoquo

286 543 411 586 modo
437 539 745 597 praesumerent,
768 534 836 579 sed
861 547 1054 579 curarent
1069 565 1086 587 ,
1109 535 1251 591 vigila-

284 612 376 645 rent
390 630 404 653 ,
427 602 465 642 δι
492 594 772 647 intenderent,
798 595 861 638 uti
888 605 979 638 erat
996 609 1143 638 eorum
1166 591 1251 637 offi-

282 661 390 703 cium
404 688 418 710 ‚
446 659 487 698 δε
501 652 679 711 praediffl
703 655 836 697 Sanni
851 654 1079 702 Francisci,
1101 654 1141 694 δι
1156 666 1251 707 prae·

283 718 375 761 fatae
403 716 516 759 Sedis
540 712 715 756 intentio
729 708 883 766 fuerat,
910 713 1034 768 ipsum
1055 712 1251 755 Ordinem

284 778 328 819 in
340 778 482 831 quieto
493 799 508 822 ,
522 771 744 826 tranquillo
755 800 774 823 ,
794 773 836 814 δι
848 769 1021 828 pacifico
1034 770 1133 813 statu
1150 782 1251 811 con-

280 835 439 877 servare
457 859 472 881 ‚
497 833 539 875 δι
564 843 737 885 augere,
761 832 803 873 δι
825 831 877 874 ab
898 828 1220 887 impugnantibus
1234 854 1248 878 ‚

276 891 580 934 molestantibus
594 918 610 942 ,
636 890 679 932 8ι
703 890 1031 946 perturbantibus
1060 898 1252 944 protege·

278 967 323 994 re
342 979 358 1003 ‚
382 945 634 998 defendere,
657 948 699 990 &
723 949 856 998 tueri,
886 962 940 990 ne
962 949 1072 991 {ecus
1091 944 1252 1001 agendo

279 1010 480 1054 Ordinem
492 1007 698 1064 praesatum
715 1022 795 1051 non
820 1007 946 1050 solum
964 1020 1046 1048 non
1061 1014 1253 1061 protege-

276 1079 369 1113 rent
386 1096 399 1119 ,
413 1065 725 1119 conservarent,
750 1065 1024 1109 &exaltarent
1042 1090 1058 1114 ,
1083 1070 1128 1104 ut
1144 1072 1254 1105 tene·

278 1131 424 1171 bantur
439 1155 455 1176 ,
466 1123 533 1168 sed
548 1126 588 1169 in
602 1124 827 1168 animarum
840 1122 996 1166 suarum
1011 1121 1247 1177 perniciem,

275 1190 316 1230 δι
330 1186 427 1229 ἀὶᾶί
440 1184 606 1227 Ordinis
629 1183 917 1227 detrimentum
929 1210 946 1234 ,
963 1182 1004 1223 δι
1018 1178 1250 1222 scandalum

277 1244 584 1304 perturbarent,
597 1243 861 1293 destruerent,
872 1242 914 1282 &
930 1237 1246 1289 confunderent,

277 1317 324 1348 ut
339 1306 378 1347 in
391 1301 568 1357 ejusdem
581 1302 684 1345 Sixti
710 1297 1002 1344 Praedecefforis
1027 1300 1150 1342 Auno
1178 1298 1247 1338 In·

278 1360 527 1407 carnationis
553 1359 775 1403 Dominicoe
811 1356 1025 1400 millefimo
1057 1354 1250 1412 quadrin-

278 1418 501 1476 gentefimo
534 1417 820 1474 septuagefimo
846 1414 1022 1460 secundo
1048 1444 1065 1467 ,
1106 1415 1250 1470 quinto

279 1478 483 1523 Kalendas
499 1477 729 1526 Februarii,
758 1471 1021 1518 pontificatus
1047 1471 1102 1513 sui
1127 1474 1250 1513 Anno

278 1535 463 1581 Secundo
477 1535 679 1591 expeditis
700 1531 850 1575 litteris
865 1531 1099 1571 continetur
1112 1554 1124 1567 .

392 1595 505 1651 Qas
519 1618 535 1641 ,
550 1606 597 1633 ac
610 1591 706 1632 alias
719 1588 900 1645 praefatas
914 1585 1130 1629 memorati
1146 1586 1252 1627 Gre-

281 1651 385 1709 gorii
401 1648 717 1692 Praedecefforiis
731 1647 869 1689 literas
894 1646 966 1702 piae
980 1659 1100 1688 mem.
1120 1642 1251 1699 Julius

276 1712 389 1766 Papa
405 1708 459 1751 11.
468 1707 592 1751 etiam
606 1704 869 1751 Praedeeeflor
894 1703 1028 1748 noster
1041 1733 1057 1756 ‚
1085 1703 1155 1760 qui
1178 1702 1250 1745 in.»

280 1768 505 1812 minoribus
519 1766 761 1810 constitutus
772 1790 788 1814 a
800 1761 1083 1813 Cardinalatt'is
1098 1763 1252 1804 bonore

281 1827 463 1882 fulgens,
475 1825 572 1868 dieti
588 1825 756 1868 Ordinis
770 1824 987 1867 Proteaor
1019 1820 1159 1878 viginti
1188 1817 1252 1861 sex

279 1888 394 1930 annis
406 1911 423 1934 ,
451 1886 493 1927 dt
519 1882 628 1926 ultra
655 1882 781 1925 suerat
805 1908 821 1932 ,
859 1880 1064 1938 dictosque
1090 1881 1250 1923 fratres

277 1956 470 2002 tanquam
485 1943 708 1999 peculiares
724 1939 827 1983 filios
851 1941 892 1983 in
921 1939 1135 1983 visceribus
1158 1940 1251 1979 cha·

277 2003 417 2048 ritatis
431 2014 603 2057 gerens,
629 2000 770 2044 eadem
799 1998 1015 2041 commoda
1030 2027 1045 2050 ,
1072 1999 1114 2040 δι
1139 2006 1250 2040 tran·

274 2062 517 2120 quillitatem
548 2059 707 2103 sinceris
751 2056 950 2100 affe-{tibus
987 2057 1206 2114 exoptabat
1232 2083 1250 2107 ‚

278 2118 432 2179 pravis
457 2118 666 2163 ambarum
690 2116 949 2175 praefatarum
985 2116 1211 2161 insertione
1238 2141 1253 2165 ,

276 2181 368 2224 aliis
383 2179 460 2224 suis
472 2179 600 2222 literis
620 2178 690 2222 sub
712 2178 804 2219 Dat.
829 2190 936 2219 anno
962 2171 1252 2221 incarnationis

277 2237 444 2297 praesatae
455 2238 664 2282 millesimo
676 2235 993 2293 quingentesimo
1001 2236 1165 2285 ofiavo,
1181 2231 1252 2275 idi·

278 2304 350 2342 bus
364 2297 555 2341 octobris
568 2326 584 2350 ,
608 2292 869 2341 pontificatus
883 2293 938 2336 sui
950 2308 1060 2338 anno
1073 2300 1221 2351 quarto
1236 2316 1252 2340 2

275 2356 515 2415 approbavit
531 2385 547 2410 ‚
560 2370 606 2399 ac
622 2353 854 2400 earumdem
867 2351 1025 2398 suarum
1036 2352 1251 2398 literarum

278 2417 511 2475 patrocinio
523 2414 790 2460 communivit
804 2440 818 2456 .

393 2476 618 2532 Cupientes
637 2475 774 2533 itaque
788 2502 803 2526 ,
816 2480 861 2515 ut
876 2472 1027 2531 pluries
1040 2472 1180 2516 animo
1189 2478 1248 2513 at·

277 2534 392 2578 tent'e
410 2534 792 2584 resolvimus‚etiam
807 2533 847 2576 in
862 2533 937 2576 hac
951 2542 1067 2588 parte
1081 2530 1255 2587 Aposto-

278 2595 359 2649 lice
376 2591 640 2636 solicitudinis
653 2591 824 2636 studium
836 2602 1103 2648 apponereae
1117 2588 1257 2632 nolen-

280 2663 343 2695 tes
358 2650 534 2693 salutaris
548 2650 786 2707 provifionis
797 2648 1020 2692 remedium
1048 2645 1198 2703 jamdiu
1230 2644 1253 2687 i

282 2709 412 2756 Nobis
426 2708 746 2763 premeditatum
760 2733 776 2757 ‚
788 2720 835 2750 ac
847 2706 968 2749 etiam
993 2707 1018 2750 a
1041 2703 1255 2762 quamplu-

282 2770 396 2814 ribus
411 2765 660 2811 diversorum
675 2762 1156 2822 OrdinumRegulartbus
1170 2760 1256 2818 sup-

286 2827 443 2886 pliciter
459 2828 629 2882 petitum
642 2853 658 2877 ‚
670 2825 824 2869 diutinis
843 2822 1022 2874 differre,
1036 2823 1255 2866 diflorum-

283 2900 361 2944 que
389 2886 670 2928 Romanorum
697 2880 942 2927 Pontificum
985 2879 1256 2926 prodecesso-

282 2960 371 2990 rum
385 2944 555 3000 vestigiis
565 2943 809 2987 inherentes
819 2966 835 2990 ‚
863 2952 977 2984 motu
991 2942 1156 2997 proprio
1171 2969 1185 2993 ,
1208 2951 1258 2983 ex

286 3002 597 3052 canscientia,
625 3003 666 3044 δι
689 3009 847 3044 matura
874 2999 1172 3044 deliberatione
1188 3013 1259 3043 no·

286 3064 374 3107 stris
387 3090 401 3114 ‚
413 3062 546 3120 deque
561 3059 803 3117 Apostolicoe
869 3058 1021 3103 testatis
1035 3056 1260 3116 plenitudi-

286 3137 335 3167 ne
350 3150 364 3174 ‚
379 3133 540 3166 necnon
565 3119 618 3164 de
645 3118 798 3163 nonnul
822 3132 941 3164 orum
953 3118 1258 3163 Venerabilium

287 3184 472 3226 Fratrum
486 3178 711 3224 nostrorum
728 3177 1169 3222 S.R.E.Cardinalium
1182 3206 1196 3229 ,
1219 3177 1259 3219 δι

286 3240 528 3284 dilectorum
540 3236 717 3284 filiorum
730 3235 917 3280 Romane
927 3237 1059 3281 Curioe
1072 3235 1259 3282 Proelato-

285 3313 376 3342 sum
393 3299 546 3354 pietate
557 3296 766 3351 ,austrina
780 3324 796 3349 ,
810 3295 1022 3352 prudentia
1036 3324 1051 3347 ,
1063 3298 1103 3340 &a
1120 3307 1255 3339 rerum

286 3358 354 3401 usu
369 3356 631 3414 prestantium
643 3353 691 3400 ad
707 3355 813 3400 bunc
825 3353 1008 3398 effectum
1023 3354 1074 3398 de
1089 3355 1254 3399 manda-

287 3426 336 3461 to
350 3417 480 3461 nostro
491 3423 835 3474 congregatorum
845 3412 1012 3458 consilio
1026 3442 1038 3465 ,
1070 3413 1253 3466 prefatas

288 3486 611 3521 memoratorum
621 3474 813 3532 Gregorii
824 3502 840 3528 ,
853 3473 956 3519 Sinti
970 3499 986 3524 ‚
999 3474 1038 3516 δι
1047 3472 1145 3530 Julii
1162 3478 1260 3520 Pra-

286 3532 533 3579 &cenorum
543 3535 682 3580 literas
697 3544 844 3580 tenore
847 3532 1098 3605 presentium
1110 3547 1258 3592 appro-

288 3593 428 3637 bamus
452 3618 468 3642 ‚
492 3592 775 3638 confirmamus
803 3622 820 3648 ‚
844 3606 1084 3637 innovamus
1099 3621 1115 3646 ‚
1142 3595 1182 3638 δι
1207 3593 1258 3639 ad

284 3653 517 3712 primum
532 3652 671 3696 statum
683 3682 699 3705 ‚
711 3652 999 3710 pristinumque
1012 3649 1066 3695 us
1059 3666 1125 3697 um
1140 3652 1261 3696 redu·

283 3715 410 3757 eunus
423 3738 439 3764 ,
457 3711 497 3754 dt
511 3710 823 3766 reintegratum,
837 3711 991 3769 illisque
1006 3712 1045 3754 in
1056 3713 1257 3764 omnibus,

282 3773 320 3815 fla
337 3769 635 3826 peremniaper
689 3778 800 3812 tuum
815 3798 830 3822 ‚
853 3771 892 3812 δι
916 3770 1156 3816 inviolabilis
1183 3769 1252 3816 fir·

281 3846 317 3874 m
336 3829 432 3873 tuis
449 3828 579 3874 robur
593 3783 806 3887 afficimus
819 3856 833 3872 .

797 141 955 230 Sub
1018 139 1445 227 Innocentio
1504 139 1733 226 XII.

1429 297 1617 356 Insuper,
1629 310 1673 341 ut
1687 300 1728 342 in
1743 297 1945 350 omnibus,
1959 300 1999 341 δε
2012 298 2172 356 fingulis
2185 311 2288 354 quo·

1313 369 1561 414 rumcunque
1585 358 1854 413 Regularium
1884 358 2108 401 Ordinibus
2136 371 2288 400 memo-

1308 428 1490 459 ratorum
1521 420 1800 461 Proteetorum
1824 426 1931 455 curae
1955 417 2167 459 commistis
2181 447 2196 468 ,
2220 417 2286 458 seu

1309 476 1511 518 committi
1527 476 1727 518 consuetis
1742 502 1756 525 ‚
1772 486 1849 516 una
1862 499 1877 523 ,
1892 473 2113 531 eademque
2128 505 2143 526 ‚
2157 478 2198 518 δι
2217 489 2289 532 pa·

1309 533 1488 577 riformis
1514 562 1528 586 ,
1565 532 1793 592 hujusmodi
1826 534 2116 583 protectionum
2145 533 2191 576 fit
2204 563 2219 585 ,
2246 535 2287 575 δε

1310 595 1507 650 perpetuo
1534 591 1610 639 effe
1638 591 1781 635 debeat
1795 587 1963 644 regula,
1986 591 2025 633 δι
2046 590 2286 646 disciplina,

1310 653 1471 701 omnia,
1496 653 1535 693 δι
1560 662 1807 707 quaecunque
1822 658 1905 690 tam
1930 649 1971 689 in
1998 648 2285 704 prefatorum..

1311 707 1640 777 graedecefforum
1659 718 1727 761 ,ut
1740 704 1951 762 praefertur
1962 731 1977 753 2
2006 706 2255 750 confirmatis
2267 736 2285 758 ,

1310 770 1430 825 quam
1443 768 1482 810 in
1498 767 1755 823 praesentibus
1770 764 1918 808 nostris
1932 764 2060 808 literis
2073 776 2288 815 contenta,

1310 828 1350 868 in
1364 827 1576 879 omnibus,
1603 828 1644 868 δι
1670 823 1829 880 fingulis
1842 850 1856 872 ,
1880 824 1963 867 five
1976 826 2285 869 Sanctifranci-

1312 885 1365 928 sci
1379 913 1394 934 ,
1424 884 1504 926 five
1526 883 1795 941 cujuscunque
1810 883 1975 925 alterius
1990 883 2157 940 Regulae
2170 912 2186 935 ,
2218 883 2285 926 vel

1310 942 1480 985 instituti
1494 971 1512 993 ,
1524 957 1570 984 ac
1584 942 1949 999 quomodocunque
1961 943 2107 986 erectis
2117 968 2133 992 ,
2157 940 2288 985 refor-

1314 1000 1431 1044 matis
1449 1029 1464 1052 ,
1480 999 1543 1042 seu
1559 1000 1816 1043 existentibus
1824 1031 1843 1053 ,
1857 1016 1902 1044 ac
1916 1000 2143 1056 erigendis,
2158 998 2286 1044 refor-

1312 1058 1472 1102 mandis
1487 1086 1503 1110 ,
1527 1059 1593 1102 seu
1610 1056 1753 1102 suturis
1766 1085 1781 1109 a
1805 1059 2169 1117 &quomodolibet
2183 1073 2290 1103 nun-

1311 1119 1467 1174 cupatis
1478 1146 1495 1169 ,
1513 1118 1579 1163 seu
1593 1120 1869 1175 nuncupandis
1881 1118 2111 1164 Ordinibus
2123 1144 2138 1168 ,
2173 1117 2290 1161 Reli-

1307 1177 1493 1234 gionibus
1507 1205 1525 1230 ,
1536 1179 1932 1234 Congregationibus
1945 1207 1961 1231 ,
1987 1178 2063 1222 vel.
2074 1175 2286 1221 Reforma-

1309 1236 1483 1281 tionibus
1504 1246 1588 1278 tam
1605 1237 1781 1279 virorum
1794 1266 1808 1290 ,
1823 1237 1942 1295 quim
1955 1235 2171 1281 mulierum
2183 1264 2201 1288 ,
2213 1249 2287 1279 cu-

1308 1309 1360 1339 ra·
1374 1298 1656 1340 Protectorum
1669 1293 1838 1341 Ordinis
1853 1325 1868 1349 ,
1886 1294 1997 1351 cujus
2009 1295 2069 1339 illi
2084 1322 2098 1346 ,
2128 1297 2195 1338 seu
2209 1294 2287 1337 illae

1310 1352 1500 1407 existunt,
1512 1352 1754 1411 generaliter
1765 1353 2080 1403 commifforum,
2093 1351 2158 1397 seu
2176 1367 2290 1396 eom-

1312 1410 1509 1454 miffarum
1532 1439 1547 1462 ,
1592 1409 1838 1454 observanda
1865 1438 1880 1461 ,
1920 1411 2200 1464 attendenda,
2241 1424 2287 1452 ac

1311 1467 1556 1510 omnimoda
1577 1469 1842 1522 exequutioni
1879 1468 2160 1512 demandanda
2183 1466 2285 1522 effe,

1311 1528 1352 1567 &
1368 1525 1458 1568 fore
1473 1550 1486 1574 ,
1515 1534 1625 1566 motu
1638 1550 1652 1574 ‚
1680 1523 1840 1568 scientia
1853 1552 1867 1575 ,
1889 1528 1927 1569 &
1941 1527 2149 1583 potestatis
2160 1525 2291 1582 pleni·

1312 1583 1454 1627 tudine
1480 1583 1641 1639 paribus
1655 1612 1671 1634 ,
1701 1583 1774 1627 hae
1795 1585 1833 1629 in
1851 1595 2096 1643 perpetuum
2114 1583 2289 1629 valitura

1313 1641 1615 1687 Constitutione
1626 1640 1822 1688 sancimus
1833 1672 1848 1696 ,
1876 1647 1915 1688 &
1933 1645 2168 1688 mandamus
2181 1671 2196 1683 .
2227 1646 2287 1689 Et

1311 1700 1574 1746 nihilomiuus
1589 1729 1603 1753 ,
1629 1715 1680 1744 ne
1693 1701 1913 1759 bujufinodi
1930 1703 2186 1748 protentores
2212 1702 2287 1748 itt-2

1311 1760 1509 1818 aliquibus
1524 1760 1699 1815 negociis
1715 1789 1730 1813 ,
1755 1762 1881 1806 caulis
1895 1791 1910 1816 ,
1934 1760 1996 1805 seu
2025 1762 2144 1807 rebus
2156 1791 2173 1814 ,
2199 1776 2287 1818 quae

1311 1821 1532 1863 universum
1544 1819 1741 1865 Ordinem
1754 1847 1770 1871 ,
1781 1821 1846 1866 seu
1862 1830 1995 1864 totum
2010 1836 2158 1878 corpus
2171 1821 2290 1864 Reli-

1312 1880 1443 1936 gionis
1462 1892 1543 1920 non
1557 1889 1808 1924 concernunt
1823 1907 1838 1931 ,
1865 1893 1915 1923 ex
1939 1893 2175 1938 quacunque
2190 1893 2290 1926 caus·

1312 1939 1369 1989 sa,
1381 1936 1588 1981 occafione
1599 1963 1613 1986 2
1636 1938 1787 1991 titulo,
1801 1939 1865 1982 seu
1878 1948 2070 1995 praetextu
2083 1937 2164 1985 sese
2180 1952 2288 1997 quoe

1312 2011 1393 2054 quo
1412 1995 1534 2039 modo
1548 1995 1817 2041 intromittant
1829 2027 1845 2053 ,
1858 2000 1922 2043 seu
1943 1998 2150 2055 ingerant,
2161 1999 2289 2044 etiam

1313 2066 1455 2099 tenore
1470 2053 1716 2113 praesentium
1730 2062 1892 2113 penitus
1904 2057 2167 2114 probibemus
2177 2086 2193 2109 2
2210 2057 2289 2111 flav,

1314 2115 1462 2160 mimus
1475 2141 1490 2165 ,
1505 2124 1632 2171 atque
1645 2114 1899 2160 decernimus
1915 2146 1927 2160 .

1430 2175 1662 2227 Hinc,cum
1677 2186 1837 2219 retento
1851 2174 2102 2232 prefatarum
2115 2176 2138 2220 ὲ
2159 2175 2290 2224 Nobis

1312 2231 1640 2277 confirmatarum
1653 2262 1668 2286 ,
1692 2235 1733 2277 δι
1745 2235 1793 2277 ad
1807 2249 1947 2279 omnes
1959 2234 2133 2282 Ordines
2146 2237 2291 2292 Regu·-

1311 2294 1423 2337 lares
1436 2290 1688 2337 extensarum
1702 2321 1717 2347 ,
1740 2308 1786 2337 ae
1803 2294 2054 2351 presentium
2067 2293 2289 2339 nostrarum

1312 2354 1518 2397 literarum
1534 2352 1715 2395 themate
1729 2379 1743 2403 ,
1768 2367 1994 2411 congruere
2006 2383 2022 2406 ,
2041 2353 2135 2395 &in
2147 2351 2289 2398 eonse-

1311 2412 1517 2471 quentiam
1532 2411 1668 2456 venire
1687 2411 1885 2466 videatur,
1906 2422 1952 2457 ut
1967 2413 2177 2458 memorati
2195 2414 2294 2457 Pro-

1316 2473 1492 2517 tenores
1520 2471 1644 2515 etiam
1663 2470 1686 2514 a
1713 2472 1970 2528 cognitione,
1992 2470 2290 2529 &definitione

1317 2531 1523 2576 causarum
1534 2555 1551 2580 ,
1563 2529 1627 2572 {eu
1643 2528 1793 2581 litium,
1808 2529 1870 2574 vel
1885 2532 2147 2587 negotiorum
2157 2529 2290 2575 dictos

1318 2587 1569 2645 Regulam»
1590 2586 1656 2630 vel
1671 2599 1809 2630 eorum
1818 2587 1923 2632 bona
1939 2616 1954 2641 ,
1975 2587 2062 2647 jura
2077 2615 2094 2641 ‚
2115 2588 2287 2638 domos,

1316 2648 1538 2703 aliaque‚ut
1555 2643 1780 2703 prefertur,
1796 2647 2100 2702 particulariter
2116 2659 2291 2691 concer-

1314 2707 1496 2751 nentium
1510 2704 1662 2761 pariter
1672 2730 1686 2754 ,
1699 2703 1764 2747 seu
1778 2705 1905 2763 magis
1917 2705 2161 2751 abstinerent
2173 2717 2189 2749 ἑ
2215 2703 2291 2748 Vi·

1313 2780 1363 2810 ce
1373 2773 1509 2807 autem
1527 2761 1641 2806 versi
1653 2764 1774 2805 eausae
1786 2791 1800 2814 ,
1815 2764 1904 2808 lites
1917 2792 1931 2816 ,
1947 2763 2139 2808 instantia
2155 2791 2169 2816 ,
2185 2762 2291 2819 peti-

1316 2826 1446 2867 tiones
1457 2850 1472 2875 ,
1488 2822 1552 2865 vel
1564 2821 1726 2878 negotia
1742 2820 1977 2876 hujusmodi,
1992 2822 2074 2868 live
2087 2836 2137 2868 ex
2152 2820 2292 2866 indul·

1320 2884 1397 2936 tis,
1425 2880 1648 2939 privilegiis
1663 2908 1679 2934 ,
1702 2890 1770 2924 aut
1799 2882 2164 2927 Constitutionibus
2178 2882 2290 2939 Apo·

1320 2942 1466 2987 stolicis
1485 2969 1499 2993 ‚
1530 2939 1611 2983 live
1627 2953 1674 2983 ex
1694 2939 1825 2997 Regul
1833 2941 1861 2984 is
1875 2967 1890 2991 ,
1921 2941 1984 2985 vel
1997 2941 2166 2986 statutis
2180 2968 2194 2992 ,
2225 2938 2290 2984 scu

1319 2997 1652 3045 ordinationibus
1664 2989 1891 3056 aliquorum
1907 3000 2108 3046 Ordinum
2122 3026 2137 3051 ,
2148 2999 2226 3045 five
2239 3011 2288 3050 eit

1319 3058 1665 3105 declarationibus
1678 3084 1693 3109 2
1708 3058 1773 3103 vel
1788 3059 1967 3105 decretis
1982 3059 2095 3104 diere
2109 3062 2151 3106 S.
2166 3059 2222 3104 R.
2237 3059 2290 3102 E·

1320 3117 1598 3164 Cardinalium
1649 3117 1852 3175 aliquibus
1893 3114 2287 3177 congregationibus

1321 3176 1621 3237 prepositorum
1635 3204 1650 3231 ,
1681 3178 1761 3222 five
1773 3193 1820 3223 ex
1835 3177 1906 3223 usu
1919 3205 1934 3230 ,
1962 3177 2025 3222 vel
2050 3188 2288 3237 quacunque

1319 3236 1608 3283 consuetudine
1625 3265 1641 3290 ,
1658 3237 1697 3281 in
1716 3236 1850 3292 aliqua
1862 3236 2041 3283 inflantia
2054 3265 2071 3291 ,
2083 3237 2144 3281 seu
2160 3233 2290 3292 gradu

1318 3293 1586 3365 cuiuscunque
1611 3295 1894 3354 appellationis
1914 3321 1931 3346 2
1961 3294 2026 3339 vel
2053 3293 2240 3340 recursus
2265 3293 2288 3337 ἑ

1316 3365 1545 3400 memoratis
1558 3355 1858 3402 Proteaoribus
1869 3383 1884 3410 ,
1913 3352 1979 3399 seu
1990 3366 2133 3398 eorum
2145 3353 2291 3411 aliqui-

1317 3416 1391 3459 bus
1405 3415 1593 3460 bassenus
1607 3412 2024 3471 cognita‚easminata,
2036 3411 2097 3459 seu
2109 3412 2288 3468 judicata

1322 3473 1500 3525 suerint,
1517 3473 1807 3533 veleognosci,
1826 3472 2071 3526 examinari,
2096 3472 2163 3518 seu
2180 3470 2290 3528 iudi-

1321 3534 1404 3578 cari
1420 3531 1586 3591 potuisse
1602 3560 1617 3586 ,
1639 3532 1703 3580 vel
1724 3528 1902 3578 debuisse
1924 3529 2259 3589 dignoscerentur
2271 3557 2287 3585 ,

1320 3595 1384 3637 seu
1399 3592 1743 3650 protenderentur
1757 3603 1771 3635 ε
1797 3601 2013 3648 propterea
2026 3620 2041 3643 ,
2054 3601 2095 3634 ut
2111 3588 2258 3636 modus
2272 3616 2287 3643 ‚

1319 3650 1448 3696 forma
1460 3681 1476 3705 ,
1507 3652 1549 3696 δι
1569 3650 1675 3696 ordo
1696 3650 1734 3695 in
1750 3648 1925 3707 prefatis
1938 3649 2186 3694 confirmatis
2200 3679 2216 3703 ,
2245 3650 2287 3693 δι

1319 3709 1486 3756 estensis
1500 3738 1514 3762 ‚
1540 3723 1586 3754 ae
1612 3707 1864 3766 presentibus
1890 3709 2029 3754 nostris
2045 3708 2176 3755 literis
2188 3721 2286 3754 eon-

1315 3769 1453 3821 ssituti,
1472 3767 1578 3812 suum
1594 3769 1884 3827 plenarium&
1900 3768 2152 3815 consimilem
2161 3769 2288 3813 etiam

2190 3842 2229 3871 in
