2444 4192
408 151 584 235 266

351 306 495 363 ligare,
506 321 664 352 necnon
677 307 838 353 irritum
854 309 892 352 8(
905 309 1038 365 inane,
1050 312 1247 369 quicquid
1262 309 1320 354 se-

1074 148 1237 239 Sub
1300 151 1376 241 S.
1407 150 1549 240 Pio
1613 154 1718 243 V.

1382 314 1625 372 buscumque
1637 345 1650 358 .
1668 313 1868 358 Volumus
1886 316 2038 364 autem,
2051 317 2098 356 ut
2126 307 2340 370 ipsarum

351 369 838 426 cusperpraedictorum,
867 380 935 413 aut
950 371 1320 429 quoscunquealios
1380 374 1630 430 praesentium
1672 373 1856 427 exempla
1902 370 2074 414 edantur
2114 399 2131 423 ,
2173 372 2337 414 eadem-

349 428 492 484 quavis
524 429 774 472 auctoritate
794 429 968 474 scienter
992 432 1056 474 vel
1080 433 1318 488 ignoranter

348 487 572 543 eontigerit
583 489 782 531 attentari
797 519 810 530 .
835 490 1090 548 Quicunque
1115 493 1215 534 vero
1240 490 1319 532 ali-

347 559 468 602 quem
486 556 634 590 eontra
649 546 769 603 hujus
781 550 926 591 nostrae
953 550 1230 594 revocationis
1248 559 1310 592 te·

345 618 493 648 norem
515 605 748 648 admiserint
762 634 779 658 ,
807 617 876 648 aut
894 609 1152 664 receperint;
1182 609 1277 652 illos
1292 638 1307 661 ,

344 673 415 707 aut
428 677 533 721 quos
545 663 620 719 jam
636 664 788 707 habent
820 666 1040 708 translatos
1053 693 1069 716 ‚
1096 677 1164 710 sut
1194 681 1311 710 rece-

341 732 435 778 ptos
450 723 692 765 retinuerint
707 750 721 772 ,
736 734 807 764 eos
820 725 1006 766 omnibus
1018 725 1056 765 8t
1072 723 1232 779 fingulis
1246 726 1310 767 di-

341 782 589 839 gnitatibus,
616 779 1032 836 administrationibus
1046 809 1061 830 .,
1084 782 1310 835 beneficiis,

337 839 483 883 officiis
498 867 514 891 ,
531 838 728 882 fructibus
745 867 760 890 ,
780 841 1083 896 &pensionibus
1110 841 1309 884 Ecclefia·

339 900 459 949 ssicis,
480 897 732 953 praesentium
745 900 988 943 auctoritate
1005 900 1236 956 privamus,
1266 902 1315 942 &

333 958 384 999 ad
421 956 557 999 futura
586 956 787 1000 inhabiles
820 956 897 1000 effe
925 959 1114 1002 volumus
1138 957 1279 1014 eoipso
1292 988 1304 1000 .

332 1014 542 1075 roirca
566 1017 756 1058 omnibus
778 1015 970 1059 locorum
993 1018 1248 1066 Ordinariis,
1265 1018 1303 1058 in

334 1087 512 1130 quorum
546 1073 797 1118 Dioecefibus
837 1073 930 1117 loca
963 1076 1150 1131 praedicta
1177 1074 1304 1117 confi·

332 1134 439 1176 stunt
461 1163 477 1186 ‚
500 1148 574 1188 per
600 1132 834 1190 Apostolica
858 1133 1006 1190 scripta
1033 1134 1269 1178 mandamus
1286 1159 1302 1182 ,

331 1202 374 1233 ut
390 1207 462 1248 per
479 1192 546 1246 se,
563 1190 630 1234 vel
645 1192 770 1235 alium
785 1221 801 1245 ,
830 1191 893 1235 seu
907 1193 1014 1235 alios
1030 1193 1083 1236 de
1098 1193 1303 1237 translatis

329 1251 526 1306 praediais
551 1252 795 1295 auctoritate
823 1252 958 1295 nostra
987 1252 1304 1310 cognoscentes,

330 1312 372 1352 in
405 1323 479 1353 eos
495 1339 511 1364 ,
534 1323 637 1367 quos
666 1322 810 1355 contra
824 1310 1095 1368 praescriptum
1124 1312 1302 1356 nostrum

329 1369 481 1425 degere
504 1371 737 1414 invenerint
764 1399 780 1422 ,
806 1385 853 1414 ac
879 1372 1001 1414 etiam
1028 1370 1302 1427 recipientes,

333 1430 400 1470 vel
431 1430 684 1481 retinentes,
711 1429 864 1486 rejeflo
892 1444 1138 1488 quocunque
1164 1445 1302 1474 exem·

332 1488 484 1543 ptionis
499 1489 715 1545 privilegio
742 1490 1066 1533 animadvertant
1080 1518 1094 1541 ,
1117 1484 1300 1545 ipsosque

330 1557 525 1602 praeterea
540 1549 765 1590 translatos
777 1576 792 1599 ,
806 1547 871 1590 vel
887 1558 1071 1591 retentos
1084 1576 1100 1599 ,
1121 1547 1172 1589 ad
1187 1548 1302 1603 prio-

333 1619 397 1647 res
408 1605 588 1648 Ordines
603 1633 617 1656 ,
645 1607 686 1648 δι
700 1604 942 1660 disciplinam
969 1606 1183 1648 remittere
1202 1619 1301 1662 pro-

332 1673 479 1705 curent
508 1690 520 1704 .
547 1663 891 1708 Contradic'torus
920 1663 1199 1720 quoscumque
1228 1678 1301 1721 per

333 1723 519 1764 censuras
533 1722 575 1764 δι
588 1735 729 1778 poenas
749 1722 1068 1776 Ecelefiasticas,
1077 1733 1303 1780 caeteraque

329 1779 592 1838 juris&sa61i
619 1781 808 1826 remedia
837 1793 1099 1839 opportuna,
1126 1797 1304 1838 quacun.

330 1855 412 1898 que
426 1840 706 1896 appellatione
726 1841 964 1897 postpofita,
979 1839 1300 1897 compescendo,

331 1903 527 1944 invocato
538 1899 662 1942 etiam
677 1898 728 1942 sd
744 1901 823 1944 hoe
833 1929 847 1951 ,
864 1900 889 1943 fi
902 1914 1007 1956 opus
1025 1898 1164 1951 fuerit,
1185 1900 1302 1944 auxi·

330 1960 391 2004 lio
402 1958 557 2002 brachii
573 1957 788 2002 secularis.
804 1962 899 2003 Non
914 1958 1167 2003 obstantibus
1182 1963 1301 2003 Con-

331 2018 633 2068 stitutionibus,
663 2018 704 2059 ἀ
729 2016 1068 2060 Ordinationibus
1094 2017 1301 2073 Apostoli·

327 2078 385 2118 cis
397 2103 412 2127 ,
423 2089 471 2118 ae
489 2074 827 2118 Monssteriorum
841 2101 857 2124 s
871 2076 967 2118 Hos
958 2074 1143 2131 pitalium
1157 2102 1173 2124 ‚
1190 2074 1298 2119 Mili·

324 2136 488 2186 tiarum,
509 2135 728 2186 Ordinum,
742 2133 984 2178 &locorum
1000 2135 1300 2192 praedie‘torum,

326 2195 565 2255 juramento
581 2222 596 2246 ‚
611 2192 924 2237 confirmatione
946 2193 1184 2251 Apostolica
1203 2222 1219 2246 ,
1233 2193 1299 2237 vel

329 2255 475 2312 quavis
487 2252 684 2296 firmitate
697 2252 775 2295 alia
791 2252 995 2296 roboratis
1023 2252 1299 2303 statutis,con-

330 2312 609 2357 suetudinibus
623 2339 639 2364 ,
656 2311 936 2355 stabilimentis
949 2341 966 2364 ,
992 2311 1123 2356 usibus
1135 2339 1152 2363 ,
1177 2312 1218 2353 δι
1231 2323 1302 2354 na·

334 2376 436 2418 turis
463 2398 478 2422 ‚
504 2372 697 2430 quodque
729 2370 913 2415 Praelatis
938 2372 978 2414 δι
1004 2370 1301 2428 Superioribus

329 2432 563 2490 praedic'tis,
594 2430 660 2475 vel
683 2427 888 2487 quibusvis
912 2429 1003 2473 aliis
1027 2428 1303 2474 communiter

333 2491 401 2535 vel
416 2489 575 2534 divisim
598 2491 623 2535 a
637 2488 824 2545 predi&
854 2488 900 2532 fit
928 2488 1036 2534 Sede
1062 2489 1269 2533 indultum
1288 2516 1304 2541 ,

331 2551 441 2606 quod
456 2548 607 2591 litteris
622 2548 892 2592 revocatoriis
915 2549 987 2592 sub
1007 2561 1181 2607 quacum
1211 2562 1301 2593 uu

333 2606 507 2651 sonnula
527 2607 648 2650 editis
663 2606 894 2652 nullatenus
908 2633 924 2657 ‚
954 2607 1020 2651 vel
1034 2605 1101 2650 nifi
1116 2620 1156 2649 m
1217 2607 1247 2649 is
1261 2606 1303 2648 ar

335 2665 481 2709 formis
508 2664 547 2708 in
566 2665 792 2723 hujusmodi
813 2664 985 2709 indultis
1009 2667 1214 2710 contentis
1229 2678 1302 2721 ps-

336 2737 427 2768 rere
445 2723 510 2775 ,Gt
522 2724 579 2767 ob
591 2738 674 2767 non
688 2724 932 2780 paritionem
954 2724 1108 2783 aliquas
1120 2722 1303 2768 censuras

337 2786 379 2827 ἅ
395 2796 536 2840 poenas
549 2783 754 2827 incurrere
767 2811 782 2836 ,
796 2793 865 2827 aut
879 2782 979 2827 alias
999 2783 1208 2836 interdici,
1224 2781 1303 2825 sus-

398 2841 467 2886 ndi
478 2869 493 2894 ,
518 2840 580 2885 vel
594 2842 931 2886 excommunicari
944 2856 1028 2887 non
1052 2844 1304 2900 poilint,per

340 2856 500 2948 ilicem
532 2900 782 2958 Apostolicas
807 2914 887 2943 non
914 2901 1106 2947 facientes
1118 2901 1303 2959 plenam,

340 2964 380 3006 δι
393 2959 609 3017 espressam
624 2987 639 3011 ,
654 2974 700 3003 ac
718 2959 771 3004 de
788 2959 916 3003 verbo
936 2960 987 3005 ad
1013 2963 1180 3006 verbum
1195 2962 1303 3007 du

342 3018 508 3066 indulto
533 3016 795 3076 hujusmodi,
820 3032 984 3064 necnon
1016 3020 1302 3069 monasteriis,

342 3079 439 3126 Hos
457 3077 619 3122 italibus
632 3106 648 3131 ,
664 3078 824 3121 Militiis
840 3108 854 3132 ,
868 3080 909 3123 δι
924 3079 1145 3124 Ordinibus
1172 3078 1307 3135 hujus-

343 3092 455 3183 mocii
466 3137 716 3182 mentionem
729 3138 1057 3196 ‚dequibuslibet
1084 3139 1175 3184 aliis
1218 3138 1310 3182 rivi·

344 3198 459 3255 legiis
474 3226 489 3250 ,
503 3197 833 3254 exemptionibus
846 3224 861 3248 ‚
874 3199 1137 3255 indulgentiis
1154 3226 1168 3251 ‚
1237 3197 1311 3241 lit-

342 3258 440 3302 teris
462 3255 704 3315 Apostolieis
719 3256 972 3314 generalibus
995 3261 1036 3302 δι
1050 3257 1310 3315 specialibus,

338 3318 463 3361 etiam
488 3315 887 3370 Motu,seientia,&
904 3319 1112 3375 potestatis
1135 3317 1308 3375 plenitu-

339 3378 434 3419 dine
447 3374 659 3428 conceffis,
670 3372 940 3434 cujuscunque
957 3378 1110 3421 tenoris
1126 3377 1310 3430 existant,

345 3449 417 3492 per
431 3449 517 3491 qun
531 3435 784 3494 presentibus
812 3451 896 3480 non
910 3434 1088 3493 expressa
1103 3466 1118 3490 ,
1137 3436 1200 3480 vel
1216 3450 1308 3480 om-

343 3499 441 3538 nino
471 3510 550 3539 non
575 3495 745 3550 inserts,
766 3495 926 3541 effeetus
952 3510 1090 3541 earum
1117 3496 1307 3552 impediri

342 3554 477 3597 valeat
490 3555 798 3611 quomodolibet
814 3557 879 3601 vel
896 3553 1048 3600 differri
1058 3582 1074 3607 ‚
1098 3557 1137 3599 ἀ
1150 3555 1203 3599 de
1214 3558 1309 3614 qui·

343 3613 418 3657 bus
441 3627 691 3670 quorumque
707 3617 808 3659 totis
822 3617 1032 3661 tenoribus
1065 3616 1243 3661 habenda
1260 3614 1305 3660 iit

340 3673 384 3716 in
408 3672 554 3717 nostris
569 3672 717 3716 litteris
733 3676 888 3719 mentio
904 3674 1101 3733 specialis,
1116 3689 1201 3734 quc
1213 3688 1305 3721 om-

339 3731 405 3775 nis
429 3731 620 3776 nolumus
635 3732 821 3789 cuiquam
846 3745 995 3778 eontra
1023 3736 1206 3792 proediCta
1228 3737 1303 3781 iss-e

333 3791 478 3850 aliquo
491 3789 692 3848 suffragari
708 3819 723 3845 ,
735 3794 966 3850 ceterisque
982 3796 1200 3840 contrariis
1214 3795 1304 3853 qui·

1378 447 1458 490 que
1488 433 1612 476 etiam
1643 431 1852 489 impreffiz,
1884 429 2049 472 Notarii
2079 429 2234 484 publici
2254 440 2338 469 ma-

1380 507 1463 546 nu,
1487 494 1528 535 &
1555 492 1714 536 Praelati
1746 487 2014 532 Ecclefiallici
2040 511 2056 535 2
2079 487 2219 543 ejusve
2249 489 2338 530 Cu-

1369 553 1440 595 riae
1452 550 1582 608 sigillo
1601 544 2019 604 obfignata2eandem
2045 544 2156 588 illam
2185 548 2339 602 ubique

1369 613 1557 655 locorum
1574 608 1694 651 fidem
1707 609 1747 648 in
1764 604 1917 662 judicio
1929 631 1944 655 ‚
1967 605 2006 645 &
2022 611 2139 646 extra
2154 604 2257 649 illud
2274 602 2338 644 sa-

1369 671 1479 712 ciant
1492 696 1508 719 ,
1521 682 1640 723 quam
1658 666 1745 721 ipsae
1759 662 1969 718 praesentes
1995 660 2175 705 facerent
2187 692 2205 715 ‚
2231 663 2258 706 fi
2274 661 2338 706 es-

1370 727 1451 769 sent
1480 725 1669 768 exhibitae
1692 723 1757 766 vel
1772 720 1955 764 ostensae.
1979 719 2099 764 Nulli
2126 733 2227 776 ergo
2248 735 2336 763 om·

1368 787 1467 827 nino
1490 783 1697 825 hominum
1723 781 1846 824 liceat
1862 781 1966 823 hanc
1995 778 2183 836 paginam
2195 779 2337 823 nostrat

1368 842 1638 885 revocationis
1652 868 1667 892 ,
1696 839 1928 884 abolitionis
1947 865 1962 889 ,
1983 838 2212 882 caffationis
2226 865 2242 888 ,
2272 851 2341 880 an·-

1368 898 1915 955 nullationis,privationis‚
1944 898 2189 950 voluntatis,
2223 910 2338 940 man-

1366 959 1480 1012 dati,
1506 959 1713 1002 &decreti
1737 955 1989 1013 infringere,
2014 957 2077 1000 vel
2104 956 2141 1001 ei
2156 956 2253 999 ausu
2271 965 2336 999 te-

1365 1019 1546 1061 merario
1572 1018 1811 1069 contraire-3,
1831 1018 1872 1061 Si
1899 1016 1987 1072 quis
2007 1024 2142 1059 autem
2158 1016 2237 1057 hoc
2252 1043 2254 1045 >
2269 1022 2336 1056 at-

1363 1087 1521 1121 tentare
1553 1074 1869 1134 praefiimpserit,
1890 1075 2211 1131 indignationem
2237 1073 2338 1117 Om-

1363 1138 1583 1192 nipotentis
1608 1137 1688 1180 Dei
1702 1163 1717 1186 2
1733 1150 1778 1180 ac
1796 1137 2013 1178 Beatorum
2036 1133 2211 1185 Petri,&
2226 1133 2333 1175 Pau-

1363 1197 1392 1239 li
1407 1196 1698 1253 Apostolorum
1711 1194 1796 1253 ejus
1809 1193 1849 1236 se
1867 1194 2031 1237 noverit
2048 1190 2304 1237 incursurum
2316 1219 2332 1233 .

1483 1258 1636 1299 Datum
1655 1257 1794 1298 Romae
1805 1253 1912 1307 apud
1929 1255 2118 1297 sancium
2143 1254 2331 1302 Petrum,

1362 1316 1480 1358 Anno
1502 1313 1794 1358 lncarnationis
1822 1310 2048 1356 Dominicae
2078 1337 2093 1361 ,
2121 1310 2336 1354 millesimo

1362 1375 1687 1434 quingentesimo
1709 1372 1952 1429 sexagesimo
1983 1384 2123 1420 nom,
2158 1369 2338 1414 Pridie)

1361 1436 1450 1479 idus
1476 1434 1663 1477 octobris
1690 1460 1705 1484 ,
1735 1427 2002 1476 Pontificatfis
2042 1428 2167 1473 nostri
2207 1430 2334 1472 Anno

1363 1498 1556 1553 Qarto.

1419 1609 1581 1652 Bullar.
1611 1609 1776 1650 Roman.
1806 1614 1899 1651 tom.
1914 1621 1956 1662 4.
1979 1615 2097 1663 part.
2113 1602 2247 1664 3.ft1.
2263 1615 2337 1660 79.

1474 1667 1633 1713 Bullar.
1653 1665 1794 1708 Ordin-
1809 1667 1971 1709 Praedic.
1985 1677 2081 1709 tom.
2096 1678 2135 1717 7.
2138 1664 2223 1724 fol.
2242 1665 2335 1706 182.

1479 1726 1645 1780 Rode-iq.
1665 1726 1709 1766 in
1719 1724 1807 1767 coll.
1810 1725 1925 1785 folq
1934 1739 1948 1768 1
1958 1726 2000 1767 8.

1361 1964 1581 2015 Novitiae
1600 1960 1796 2013 Ordinis
1823 1959 2182 2011 Praedicatorum
2197 1959 2246 2009 in
2266 1962 2339 2016 ard¹

1432 2034 1578 2084 riculo
1595 2032 1762 2081 mortis
1777 2066 1794 2091 ,
1809 2029 1859 2083 δι
1877 2032 1921 2081 in
1939 2043 2071 2082 aetate
2087 2030 2337 2102 legitima...

1427 2102 1712 2161 constitutas,
1725 2104 1865 2153 etiam
1883 2116 1986 2154 ante
2009 2115 2210 2172 tempus,
2227 2103 2338 2152 Pro·

1427 2173 1663 2225 feffionem
1682 2176 1892 2223 emittere
1912 2172 2124 2243 indulget
2145 2175 2163 2233 ,
2192 2170 2241 2225 ἂ
2262 2172 2336 2236 tle·v

1429 2243 1640 2294 cedentes
1655 2278 1671 2302 ,
1685 2246 1708 2294 1
1715 2242 2003 2314 ndulgentias
2022 2242 2073 2295 δε
2109 2241 2335 2293 remissio-

1430 2311 2171 2454 2328ffi5255?3222·0553309
2181 2312 2336 2435 :3232

1433 2470 1507 2509 rat
1524 2493 1538 2508 0

1475 2598 1738 2652 PIUS
1808 2599 2082 2649 PAPA
2155 2600 2221 2649 V.

1507 2724 1578 2769 Ad
1592 2733 1826 2782 perpetuas·
1850 2729 1912 2771 rei
1926 2726 2154 2769 nemos-lans
2173 2751 2187 2767 .

1456 2843 1593 2888 Ummi
1629 2843 1863 2888 sacerdotii
1895 2856 2025 2895 cura,
2056 2839 2219 2886 meritis
2236 2838 2336 2885 licet

1466 2902 1684 2960 imparibus
1699 2930 1714 2953 ,
1730 2903 1858 2948 Nobis
1871 2916 1920 2948 ex
1944 2902 2034 2948 alto
2049 2897 2251 2947 commiffa
2268 2914 2337 2944 re-

1364 2962 1514 3022 quirit,
1539 2972 1584 3005 ut
1612 2962 1720 3005 votis
1750 2964 1834 3008 illis
1858 2990 1872 3014 ,
1897 2976 1968 3019 per
1993 2975 2084 3020 quae
2110 2960 2334 3006 animarum

1367 3019 1702 3068 Christifidelium
1727 3051 1742 3075 ,
1789 3019 2008 3080 prasertim
2040 3019 2335 3066 Sand’timonia-

1368 3084 1468 3150 lium
1482 3110 1497 3134 ,
1514 3082 1923 3151 virtutum-Domino,
1937 3080 2004 3126 sub
2020 3080 2130 3126 suavi
2144 3077 2335 3147 Religio·

1369 3153 1878 3250 ?;:.';'053÷2;'51⁸:332‘¹35
1905 3136 2334 3255 1213’1‘22353223‘2333

1367 3259 1640 3306 consolationi
1671 3258 1897 3304 consulitur
1920 3288 1937 3312 ,
1965 3257 2144 3303 libenter
2175 3269 2330 3299 annus-

1369 3335 1456 3364 mus
1479 3345 1494 3370 ‚
1524 3319 1678 3378 illaque
1702 3318 1907 3364 favoribus
1937 3315 2230 3374 prosequamur
2256 3329 2332 3372 op-

1369 3380 1579 3439 portunis.
1608 3378 1712 3424 Sane
1735 3379 1912 3424 exhibita
1941 3376 2071 3422 Nobis
2100 3389 2230 3434 nuper
2253 3388 2332 3432 pro

1369 3450 1485 3499 parte
1498 3439 1731 3485 dilectarum
1745 3439 1785 3483 in
1799 3435 1964 3483 Christo
1977 3435 2151 3481 filiarum
2165 3434 2332 3479 Monit-

1367 3501 1467 3544 lium
1484 3498 1744 3544 Novitisrum
1770 3507 2095 3555 nuncupatarum
2122 3495 2173 3540 ad
2193 3496 2333 3551 Regu-

1368 3558 1449 3603 lam
1474 3556 1747 3614 profitendam
1771 3555 1942 3605 Ordinis
1959 3559 2002 3601 S.
2019 3555 2222 3600 Dominici
2247 3555 2329 3598 ΕΡ.

1366 3618 1683 3665 Proediestorum
1698 3627 2007 3674 preparatsrum
2023 3645 2038 3669 ,
2059 3615 2205 3672 petitio
2228 3626 2331 3663 eon·-

1366 3678 1522 3723 tinebst
1537 3707 1553 3730 ,
1566 3675 1696 3734 quod,
1710 3676 1903 3734 quonism
1914 3674 2135 3733 aliquando
2162 3672 2329 3724 accidit,

1364 3748 1409 3781 ut
1428 3736 1720 3786 illae‚dursnte
1748 3746 1934 3793 tempore
1957 3732 2215 3793 probationis
2238 3729 2328 3776 ills·

1363 3808 1452 3839 rum
1463 3823 1478 3848 ‚
1491 3796 1541 3840 ad
1555 3795 1821 3840 emittendam
1837 3794 2123 3842 Prosessioncm
2153 3789 2328 3893 Reegula-

2156 3865 2175 3895 r
2204 3863 2269 3901 m,
