2444 4192
365 226 535 310 402

302 364 469 407 fitomm
481 358 678 404 haereticae
696 354 908 411 pravitatis
930 354 970 397 in
994 368 1064 397 eos
1078 383 1094 407 ‚
1126 355 1196 412 qui
1215 354 1265 399 ad

302 422 486 465 ordinem
499 411 807 471 Presbyteratfis
822 427 903 456 non
928 415 1109 469 promoti
1131 412 1263 457 Miffas

304 481 515 524 celebrant
528 506 543 527 ‚
567 479 607 518 &
632 473 984 516 sacramentaliter
1003 471 1266 518 confeffiones

303 540 474 584 audiunt
488 566 502 581 .
518 534 741 580 Clementis
753 533 876 574 vm.
890 532 1190 576 Constitut.81-
1205 533 1266 575 in-

302 600 382 655 cip.
401 597 488 654 Etfi
506 595 604 638 aliis
616 606 630 635 ε
657 590 933 634 declaratoriae
961 606 1093 647 poeuae
1122 602 1265 634 contra

300 672 375 702 eos
396 654 619 711 infligenda
645 665 720 707 per
736 650 906 706 Judices
928 649 1057 693 laicos
1070 679 1086 702 ‚
1117 651 1264 707 previa

306 730 447 760 corum
477 709 774 769 degradatione
798 737 812 749 .
844 710 899 751 Et
925 711 1155 753 &unitatis
1182 713 1268 754 Suae

301 775 527 817 Constitut.
554 784 624 827 79.
661 769 851 824 incipien.
878 767 1132 825 qullolatds
1173 768 1265 826 Offi'-

296 836 400 876 cium
414 846 429 875 ε
442 830 588 874 extenti
596 842 649 871 νε
673 828 724 871 ad
738 828 914 870 minores
927 828 1108 877 25.annis
1119 854 1134 878 ,
1147 828 1262 872 dum-

298 891 424 934 modo
451 890 682 944 vigefimum
701 886 830 930 atatis
845 899 994 930 annum
1023 886 1260 944 compleve-

299 959 381 993 rint
395 978 407 990 .

411 1005 517 1051 sixti
541 1007 596 1049 V·
622 1005 842 1050 Constitut.
862 1016 927 1055 17.
946 1004 1070 1062 incip.
1093 1008 1191 1051 coelt‘
1205 1007 1258 1057 ό·

297 1070 429 1111 Terre
442 1069 632 1110 Creator.
656 1068 818 1109 Contra
848 1075 1081 1109 exercentes
1094 1076 1262 1108 artem..

295 1124 536 1180 Astrologiae
546 1124 801 1180 judiciarie,
824 1125 867 1167 δι
894 1124 974 1166 alia
995 1137 1259 1182 quecumque

292 1185 608 1229 Divinationum
628 1197 775 1241 genera
792 1211 809 1235 ,
829 1181 1010 1225 librosve
1034 1184 1178 1226 harum
1190 1197 1256 1227 ar.

291 1245 395 1288 tium
421 1244 602 1300 legentes
630 1243 694 1286 vel
709 1252 896 1286 tenentes
910 1270 922 1282 .
950 1243 1003 1284 Et
1023 1242 1256 1288 Sanctitatis

293 1305 381 1347 Suae
392 1303 613 1347 Constitut-
638 1316 653 1345 1
666 1316 679 1345 ι
691 1317 731 1359 3.
744 1301 864 1358 incip.
883 1300 1164 1358 Inserutabile‘a
1175 1303 1259 1357 {Ju-

290 1360 480 1404 AEciornn
499 1364 574 1403 nei
583 1375 599 1404 r
612 1360 821 1405 extenfivae
835 1358 888 1402 ad
900 1359 999 1412 alia,
1009 1360 1051 1402 δε
1062 1374 1156 1403 eum
1168 1374 1257 1416 gra-

290 1419 474 1475 yioribus
489 1420 622 1475 poenis
632 1450 647 1462 .

408 1478 637 1522 Clementis
651 1479 774 1521 vm.
793 1477 1016 1523 Constitut-
1031 1489 1102 1530 42.
1133 1479 1260 1534 incip.

294 1535 528 1591 eun-ficut.
545 1539 705 1579 Contra
720 1536 845 1579 Italos
862 1564 878 1586 ,
904 1550 955 1578 ne
968 1545 1083 1598 extra
1096 1535 1256 1576 Italiam

287 1593 601 1651 proficiscantur
613 1593 663 1633 ad
681 1593 771 1634 loca
785 1616 800 1637 3
826 1592 868 1631 in
882 1591 1030 1643 quibus
1052 1589 1183 1639 hbet,
1213 1593 1255 1633 &

283 1652 475 1708 publicus
490 1649 630 1691 cultus
646 1674 663 1699 ,
676 1647 757 1690 five
771 1647 861 1689 ustis
889 1645 1114 1689 Catholicae
1135 1647 1253 1692 Reli·

283 1709 418 1766 gionis
432 1720 514 1750 non
530 1707 670 1749 exiliat
683 1734 699 1758 ,
714 1703 922 1763 minusque
934 1705 991 1749 cis
1005 1703 1045 1748 in
1063 1704 1169 1751 locis
1183 1708 1254 1750 ha·

283 1768 417 1811 bitent
429 1794 442 1806 .
458 1766 513 1808 Et
529 1766 806 1821 Gregor.xV.
821 1764 1115 1808 constituta&
1128 1766 1252 1823 incip.

284 1823 456 1871 Romam*
472 1824 667 1882 I’ontifice's
678 1836 693 1867 ε
715 1834 862 1868 contra
874 1824 1088 1869 baeticos
1101 1854 1117 1878 ,
1143 1840 1196 1870 ne
1208 1826 1250 1870 in

282 1883 386 1928 locis
399 1879 528 1923 ltalia
541 1906 558 1929 ‚
572 1884 614 1924 δι
628 1881 854 1925 insularum
864 1882 1133 1938 adjacentium
1145 1899 1249 1942 quo·

280 1941 346 1986 vis
368 1947 566 2041 p‘roettzxtet:
577 1949 925 2052 fflmcugpgpgpg,
951 1941 993 1983 δι
1017 1951 1160 1986 contra
1173 1958 1246 1988 eo-

282 2013 375 2044 rum
404 2012 452 2040 au
502 2012 522 2038 r
649 2012 672 2038 e
916 2026 930 2039 .

402 2054 519 2099 Pauli
537 2056 586 2096 V.
598 2054 895 2098 Constituto&
911 2055 1033 2114 incip.
1055 2061 1251 2103 Romanus

282 2110 467 2170 Pontifbx
477 2142 490 2155 .
503 2113 783 2158 Revocatoriae
806 2110 1046 2160 facultatum
1059 2120 1250 2174 Superio-

281 2173 396 2219 ribus
409 2185 738 2231 quorumcunque
752 2173 955 2217 Ordinum
967 2203 983 2227 ‚
1005 2177 1047 2219 δι
1058 2176 1251 2234 Religio·

283 2230 422 2276 sorum
447 2231 742 2289 quoquomodo
770 2231 1038 2276 concefl'arum
1050 2263 1068 2286 ,
1095 2248 1251 2292 eogno-

280 2289 419 2338 scendi
446 2291 598 2335 Causas
626 2290 789 2335 suorum
812 2291 1065 2336 subditorum
1085 2294 1135 2336 ad
1151 2294 1249 2338 offi-

282 2353 394 2396 cium
428 2352 580 2395 Sanflae
617 2348 892 2407 lnquifitionis
933 2353 1248 2409 quomodolibet

283 2412 541 2470 pertinentes
552 2438 566 2452 .

398 2467 588 2526 Ejusdem
618 2469 841 2515 Constitut-
869 2482 943 2527 97.
969 2469 1094 2529 incip.
1131 2473 1248 2530 Reges

271 2527 451 2586 pacifici.
463 2529 735 2572 innovatoriae
748 2529 1100 2575 constitutionum
1110 2529 1134 2573 i
1154 2532 1248 2576 Six-

283 2595 331 2630 to
346 2587 421 2628 lv.
433 2585 476 2627 Gt
492 2585 568 2629 Pio
581 2588 638 2630 V.
650 2586 1000 2645 deconeeptione
1014 2589 1145 2632 Beat-
1160 2592 1248 2635 Ma·

281 2646 350 2688 rie
365 2643 546 2699 Virginis
566 2645 775 2690 editarum
786 2659 802 2689 s
822 2644 1095 2702 Impolitionis
1110 2646 1243 2704 majo-

281 2715 374 2748 rum
562 2716 601 2744 m
614 2703 653 2746 in
669 2702 968 2759 transgreflooes
983 2731 998 2756 ,
1011 2704 1034 2748 i
1048 2704 1240 2750 locorum

280 2758 592 2814 0rdinariis,&
605 2761 800 2806 heretice
831 2762 1039 2819 pravitatis
1071 2765 1243 2822 lnquili-

280 2819 439 2863 toribus
455 2819 691 2873 puniendos.
704 2822 757 2864 Et
772 2820 961 2877 Gregorii
973 2823 1068 2866 XV·
1079 2823 1243 2869 Confli-

281 2886 360 2921 tut.
375 2889 444 2927 29.
457 2877 584 2935 incip.
606 2877 871 2936 Saufffiaur
897 2883 1087 2924 naulum
1102 2881 1242 2943 Noster

280 2935 455 2978 audieus
484 2949 549 2977 am
581 2936 757 2990 liatim,
784 2938 824 2980 δι
840 2937 1117 2983 declaratoriae
1143 2955 1244 2999 pro·

281 2994 484 3039 bibitionis

281 3067 372 3098 nem
386 3065 629 3109 conceptam
644 3052 718 3101 ess'e
730 3054 768 3099 in
782 3065 954 3113 peccato
965 3057 1156 3116 originali
1171 3089 1185 3104 .

394 3114 587 3171 Gregorii
601 3116 697 3160 XV.
712 3115 936 3160 constitut.
949 3118 1145 3176 07.ineip.
1162 3122 1241 3165 Ro-

277 3186 411 3217 nanus
444 3169 623 3228 merlin
654 3178 699 3217 ln
713 3173 879 3232 specula
905 3188 919 3218 ε
951 3176 1238 3225 Revocatorioe

280 3245 622 3289 quarumcumque
646 3233 957 3278 Conccffionum
981 3237 1079 3279 vivoe
1121 3240 1232 3284 vocis

283 3291 455 3337 oraculo
471 3291 665 3335 saetarum
684 3320 699 3335 .
715 3294 766 3337 Et
783 3293 1011 3338 Sanctitatis
1027 3297 1115 3340 Suoe
1132 3301 1248 3343 Con·

280 3351 405 3394 nitur.
421 3351 631 3395 estenlivoe
642 3350 693 3394 ad
706 3353 980 3410 quoscumque
992 3381 1008 3405 ‚
1033 3368 1245 3412 quantum·

283 3412 341 3452 vis
355 3410 628 3468 privilegiatos
654 3411 695 3454 dr
710 3421 949 3467 exemptos,
977 3414 1096 3470 incip.
1130 3417 1244 3461 Auds

272 3469 352 3527 sel·
366 3481 439 3510 ree·
454 3473 668 3527 Gregorius
685 3473 789 3528 Papa
810 3470 976 3531 lusub
989 3476 1092 3518 Dat·
1112 3476 1242 3520 Roma

286 3539 355 3572 20·
374 3528 595 3573 Decembris
615 3530 688 3587 163
701 3543 736 3574 t.

402 3586 582 3637 liiul'dem
595 3588 888 3643 constitut-40.
901 3591 1022 3649 incip.
1037 3592 1239 3650 Apostolo-

280 3645 347 3691 m
362 3640 535 3700 Officium
547 3675 559 3687 .
585 3649 636 3690 Et
656 3649 884 3696 sannis-iis
900 3655 988 3696 Suoe
997 3653 1160 3698 Confi-t
1176 3666 1238 3709 14.

285 3702 410 3759 incip.
425 3717 479 3745 eo
504 3704 645 3749 modo.
661 3708 946 3754 Revocatorioe
976 3710 1236 3756 licentiarum

282 3772 618 3821 quarumcumque
649 3764 804 3822 legendi
818 3795 832 3820 ,
862 3770 900 3812 δι
927 3770 1100 3817 habendi
1114 3771 1242 3818 libros

285 3820 513 3880 prohibitos
528 3850 541 3864 .

834 198 996 285 Sub
1055 196 1369 284 ‘Urbano
1437 198 1520 286 V
1535 197 1581 284 J
1592 199 1634 285 I
1646 197 1699 286 I.

1439 356 1674 401 Sannitatis
1705 360 1791 402 Suae
1818 357 2041 404 constitut.
2068 373 2136 416 37.
2166 360 2288 417 incip.

1325 412 1584 470 sanffifflmus
1616 419 1804 460 Dominus
1826 417 1968 473 Noster
1987 412 2167 475 sollicite
2196 419 2287 461 ani-

1326 473 1567 516 madvertens
1579 506 1591 515 .
1608 478 1673 519 De
1686 475 1930 532 Imaginibus
1954 478 2131 520 nondum
2142 481 2168 524 ὲ
2180 477 2290 521 Sede

1325 529 1561 588 Apostolica
1576 535 1931 577 Canonizatorum
1946 562 1962 587 ‚
1994 536 2063 579 vel
2075 536 2288 582 Beatificae

1328 599 1465 634 torum
1479 605 1573 635 cum
1586 593 1708 636 radiis
1722 620 1736 643 ,
1763 592 2047 649 splendoribus
2061 622 2078 646 ,
2104 604 2173 638 aut
2195 596 2284 638 lau-

1323 650 1448 693 reolis
1461 664 1541 695 non
1565 652 1868 709 proponendis:
1898 651 2108 706 rabello,
2127 664 2196 697 aut
2221 653 2287 698 lu-

1327 710 1548 753 minaribus
1570 711 1622 754 ad
1649 725 1789 754 eorum
1829 709 2039 767 sepulchra
2053 723 2136 753 non
2153 725 2284 768 appo-

1323 768 1467 811 nendis
1483 781 1497 810 :
1529 782 1724 813 eorumve
1746 770 1862 825 gestis
1875 798 1891 823 ,
1919 769 2125 813 miraculis
2136 799 2153 824 ,
2167 783 2285 813 reve-

1322 825 1540 870 lationibus
1551 856 1567 881 ,
1599 828 1886 872 beneficiorum
1900 828 2253 885 impetrationibus
2265 856 2283 881 ,

1320 897 1401 927 non
1417 885 1672 942 publicandis
1685 916 1700 940 ,
1716 897 1783 931 aut
1795 887 2076 943 imprimendis
2090 916 2104 929 .

1437 947 1600 988 Pariter
1624 947 1856 990 Sanfflitatis
1882 948 1971 990 Suae
1985 948 2282 998 Constitut.50·

1319 1000 1442 1058 incip.
1470 1004 1727 1063 sanflg’ffi’mus
1754 1003 1943 1048 Dominus
1966 1006 2105 1064 Noster
2125 1015 2204 1063 pro
2216 1008 2282 1050 de-

1319 1059 1483 1117 bitofin'
1498 1063 1704 1118 Pastoralt‘s
1715 1063 1828 1120 officii
1841 1093 1854 1106 .
1881 1066 1944 1107 De
1966 1065 2080 1108 libris
2102 1066 2285 1109 ubicum-

1318 1133 1396 1175 que
1430 1120 1665 1176 compofitis
1690 1149 1706 1172 s
1739 1122 1790 1167 de
1829 1136 2086 1182 quacumque
2110 1125 2283 1168 materia

1318 1179 1598 1234 tractantibus,
1612 1183 1663 1224 ab
1677 1181 1755 1234 his,
1769 1181 1838 1238 qui
1848 1180 2007 1238 degunt
2022 1183 2062 1227 in
2076 1186 2193 1228 Statu
2209 1185 2285 1227 Ee-

1319 1236 1559 1292 clesiastico‚
1570 1253 1655 1284 non
1670 1241 1991 1285 transmittendis
2006 1241 2113 1296 alio,
2136 1250 2182 1286 ut
2205 1242 2285 1286 im·

1317 1297 1574 1352 primantur,
1600 1297 1680 1342 fine
1695 1298 1877 1350 vicarii,
1898 1301 1941 1342 δε
1962 1300 2145 1357 Magistri
2160 1301 2274 1345 Sacri

1318 1354 1465 1400 Palatii
1487 1357 1526 1399 in
1541 1357 1651 1401 Urbe
1662 1387 1679 1411 ,
1695 1356 1757 1401 vel
1772 1367 1885 1401 extra
1906 1373 1993 1402 eam
2007 1358 2087 1403 fine
2099 1359 2281 1404 Ordina-

1321 1414 1370 1458 rii
1383 1442 1400 1468 ‚
1413 1415 1454 1456 δι
1468 1417 1740 1472 lnquifitoris,
1753 1427 1820 1459 aut
1838 1418 1889 1460 ab
1903 1418 1962 1460 eis
1978 1417 2284 1474 deputatorum,

1320 1472 1487 1515 licentia
1502 1501 1515 1514 .

1435 1531 1493 1570 Et
1513 1528 1690 1582 eiufflem
1706 1532 1940 1575 sanctitatis
1957 1536 2044 1577 Suae
2059 1533 2282 1578 constitut.

1316 1583 1386 1626 sub
1401 1586 1498 1628 Dat.
1515 1587 1660 1630 Romae
1681 1588 1748 1632 die
1759 1600 1801 1638 5·
1818 1590 2060 1637 Novembris
2085 1591 2139 1636 16
2139 1605 2164 1649 3
2175 1606 2210 1635 ι.
2226 1593 2286 1636 in-

1314 1642 1394 1699 cip.
1421 1643 1650 1701 Cum2stcut
1663 1650 1874 1703 accepitnus
1885 1678 1898 1691 .
1929 1649 2054 1712 Qod
2071 1650 2287 1696 Constitu-¹

1313 1701 1446 1746 tiones
1476 1704 1719 1760 Apostolicae
1748 1706 1891 1750 Fidem
1918 1707 2185 1753 catholicam
2199 1737 2214 1761 ‚
2242 1710 2284 1754 δι

1312 1763 1464 1805 Sanetae
1478 1762 1752 1818 Inquifitionis
1768 1763 1960 1810 Officium
1988 1767 2177 1812 haetenus
2194 1768 2284 1813 edi·

1311 1826 1390 1874 tae,
1417 1821 1715 1878 &inposterum
1739 1824 1860 1867 etiam
1888 1822 2004 1883 super
2028 1840 2281 1887 quacumque

1308 1878 1387 1922 alia
1402 1894 1448 1923 re
1461 1880 1653 1936 edenda,
1677 1897 1822 1927 omnes
1847 1883 2074 1939 Regulares
2103 1899 2282 1942 quomo-

1314 1937 1471 1983 dolibet
1497 1941 1773 1998 privilegiatos
1797 1944 2150 1997 comprehendant
2164 1972 2179 1996 ‚
2210 1944 2280 1990 nifi

1311 1996 1353 2039 in
1367 1998 1538 2041 edendis
1554 1998 1613 2042 illi
1627 1999 1852 2056 specialiter
1864 2001 2118 2059 excipiantur
2133 2032 2147 2047 .

1427 2059 1484 2101 Et
1498 2057 1655 2114 inffiper
1668 2058 1790 2104 iidem
1805 2060 2043 2117 Superiores
2057 2070 2275 2111 teneantur

1309 2118 1506 2159 curare&
1522 2116 1711 2169 efficere,
1737 2128 1780 2162 ut
1797 2119 1916 2175 hujus
1943 2122 2110 2166 Decreti
2135 2121 2277 2175 exenta

1309 2174 1379 2231 pla
1393 2175 1530 2232 aliquo
1544 2177 1583 2219 in
1609 2176 1707 2222 loco
1720 2179 1827 2235 apud
1839 2193 1912 2223 eos
1923 2179 2091 2236 publico
2108 2181 2278 2239 affigan-

1308 2242 1379 2277 tur
1403 2263 1421 2288 ,
1443 2235 1486 2276 δι
1505 2234 1620 2279 affixa
1638 2237 1930 2282 conserventur
1952 2239 2038 2289 ita,
2059 2248 2103 2282 ut
2130 2243 2181 2284 ab
2205 2240 2282 2287 eis-

1309 2290 1406 2336 dem
1418 2292 1584 2338 subditis
1597 2293 1816 2352 Religiofis
1827 2297 2015 2343 omnibus
2034 2296 2191 2352 videri,
2221 2314 2271 2344 ac

1309 2350 1388 2406 legi
1414 2353 1630 2398 commode
1652 2364 1798 2411 queant
1822 2368 1837 2399 ε
1865 2358 2010 2414 Deque
2039 2355 2272 2413 hujusmodi

1307 2412 1631 2456 commonitione
1650 2413 1816 2470 publico
1839 2412 2091 2459 documento
2107 2415 2275 2462 statim-2

1306 2470 1529 2515 certiorem
1541 2471 1670 2517 ficere
1683 2474 2058 2531 Congregationem
2073 2474 2271 2520 Sanetiffi-

1306 2541 1379 2572 πη
1393 2529 1669 2599 Inquifitionis
1685 2531 1724 2574 in
1739 2531 1851 2576 Urbe
1865 2562 1878 2576 .
1904 2534 1961 2578 Et
1973 2533 2029 2579 ita
2045 2533 2209 2579 mandat
2231 2536 2273 2581 δι

1304 2588 1485 2647 precipit
1497 2589 1696 2640 Sanctitas
1710 2592 1790 2635 Sua
1802 2621 1817 2636 .
2045 2623 2049 2626 -

1574 2708 1995 2777 NOTA.

1403 2858 1543 2897 Malum
1558 2859 1677 2898 barum
1688 2857 1995 2900 Constitutionum
2012 2883 2027 2906 ,
2039 2857 2075 2897 ἃ
2100 2861 2268 2901 Decretu-

1422 2918 1497 2946 rum
1510 2906 1594 2947 ficut
1607 2909 1643 2947 ἃ
1653 2910 1798 2947 ollarum
1812 2920 1850 2947 nc
1869 2910 2109 2957 aliorumque
2122 2910 2167 2949 sd
2180 2921 2271 2950 nien·

1303 2954 1372 2991 (sm
1389 2956 1560 3006 publicam
1573 2958 1644 3004 legi
1658 2957 1823 2996 sancitum
1839 2959 1905 3005 est.
1922 2957 2114 3009 Appendix
2128 2958 2267 3000 linibu-

559 2996 698 3041 erendi
729 2997 892 3040 Beatam
916 2998 1089 3043 Mariam
1106 3001 1244 3060 Virgi-
1297 3002 1359 3053 Jus
1377 3007 1463 3046 «omi
1478 3018 1544 3056 pro
1557 3007 1810 3047 Convenruum
1825 3010 2012 3048 commodo
2025 3006 2242 3057 adjungetur.

1302 3146 2258 3168 —m-———

1307 3259 1410 3308 Nee
1426 3259 1679 3328 Regulares
1706 3262 1920 3313 invitatos
1934 3259 1988 3320 ,ὲ
2013 3257 2261 3311 cadaveri·

1374 3327 1459 3379 bus
1487 3330 1532 3379 in
1564 3347 1831 3401 quacunque
1871 3327 2071 3383 Ecclesia
2101 3343 2260 3382 tumu-

1372 3397 1546 3461 landis,
1574 3401 1954 3469 proceffionsliter
1988 3397 2258 3453 associandis

1369 3469 1396 3518 ὲ
1416 3473 1529 3523 DD.
1549 3474 1763 3526 Parochis
1786 3469 2029 3541 impediri,
2053 3489 2134 3522 nec
2151 3476 2261 3527 Hae·

1368 3539 1497 3592 redes
1510 3540 1567 3593 ad
1590 3543 1798 3612 exequias
1814 3540 1864 3595 dt
1886 3540 2188 3596 anniversaria
2211 3545 2259 3597 in

1371 3610 1581 3663 Ecclefiis
1595 3612 1932 3666 Perochialibus
1964 3630 2048 3683 pro
2083 3612 2256 3667 Defun-

1368 3681 1451 3732 (tis
1478 3683 1522 3731 in
1541 3680 1750 3734 Ecclefiis
1780 3685 2083 3755 Regularium
2109 3681 2256 3756 sepul·

1370 3754 1428 3801 tis
1469 3750 1765 3818 persolvenda
1813 3757 1919 3826 cogi
1980 3754 2101 3826 posse
2148 3773 2255 3808 con.

1367 3818 1520 3873 firmat
1532 3857 1546 3874 .

2107 3897 2211 3941 UR-
