<?xml version="1.0" encoding="UTF-8"?>
<!DOCTYPE html PUBLIC "-//W3C//DTD XHTML 1.0 Transitional//EN"
    "http://www.w3.org/TR/xhtml1/DTD/xhtml1-transitional.dtd">
<html xmlns="http://www.w3.org/1999/xhtml" xml:lang="en" lang="en">
 <head>
  <title>
</title>
<meta http-equiv="Content-Type" content="text/html;charset=utf-8" />
  <meta name='ocr-system' content='tesseract 3.04.00' />
  <meta name='ocr-capabilities' content='ocr_page ocr_carea ocr_par ocr_line ocrx_word'/>
</head>
<body>
  <div class='ocr_page' id='page_1' title='image "./bullariumordinis06cath_0327.png"; bbox 0 0 2444 4192; ppageno 0'>
   <div class='ocr_carea' id='block_1_1' title="bbox 844 133 1466 221">
    <p class='ocr_par' dir='ltr' id='par_1_1' title="bbox 844 133 1466 221">
     <span class='ocr_line' id='line_1_1' title="bbox 844 133 1466 221; baseline -0.003 -4"><span class='ocrx_word' id='word_1_1' title='bbox 844 134 1010 218; x_wconf 79' lang='lat' dir='ltr'>Sub</span> <span class='ocrx_word' id='word_1_2' title='bbox 1069 136 1295 221; x_wconf 82' lang='lat' dir='ltr'><em>Sixto</em></span> <span class='ocrx_word' id='word_1_3' title='bbox 1363 133 1466 219; x_wconf 90' lang='lat' dir='ltr'>V.</span> 
     </span>
    </p>
   </div>
   <div class='ocr_carea' id='block_1_2' title="bbox 172 274 1149 2376">
    <p class='ocr_par' dir='ltr' id='par_1_2' title="bbox 172 274 1141 2072">
     <span class='ocr_line' id='line_1_2' title="bbox 185 274 1136 326; baseline -0.006 1"><span class='ocrx_word' id='word_1_4' title='bbox 185 283 308 326; x_wconf 87' lang='lat' dir='ltr'>Curia</span> <span class='ocrx_word' id='word_1_5' title='bbox 324 275 572 320; x_wconf 81' lang='lat' dir='ltr'>existentium</span> <span class='ocrx_word' id='word_1_6' title='bbox 588 274 752 319; x_wconf 84' lang='lat' dir='ltr'>consilio</span> <span class='ocrx_word' id='word_1_7' title='bbox 768 304 782 326; x_wconf 90' lang='lat'>‚</span> <span class='ocrx_word' id='word_1_8' title='bbox 798 278 838 317; x_wconf 88' lang='lat'>&amp;</span> <span class='ocrx_word' id='word_1_9' title='bbox 852 280 1023 319; x_wconf 81' lang='lat' dir='ltr'>unanimi</span> <span class='ocrx_word' id='word_1_10' title='bbox 1038 294 1136 321; x_wconf 89' lang='lat' dir='ltr'>eon-</span> 
     </span>
     <span class='ocr_line' id='line_1_3' title="bbox 179 333 1133 383; baseline -0.007 0"><span class='ocrx_word' id='word_1_11' title='bbox 179 340 288 383; x_wconf 87' lang='lat' dir='ltr'>sensu</span> <span class='ocrx_word' id='word_1_12' title='bbox 310 339 354 378; x_wconf 87' lang='lat' dir='ltr'>B.</span> <span class='ocrx_word' id='word_1_13' title='bbox 373 337 558 377; x_wconf 78' lang='lat' dir='ltr'>Fratrem</span> <span class='ocrx_word' id='word_1_14' title='bbox 575 334 770 376; x_wconf 88' lang='lat' dir='ltr'>Didaeum</span> <span class='ocrx_word' id='word_1_15' title='bbox 785 333 836 374; x_wconf 90' lang='lat' dir='ltr'>de</span> <span class='ocrx_word' id='word_1_16' title='bbox 849 338 993 375; x_wconf 72' lang='lat' dir='ltr'>sancto</span> <span class='ocrx_word' id='word_1_17' title='bbox 1011 338 1133 379; x_wconf 83' lang='lat' dir='ltr'>Nico.</span> 
     </span>
     <span class='ocr_line' id='line_1_4' title="bbox 176 388 1130 448; baseline -0.007 -8"><span class='ocrx_word' id='word_1_18' title='bbox 176 399 246 448; x_wconf 85' lang='lat' dir='ltr'>lao</span> <span class='ocrx_word' id='word_1_19' title='bbox 264 393 484 438; x_wconf 73' lang='lat' dir='ltr'>Provinciae</span> <span class='ocrx_word' id='word_1_20' title='bbox 500 393 669 436; x_wconf 85' lang='lat' dir='ltr'>Bethicae</span> <span class='ocrx_word' id='word_1_21' title='bbox 684 388 924 443; x_wconf 82' lang='lat' dir='ltr'>Hispanum,</span> <span class='ocrx_word' id='word_1_22' title='bbox 938 393 1130 433; x_wconf 82' lang='lat' dir='ltr'>Ordinem</span> 
     </span>
     <span class='ocr_line' id='line_1_5' title="bbox 177 447 1129 502; baseline -0.008 -5"><span class='ocrx_word' id='word_1_23' title='bbox 177 455 381 498; x_wconf 87' lang='lat' dir='ltr'>Minorum</span> <span class='ocrx_word' id='word_1_24' title='bbox 410 453 541 493; x_wconf 75' lang='lat' dir='ltr'>San6ii</span> <span class='ocrx_word' id='word_1_25' title='bbox 558 447 751 494; x_wconf 76' lang='lat' dir='ltr'>francisci</span> <span class='ocrx_word' id='word_1_26' title='bbox 777 449 958 502; x_wconf 73' lang='lat' dir='ltr'>expresse</span> <span class='ocrx_word' id='word_1_27' title='bbox 974 447 1129 490; x_wconf 84' lang='lat' dir='ltr'>Profes-</span> 
     </span>
     <span class='ocr_line' id='line_1_6' title="bbox 174 506 1127 567; baseline -0.005 -13"><span class='ocrx_word' id='word_1_28' title='bbox 174 511 282 560; x_wconf 81' lang='lat' dir='ltr'>sum,</span> <span class='ocrx_word' id='word_1_29' title='bbox 316 507 592 567; x_wconf 81' lang='lat' dir='ltr'>sepultumque</span> <span class='ocrx_word' id='word_1_30' title='bbox 620 506 829 563; x_wconf 85' lang='lat' dir='ltr'>Compluti</span> <span class='ocrx_word' id='word_1_31' title='bbox 851 508 891 547; x_wconf 89' lang='lat' dir='ltr'>in</span> <span class='ocrx_word' id='word_1_32' title='bbox 922 506 1127 549; x_wconf 59' lang='lat' dir='ltr'>Ecclefia,</span> 
     </span>
     <span class='ocr_line' id='line_1_7' title="bbox 174 560 1130 623; baseline -0.013 -10"><span class='ocrx_word' id='word_1_33' title='bbox 174 571 364 613; x_wconf 81' lang='lat' dir='ltr'>Fratrum</span> <span class='ocrx_word' id='word_1_34' title='bbox 380 566 556 623; x_wconf 86' lang='lat' dir='ltr'>ejusdem</span> <span class='ocrx_word' id='word_1_35' title='bbox 575 566 752 613; x_wconf 80' lang='lat' dir='ltr'>Ordinis,</span> <span class='ocrx_word' id='word_1_36' title='bbox 765 563 815 605; x_wconf 87' lang='lat' dir='ltr'>de</span> <span class='ocrx_word' id='word_1_37' title='bbox 827 560 936 616; x_wconf 86' lang='lat' dir='ltr'>cujus</span> <span class='ocrx_word' id='word_1_38' title='bbox 947 560 1039 605; x_wconf 86' lang='lat' dir='ltr'>fidei</span> <span class='ocrx_word' id='word_1_39' title='bbox 1053 574 1130 616; x_wconf 87' lang='lat' dir='ltr'>pu-</span> 
     </span>
     <span class='ocr_line' id='line_1_8' title="bbox 172 619 1130 676; baseline -0.008 -6"><span class='ocrx_word' id='word_1_40' title='bbox 172 628 300 671; x_wconf 79' lang='lat' dir='ltr'>ritate</span> <span class='ocrx_word' id='word_1_41' title='bbox 315 652 330 676; x_wconf 97' lang='lat'>,</span> <span class='ocrx_word' id='word_1_42' title='bbox 345 625 584 669; x_wconf 83' lang='lat' dir='ltr'>excellentia</span> <span class='ocrx_word' id='word_1_43' title='bbox 601 626 687 668; x_wconf 70' lang='lat' dir='ltr'>vita</span> <span class='ocrx_word' id='word_1_44' title='bbox 699 650 714 674; x_wconf 84' lang='lat'>,</span> <span class='ocrx_word' id='word_1_45' title='bbox 741 623 780 664; x_wconf 78' lang='grc' dir='ltr'>δι</span> <span class='ocrx_word' id='word_1_46' title='bbox 800 619 1130 664; x_wconf 67' lang='lat' dir='ltr'>miraculorum...</span> 
     </span>
     <span class='ocr_line' id='line_1_9' title="bbox 173 676 1135 741; baseline -0.01 -13"><span class='ocrx_word' id='word_1_47' title='bbox 173 686 214 728; x_wconf 90' lang='lat' dir='ltr'>in</span> <span class='ocrx_word' id='word_1_48' title='bbox 229 686 312 728; x_wconf 87' lang='lat' dir='ltr'>vita</span> <span class='ocrx_word' id='word_1_49' title='bbox 329 687 369 727; x_wconf 77' lang='grc' dir='ltr'>δι</span> <span class='ocrx_word' id='word_1_50' title='bbox 388 685 473 741; x_wconf 87' lang='lat' dir='ltr'>post</span> <span class='ocrx_word' id='word_1_51' title='bbox 488 693 662 728; x_wconf 87' lang='lat' dir='ltr'>mortem</span> <span class='ocrx_word' id='word_1_52' title='bbox 685 681 892 729; x_wconf 85' lang='lat' dir='ltr'>claritate,</span> <span class='ocrx_word' id='word_1_53' title='bbox 903 677 1030 722; x_wconf 82' lang='lat' dir='ltr'>Nobis</span> <span class='ocrx_word' id='word_1_54' title='bbox 1054 676 1135 733; x_wconf 88' lang='lat' dir='ltr'>ple-</span> 
     </span>
     <span class='ocr_line' id='line_1_10' title="bbox 175 735 1129 792; baseline -0.01 -5"><span class='ocrx_word' id='word_1_55' title='bbox 175 743 329 787; x_wconf 74' lang='lat' dir='ltr'>nissime</span> <span class='ocrx_word' id='word_1_56' title='bbox 343 744 499 786; x_wconf 85' lang='lat' dir='ltr'>constat</span> <span class='ocrx_word' id='word_1_57' title='bbox 513 769 528 792; x_wconf 94' lang='lat'>,</span> <span class='ocrx_word' id='word_1_58' title='bbox 545 743 584 785; x_wconf 89' lang='lat' dir='ltr'>in</span> <span class='ocrx_word' id='word_1_59' title='bbox 597 743 834 787; x_wconf 64' lang='lat' dir='ltr'>Sanftorum</span> <span class='ocrx_word' id='word_1_60' title='bbox 846 735 1129 782; x_wconf 78' lang='lat' dir='ltr'>Consefforum</span> 
     </span>
     <span class='ocr_line' id='line_1_11' title="bbox 174 794 1131 850; baseline -0.008 -6"><span class='ocrx_word' id='word_1_61' title='bbox 174 815 385 845; x_wconf 88' lang='lat' dir='ltr'>numerum</span> <span class='ocrx_word' id='word_1_62' title='bbox 398 827 413 850; x_wconf 87' lang='lat'>,</span> <span class='ocrx_word' id='word_1_63' title='bbox 426 803 464 843; x_wconf 73' lang='grc' dir='ltr'>δι</span> <span class='ocrx_word' id='word_1_64' title='bbox 487 801 637 844; x_wconf 82' lang='lat' dir='ltr'>Catalo</span> <span class='ocrx_word' id='word_1_65' title='bbox 667 813 733 842; x_wconf 91' lang='lat' dir='ltr'>um</span> <span class='ocrx_word' id='word_1_66' title='bbox 747 797 1055 842; x_wconf 89' lang='lat' dir='ltr'>adscribendum</span> <span class='ocrx_word' id='word_1_67' title='bbox 1070 794 1131 837; x_wconf 86' lang='lat' dir='ltr'>es-</span> 
     </span>
     <span class='ocr_line' id='line_1_12' title="bbox 172 858 1133 912; baseline -0.007 -10"><span class='ocrx_word' id='word_1_68' title='bbox 172 859 211 902; x_wconf 92' lang='lat' dir='ltr'>se</span> <span class='ocrx_word' id='word_1_69' title='bbox 236 859 485 902; x_wconf 79' lang='lat' dir='ltr'>decrevimus</span> <span class='ocrx_word' id='word_1_70' title='bbox 508 861 548 901; x_wconf 85' lang='lat'>&amp;</span> <span class='ocrx_word' id='word_1_71' title='bbox 574 861 626 903; x_wconf 91' lang='lat' dir='ltr'>ad</span> <span class='ocrx_word' id='word_1_72' title='bbox 644 858 835 902; x_wconf 88' lang='lat' dir='ltr'>cribimus</span> <span class='ocrx_word' id='word_1_73' title='bbox 849 868 1065 912; x_wconf 79' lang='lat' dir='ltr'>,eumque,</span> <span class='ocrx_word' id='word_1_74' title='bbox 1085 862 1133 896; x_wconf 88' lang='lat' dir='ltr'>ut</span> 
     </span>
     <span class='ocr_line' id='line_1_13' title="bbox 175 914 1134 970; baseline -0.008 -8"><span class='ocrx_word' id='word_1_75' title='bbox 175 921 362 962; x_wconf 69' lang='lat' dir='ltr'>Sanctum</span> <span class='ocrx_word' id='word_1_76' title='bbox 378 918 428 962; x_wconf 88' lang='lat' dir='ltr'>ab</span> <span class='ocrx_word' id='word_1_77' title='bbox 439 918 623 961; x_wconf 88' lang='lat' dir='ltr'>omnibus</span> <span class='ocrx_word' id='word_1_78' title='bbox 651 915 922 970; x_wconf 76' lang='lat' dir='ltr'>venerandum</span> <span class='ocrx_word' id='word_1_79' title='bbox 935 914 1010 957; x_wconf 77' lang='lat' dir='ltr'>elie</span> <span class='ocrx_word' id='word_1_80' title='bbox 1022 926 1134 955; x_wconf 88' lang='lat' dir='ltr'>man-</span> 
     </span>
     <span class='ocr_line' id='line_1_14' title="bbox 176 971 1135 1029; baseline -0.005 -11"><span class='ocrx_word' id='word_1_81' title='bbox 176 975 343 1020; x_wconf 80' lang='lat' dir='ltr'>damus:</span> <span class='ocrx_word' id='word_1_82' title='bbox 365 975 578 1021; x_wconf 86' lang='lat' dir='ltr'>statuentes</span> <span class='ocrx_word' id='word_1_83' title='bbox 592 1007 608 1029; x_wconf 90' lang='lat'>,</span> <span class='ocrx_word' id='word_1_84' title='bbox 623 986 665 1019; x_wconf 89' lang='lat' dir='ltr'>ut</span> <span class='ocrx_word' id='word_1_85' title='bbox 686 976 738 1019; x_wconf 89' lang='lat' dir='ltr'>ab</span> <span class='ocrx_word' id='word_1_86' title='bbox 764 972 974 1018; x_wconf 81' lang='lat' dir='ltr'>universali</span> <span class='ocrx_word' id='word_1_87' title='bbox 995 971 1135 1016; x_wconf 82' lang='lat' dir='ltr'>Eccle-</span> 
     </span>
     <span class='ocr_line' id='line_1_15' title="bbox 175 1029 1134 1090; baseline -0.005 -14"><span class='ocrx_word' id='word_1_88' title='bbox 175 1036 227 1076; x_wconf 87' lang='lat' dir='ltr'>fia</span> <span class='ocrx_word' id='word_1_89' title='bbox 251 1048 358 1077; x_wconf 89' lang='lat' dir='ltr'>anno</span> <span class='ocrx_word' id='word_1_90' title='bbox 375 1033 556 1090; x_wconf 89' lang='lat' dir='ltr'>quolibet</span> <span class='ocrx_word' id='word_1_91' title='bbox 571 1036 636 1080; x_wconf 89' lang='lat' dir='ltr'>die</span> <span class='ocrx_word' id='word_1_92' title='bbox 650 1049 728 1079; x_wconf 82' lang='lat' dir='ltr'>xii.</span> <span class='ocrx_word' id='word_1_93' title='bbox 738 1033 979 1079; x_wconf 83' lang='lat' dir='ltr'>Novembris</span> <span class='ocrx_word' id='word_1_94' title='bbox 994 1029 1134 1074; x_wconf 83' lang='lat' dir='ltr'>festum</span> 
     </span>
     <span class='ocr_line' id='line_1_16' title="bbox 177 1091 1139 1150; baseline -0.002 -15"><span class='ocrx_word' id='word_1_95' title='bbox 177 1092 295 1149; x_wconf 87' lang='lat' dir='ltr'>iplius</span> <span class='ocrx_word' id='word_1_96' title='bbox 317 1094 358 1134; x_wconf 77' lang='grc' dir='ltr'>δε</span> <span class='ocrx_word' id='word_1_97' title='bbox 386 1091 579 1137; x_wconf 85' lang='lat' dir='ltr'>Officium</span> <span class='ocrx_word' id='word_1_98' title='bbox 594 1121 609 1145; x_wconf 88' lang='lat'>,</span> <span class='ocrx_word' id='word_1_99' title='bbox 634 1095 746 1138; x_wconf 86' lang='lat' dir='ltr'>ficuti</span> <span class='ocrx_word' id='word_1_100' title='bbox 774 1107 851 1150; x_wconf 91' lang='lat' dir='ltr'>pro</span> <span class='ocrx_word' id='word_1_101' title='bbox 882 1106 963 1136; x_wconf 89' lang='lat' dir='ltr'>uno</span> <span class='ocrx_word' id='word_1_102' title='bbox 990 1092 1139 1135; x_wconf 72' lang='lat' dir='ltr'>Sancto</span> 
     </span>
     <span class='ocr_line' id='line_1_17' title="bbox 178 1149 1138 1204; baseline -0.005 -10"><span class='ocrx_word' id='word_1_103' title='bbox 178 1149 416 1194; x_wconf 81' lang='lat' dir='ltr'>Confefl&#39;ore</span> <span class='ocrx_word' id='word_1_104' title='bbox 443 1153 602 1195; x_wconf 75' lang='lat' dir='ltr'>tantum</span> <span class='ocrx_word' id='word_1_105' title='bbox 618 1181 632 1204; x_wconf 86' lang='lat'>,</span> <span class='ocrx_word' id='word_1_106' title='bbox 651 1153 700 1195; x_wconf 87' lang='lat' dir='ltr'>ad</span> <span class='ocrx_word' id='word_1_107' title='bbox 715 1151 887 1195; x_wconf 88' lang='lat' dir='ltr'>formam</span> <span class='ocrx_word' id='word_1_108' title='bbox 913 1151 951 1192; x_wconf 91' lang='lat' dir='ltr'>in</span> <span class='ocrx_word' id='word_1_109' title='bbox 967 1149 1138 1193; x_wconf 81' lang='lat' dir='ltr'>rubricis</span> 
     </span>
     <span class='ocr_line' id='line_1_18' title="bbox 173 1206 1138 1264; baseline -0.003 -14"><span class='ocrx_word' id='word_1_110' title='bbox 173 1209 346 1252; x_wconf 86' lang='lat' dir='ltr'>Romani</span> <span class='ocrx_word' id='word_1_111' title='bbox 373 1209 566 1251; x_wconf 82' lang='lat' dir='ltr'>Breviarii</span> <span class='ocrx_word' id='word_1_112' title='bbox 580 1209 734 1264; x_wconf 82' lang='lat' dir='ltr'>praescri</span> <span class='ocrx_word' id='word_1_113' title='bbox 739 1220 851 1264; x_wconf 89' lang='lat' dir='ltr'>ptam</span> <span class='ocrx_word' id='word_1_114' title='bbox 864 1208 1014 1252; x_wconf 69' lang='lat' dir='ltr'>devote</span> <span class='ocrx_word' id='word_1_115' title='bbox 1030 1206 1138 1250; x_wconf 91' lang='lat' dir='ltr'>cele-</span> 
     </span>
     <span class='ocr_line' id='line_1_19' title="bbox 176 1263 1138 1323; baseline -0.003 -14"><span class='ocrx_word' id='word_1_116' title='bbox 176 1270 340 1315; x_wconf 87' lang='lat' dir='ltr'>bretur,</span> <span class='ocrx_word' id='word_1_117' title='bbox 365 1263 555 1323; x_wconf 85' lang='lat' dir='ltr'>quodque</span> <span class='ocrx_word' id='word_1_118' title='bbox 571 1267 610 1309; x_wconf 90' lang='lat' dir='ltr'>in</span> <span class='ocrx_word' id='word_1_119' title='bbox 625 1264 711 1322; x_wconf 83' lang='lat' dir='ltr'>ejus</span> <span class='ocrx_word' id='word_1_120' title='bbox 739 1270 937 1309; x_wconf 89' lang='lat' dir='ltr'>honorem</span> <span class='ocrx_word' id='word_1_121' title='bbox 956 1264 1138 1308; x_wconf 73' lang='lat' dir='ltr'>Eccleliae</span> 
     </span>
     <span class='ocr_line' id='line_1_20' title="bbox 174 1322 1134 1382; baseline -0.006 -13"><span class='ocrx_word' id='word_1_122' title='bbox 174 1327 216 1369; x_wconf 70' lang='grc' dir='ltr'>ἃ.</span> <span class='ocrx_word' id='word_1_123' title='bbox 230 1323 384 1368; x_wconf 83' lang='lat' dir='ltr'>Altaria</span> <span class='ocrx_word' id='word_1_124' title='bbox 399 1323 469 1373; x_wconf 90' lang='lat' dir='ltr'>,in</span> <span class='ocrx_word' id='word_1_125' title='bbox 484 1326 624 1382; x_wconf 88' lang='lat' dir='ltr'>quibus</span> <span class='ocrx_word' id='word_1_126' title='bbox 640 1328 731 1367; x_wconf 92' lang='lat' dir='ltr'>Deo</span> <span class='ocrx_word' id='word_1_127' title='bbox 754 1323 947 1367; x_wconf 80' lang='lat' dir='ltr'>sacrificia</span> <span class='ocrx_word' id='word_1_128' title='bbox 960 1322 1134 1365; x_wconf 78' lang='lat' dir='ltr'>offeran-</span> 
     </span>
     <span class='ocr_line' id='line_1_21' title="bbox 175 1379 1135 1440; baseline -0.004 -10"><span class='ocrx_word' id='word_1_129' title='bbox 175 1394 246 1430; x_wconf 82' lang='lat' dir='ltr'>tut</span> <span class='ocrx_word' id='word_1_130' title='bbox 258 1410 272 1434; x_wconf 71' lang='lat' dir='ltr'>s</span> <span class='ocrx_word' id='word_1_131' title='bbox 286 1382 386 1438; x_wconf 76' lang='lat' dir='ltr'>erigi</span> <span class='ocrx_word' id='word_1_132' title='bbox 412 1382 453 1423; x_wconf 73' lang='grc' dir='ltr'>δι</span> <span class='ocrx_word' id='word_1_133' title='bbox 466 1379 624 1428; x_wconf 85' lang='lat' dir='ltr'>fundari</span> <span class='ocrx_word' id='word_1_134' title='bbox 649 1382 795 1440; x_wconf 80' lang='lat' dir='ltr'>poflint</span> <span class='ocrx_word' id='word_1_135' title='bbox 814 1409 831 1432; x_wconf 89' lang='lat'>,</span> <span class='ocrx_word' id='word_1_136' title='bbox 856 1380 1135 1438; x_wconf 58' lang='lat' dir='ltr'>eademquu</span> 
     </span>
     <span class='ocr_line' id='line_1_22' title="bbox 179 1440 1136 1497; baseline -0.005 -11"><span class='ocrx_word' id='word_1_137' title='bbox 179 1442 421 1486; x_wconf 63' lang='lat' dir='ltr'>auetoritate</span> <span class='ocrx_word' id='word_1_138' title='bbox 444 1443 627 1487; x_wconf 85' lang='lat' dir='ltr'>omnibus</span> <span class='ocrx_word' id='word_1_139' title='bbox 657 1441 754 1485; x_wconf 67' lang='lat' dir='ltr'>veris</span> <span class='ocrx_word' id='word_1_140' title='bbox 781 1441 1073 1497; x_wconf 80' lang='lat' dir='ltr'>poenitentibus</span> <span class='ocrx_word' id='word_1_141' title='bbox 1097 1440 1136 1481; x_wconf 86' lang='lat'>&amp;</span> 
     </span>
     <span class='ocr_line' id='line_1_23' title="bbox 183 1496 1137 1557; baseline -0.005 -13"><span class='ocrx_word' id='word_1_142' title='bbox 183 1499 366 1545; x_wconf 77' lang='lat' dir='ltr'>confessis</span> <span class='ocrx_word' id='word_1_143' title='bbox 378 1527 394 1552; x_wconf 84' lang='lat'>,</span> <span class='ocrx_word' id='word_1_144' title='bbox 410 1501 479 1556; x_wconf 87' lang='lat' dir='ltr'>qui</span> <span class='ocrx_word' id='word_1_145' title='bbox 492 1500 652 1557; x_wconf 79' lang='lat' dir='ltr'>singulis</span> <span class='ocrx_word' id='word_1_146' title='bbox 666 1499 778 1544; x_wconf 88' lang='lat' dir='ltr'>annis</span> <span class='ocrx_word' id='word_1_147' title='bbox 789 1499 934 1542; x_wconf 88' lang='lat' dir='ltr'>eodem</span> <span class='ocrx_word' id='word_1_148' title='bbox 958 1498 1025 1542; x_wconf 90' lang='lat' dir='ltr'>die</span> <span class='ocrx_word' id='word_1_149' title='bbox 1040 1496 1137 1540; x_wconf 79' lang='lat' dir='ltr'>sesto</span> 
     </span>
     <span class='ocr_line' id='line_1_24' title="bbox 180 1557 1137 1616; baseline -0.005 -13"><span class='ocrx_word' id='word_1_150' title='bbox 180 1559 447 1616; x_wconf 63' lang='lat' dir='ltr'>supradictam</span> <span class='ocrx_word' id='word_1_151' title='bbox 464 1558 681 1603; x_wconf 87' lang='lat' dir='ltr'>Eeclefiam</span> <span class='ocrx_word' id='word_1_152' title='bbox 694 1558 846 1616; x_wconf 91' lang='lat' dir='ltr'>Oppidi</span> <span class='ocrx_word' id='word_1_153' title='bbox 860 1557 1137 1615; x_wconf 90' lang='lat' dir='ltr'>Compluten-</span> 
     </span>
     <span class='ocr_line' id='line_1_25' title="bbox 179 1615 1136 1674; baseline -0.004 -14"><span class='ocrx_word' id='word_1_154' title='bbox 179 1618 226 1660; x_wconf 82' lang='lat' dir='ltr'>fis</span> <span class='ocrx_word' id='word_1_155' title='bbox 253 1618 439 1661; x_wconf 83' lang='lat' dir='ltr'>Toletan-</span> <span class='ocrx_word' id='word_1_156' title='bbox 456 1619 589 1662; x_wconf 83' lang='lat' dir='ltr'>Dioec.</span> <span class='ocrx_word' id='word_1_157' title='bbox 604 1617 668 1660; x_wconf 92' lang='lat' dir='ltr'>ubi</span> <span class='ocrx_word' id='word_1_158' title='bbox 689 1619 805 1674; x_wconf 82' lang='lat' dir='ltr'>ipfius</span> <span class='ocrx_word' id='word_1_159' title='bbox 819 1631 965 1673; x_wconf 91' lang='lat' dir='ltr'>corpus</span> <span class='ocrx_word' id='word_1_160' title='bbox 980 1615 1136 1672; x_wconf 90' lang='lat' dir='ltr'>requie·</span> 
     </span>
     <span class='ocr_line' id='line_1_26' title="bbox 178 1673 1136 1730; baseline -0.004 -12"><span class='ocrx_word' id='word_1_161' title='bbox 178 1675 252 1719; x_wconf 89' lang='lat' dir='ltr'>scit</span> <span class='ocrx_word' id='word_1_162' title='bbox 265 1702 280 1726; x_wconf 84' lang='lat'>,</span> <span class='ocrx_word' id='word_1_163' title='bbox 312 1689 466 1720; x_wconf 86' lang='lat' dir='ltr'>necnon</span> <span class='ocrx_word' id='word_1_164' title='bbox 498 1677 656 1719; x_wconf 87' lang='lat' dir='ltr'>Altaria</span> <span class='ocrx_word' id='word_1_165' title='bbox 676 1678 716 1718; x_wconf 74' lang='grc' dir='ltr'>δι</span> <span class='ocrx_word' id='word_1_166' title='bbox 739 1675 935 1718; x_wconf 77' lang='lat' dir='ltr'>Eccleiias</span> <span class='ocrx_word' id='word_1_167' title='bbox 950 1701 964 1724; x_wconf 88' lang='lat'>,</span> <span class='ocrx_word' id='word_1_168' title='bbox 994 1687 1081 1730; x_wconf 84' lang='lat' dir='ltr'>quae</span> <span class='ocrx_word' id='word_1_169' title='bbox 1097 1673 1136 1714; x_wconf 90' lang='lat' dir='ltr'>in</span> 
     </span>
     <span class='ocr_line' id='line_1_27' title="bbox 181 1732 1137 1792; baseline -0.005 -15"><span class='ocrx_word' id='word_1_170' title='bbox 181 1733 268 1792; x_wconf 86' lang='lat' dir='ltr'>ejus</span> <span class='ocrx_word' id='word_1_171' title='bbox 282 1736 481 1779; x_wconf 85' lang='lat' dir='ltr'>honorem</span> <span class='ocrx_word' id='word_1_172' title='bbox 495 1734 727 1779; x_wconf 61' lang='lat' dir='ltr'>construam</span> <span class='ocrx_word' id='word_1_173' title='bbox 749 1742 866 1776; x_wconf 86' lang='lat' dir='ltr'>erunt</span> <span class='ocrx_word' id='word_1_174' title='bbox 879 1763 896 1786; x_wconf 92' lang='lat'>,</span> <span class='ocrx_word' id='word_1_175' title='bbox 909 1732 1059 1776; x_wconf 60' lang='lat' dir='ltr'>devote</span> <span class='ocrx_word' id='word_1_176' title='bbox 1076 1732 1137 1773; x_wconf 87' lang='lat' dir='ltr'>vi-</span> 
     </span>
     <span class='ocr_line' id='line_1_28' title="bbox 178 1790 1138 1849; baseline -0.005 -13"><span class='ocrx_word' id='word_1_177' title='bbox 178 1793 402 1844; x_wconf 83' lang='lat' dir='ltr'>fitaverint,</span> <span class='ocrx_word' id='word_1_178' title='bbox 417 1792 574 1836; x_wconf 82' lang='lat' dir='ltr'>easdem</span> <span class='ocrx_word' id='word_1_179' title='bbox 590 1792 867 1849; x_wconf 78' lang='lat' dir='ltr'>Indulgentias</span> <span class='ocrx_word' id='word_1_180' title='bbox 879 1822 896 1845; x_wconf 86' lang='lat'>,</span> <span class='ocrx_word' id='word_1_181' title='bbox 909 1790 1138 1847; x_wconf 82' lang='lat' dir='ltr'>privilegis,</span> 
     </span>
     <span class='ocr_line' id='line_1_29' title="bbox 183 1850 1136 1908; baseline -0.003 -15"><span class='ocrx_word' id='word_1_182' title='bbox 183 1852 224 1893; x_wconf 76' lang='grc' dir='ltr'>δι</span> <span class='ocrx_word' id='word_1_183' title='bbox 249 1853 399 1908; x_wconf 78' lang='lat' dir='ltr'>gratias</span> <span class='ocrx_word' id='word_1_184' title='bbox 440 1851 697 1896; x_wconf 83' lang='lat' dir='ltr'>concellimus</span> <span class='ocrx_word' id='word_1_185' title='bbox 720 1853 762 1894; x_wconf 75' lang='grc' dir='ltr'>δι</span> <span class='ocrx_word' id='word_1_186' title='bbox 793 1850 954 1907; x_wconf 85' lang='lat' dir='ltr'>elargiti</span> <span class='ocrx_word' id='word_1_187' title='bbox 979 1850 1136 1897; x_wconf 88' lang='lat' dir='ltr'>sumus,</span> 
     </span>
     <span class='ocr_line' id='line_1_30' title="bbox 183 1908 1140 1966; baseline -0.006 -12"><span class='ocrx_word' id='word_1_188' title='bbox 183 1908 525 1966; x_wconf 84' lang='lat' dir='ltr'>quemadmodum</span> <span class='ocrx_word' id='word_1_189' title='bbox 547 1910 804 1954; x_wconf 84' lang='lat' dir='ltr'>concedimus</span> <span class='ocrx_word' id='word_1_190' title='bbox 833 1910 871 1952; x_wconf 75' lang='grc' dir='ltr'>δι</span> <span class='ocrx_word' id='word_1_191' title='bbox 888 1908 1108 1963; x_wconf 75' lang='lat' dir='ltr'>elargimur</span> <span class='ocrx_word' id='word_1_192' title='bbox 1124 1934 1140 1956; x_wconf 87' lang='lat'>,</span> 
     </span>
     <span class='ocr_line' id='line_1_31' title="bbox 184 1964 1141 2024; baseline -0.006 -12"><span class='ocrx_word' id='word_1_193' title='bbox 184 1968 269 2024; x_wconf 78' lang='lat' dir='ltr'>quae</span> <span class='ocrx_word' id='word_1_194' title='bbox 280 1967 432 2012; x_wconf 81' lang='lat' dir='ltr'>caeteris</span> <span class='ocrx_word' id='word_1_195' title='bbox 449 1966 544 2010; x_wconf 70' lang='lat' dir='ltr'>dieti</span> <span class='ocrx_word' id='word_1_196' title='bbox 555 1966 723 2016; x_wconf 81' lang='lat' dir='ltr'>Ordinis</span> <span class='ocrx_word' id='word_1_197' title='bbox 737 1970 972 2011; x_wconf 68' lang='lat' dir='ltr'>Sanctorum</span> <span class='ocrx_word' id='word_1_198' title='bbox 992 1964 1141 2008; x_wconf 86' lang='lat' dir='ltr'>Eccle-</span> 
     </span>
     <span class='ocr_line' id='line_1_32' title="bbox 187 2025 580 2072; baseline -0.003 -1"><span class='ocrx_word' id='word_1_199' title='bbox 187 2029 252 2071; x_wconf 79' lang='lat' dir='ltr'>ssis</span> <span class='ocrx_word' id='word_1_200' title='bbox 266 2025 456 2072; x_wconf 79' lang='lat' dir='ltr'>conceffae</span> <span class='ocrx_word' id='word_1_201' title='bbox 470 2025 558 2070; x_wconf 91' lang='lat' dir='ltr'>sunt</span> <span class='ocrx_word' id='word_1_202' title='bbox 568 2055 580 2069; x_wconf 88' lang='lat'>.</span> 
     </span>
    </p>

    <p class='ocr_par' dir='ltr' id='par_1_3' title="bbox 181 2077 1149 2376">
     <span class='ocr_line' id='line_1_33' title="bbox 301 2077 1146 2142; baseline -0.009 -13"><span class='ocrx_word' id='word_1_203' title='bbox 301 2087 464 2142; x_wconf 82' lang='lat' dir='ltr'>Quibus</span> <span class='ocrx_word' id='word_1_204' title='bbox 476 2085 676 2137; x_wconf 88' lang='lat' dir='ltr'>omnibus,</span> <span class='ocrx_word' id='word_1_205' title='bbox 691 2098 778 2142; x_wconf 82' lang='lat' dir='ltr'>quae</span> <span class='ocrx_word' id='word_1_206' title='bbox 802 2083 853 2128; x_wconf 89' lang='lat' dir='ltr'>ad</span> <span class='ocrx_word' id='word_1_207' title='bbox 868 2082 1002 2129; x_wconf 67' lang='lat' dir='ltr'>Sancti</span> <span class='ocrx_word' id='word_1_208' title='bbox 1018 2077 1146 2124; x_wconf 87' lang='lat' dir='ltr'>Dida-</span> 
     </span>
     <span class='ocr_line' id='line_1_34' title="bbox 191 2139 1147 2200; baseline -0.009 -11"><span class='ocrx_word' id='word_1_209' title='bbox 191 2148 229 2189; x_wconf 89' lang='lat' dir='ltr'>ci</span> <span class='ocrx_word' id='word_1_210' title='bbox 245 2144 593 2189; x_wconf 84' lang='lat' dir='ltr'>canonizationem</span> <span class='ocrx_word' id='word_1_211' title='bbox 614 2142 893 2200; x_wconf 88' lang='lat' dir='ltr'>pertinebant,</span> <span class='ocrx_word' id='word_1_212' title='bbox 921 2139 1147 2188; x_wconf 83' lang='lat' dir='ltr'>absolutis,</span> 
     </span>
     <span class='ocr_line' id='line_1_35' title="bbox 181 2199 1149 2256; baseline -0.01 -10"><span class='ocrx_word' id='word_1_213' title='bbox 181 2217 231 2246; x_wconf 83' lang='lat' dir='ltr'>ac</span> <span class='ocrx_word' id='word_1_214' title='bbox 243 2201 373 2244; x_wconf 89' lang='lat' dir='ltr'>laudis</span> <span class='ocrx_word' id='word_1_215' title='bbox 385 2203 423 2243; x_wconf 88' lang='lat'>&amp;</span> <span class='ocrx_word' id='word_1_216' title='bbox 439 2202 659 2256; x_wconf 84' lang='lat' dir='ltr'>gratiarum</span> <span class='ocrx_word' id='word_1_217' title='bbox 672 2199 834 2242; x_wconf 74' lang='lat' dir='ltr'>aetionis</span> <span class='ocrx_word' id='word_1_218' title='bbox 849 2228 864 2250; x_wconf 90' lang='lat'>,</span> <span class='ocrx_word' id='word_1_219' title='bbox 878 2201 1044 2252; x_wconf 83' lang='lat' dir='ltr'>Hymno</span> <span class='ocrx_word' id='word_1_220' title='bbox 1060 2199 1149 2238; x_wconf 88' lang='lat' dir='ltr'>Deo</span> 
     </span>
     <span class='ocr_line' id='line_1_36' title="bbox 183 2252 1147 2316; baseline -0.01 -12"><span class='ocrx_word' id='word_1_221' title='bbox 183 2260 404 2304; x_wconf 82' lang='lat' dir='ltr'>decantato</span> <span class='ocrx_word' id='word_1_222' title='bbox 418 2285 432 2310; x_wconf 90' lang='lat'>,</span> <span class='ocrx_word' id='word_1_223' title='bbox 444 2256 606 2316; x_wconf 88' lang='lat' dir='ltr'>ejusque</span> <span class='ocrx_word' id='word_1_224' title='bbox 619 2256 773 2300; x_wconf 86' lang='lat' dir='ltr'>auxilio</span> <span class='ocrx_word' id='word_1_225' title='bbox 796 2271 865 2313; x_wconf 92' lang='lat' dir='ltr'>per</span> <span class='ocrx_word' id='word_1_226' title='bbox 877 2255 990 2299; x_wconf 86' lang='lat' dir='ltr'>Beati</span> <span class='ocrx_word' id='word_1_227' title='bbox 1002 2252 1147 2297; x_wconf 87' lang='lat' dir='ltr'>Didaci</span> 
     </span>
     <span class='ocr_line' id='line_1_37' title="bbox 182 2312 1149 2376; baseline -0.01 -12"><span class='ocrx_word' id='word_1_228' title='bbox 182 2331 322 2376; x_wconf 86' lang='lat' dir='ltr'>preces</span> <span class='ocrx_word' id='word_1_229' title='bbox 333 2317 524 2374; x_wconf 86' lang='lat' dir='ltr'>peculiari</span> <span class='ocrx_word' id='word_1_230' title='bbox 537 2317 723 2360; x_wconf 83' lang='lat' dir='ltr'>oratione</span> <span class='ocrx_word' id='word_1_231' title='bbox 736 2342 752 2367; x_wconf 91' lang='lat'>,</span> <span class='ocrx_word' id='word_1_232' title='bbox 765 2329 887 2372; x_wconf 89' lang='lat' dir='ltr'>quam</span> <span class='ocrx_word' id='word_1_233' title='bbox 906 2317 991 2360; x_wconf 82' lang='lat' dir='ltr'>Nos</span> <span class='ocrx_word' id='word_1_234' title='bbox 1004 2312 1149 2357; x_wconf 60' lang='lat' dir='ltr'>clara.»</span> 
     </span>
    </p>
   </div>
   <div class='ocr_carea' id='block_1_3' title="bbox 1188 158 2182 2377">
    <p class='ocr_par' dir='ltr' id='par_1_4' title="bbox 1188 158 2182 2377">
     <span class='ocr_line' id='line_1_38' title="bbox 1935 158 2094 243; baseline 0.044 -7"><span class='ocrx_word' id='word_1_235' title='bbox 1935 158 1973 236; x_wconf 85' lang='lat'>3</span> <span class='ocrx_word' id='word_1_236' title='bbox 1988 159 2039 212; x_wconf 91' lang='lat'><em>0</em></span> <span class='ocrx_word' id='word_1_237' title='bbox 2057 159 2094 243; x_wconf 79' lang='lat'>5</span> 
     </span>
     <span class='ocr_line' id='line_1_39' title="bbox 1197 276 2159 337; baseline 0.001 -12"><span class='ocrx_word' id='word_1_238' title='bbox 1197 284 1412 337; x_wconf 84' lang='lat' dir='ltr'>multiplici</span> <span class='ocrx_word' id='word_1_239' title='bbox 1428 283 1666 323; x_wconf 67' lang='lat' dir='ltr'>Sannorum</span> <span class='ocrx_word' id='word_1_240' title='bbox 1693 276 1878 332; x_wconf 79' lang='lat' dir='ltr'>suffragio</span> <span class='ocrx_word' id='word_1_241' title='bbox 1902 281 2126 337; x_wconf 87' lang='lat' dir='ltr'>indigemus</span> <span class='ocrx_word' id='word_1_242' title='bbox 2144 313 2159 336; x_wconf 89' lang='lat'>‚</span> 
     </span>
     <span class='ocr_line' id='line_1_40' title="bbox 1192 335 2161 391; baseline 0.002 -12"><span class='ocrx_word' id='word_1_243' title='bbox 1192 352 1321 383; x_wconf 83' lang='lat' dir='ltr'>novus</span> <span class='ocrx_word' id='word_1_244' title='bbox 1336 341 1399 379; x_wconf 83' lang='lat' dir='ltr'>hic</span> <span class='ocrx_word' id='word_1_245' title='bbox 1415 337 1652 391; x_wconf 84' lang='lat' dir='ltr'>suffragator</span> <span class='ocrx_word' id='word_1_246' title='bbox 1677 335 1718 374; x_wconf 75' lang='grc' dir='ltr'>δι</span> <span class='ocrx_word' id='word_1_247' title='bbox 1739 336 1933 377; x_wconf 86' lang='lat' dir='ltr'>Patronus</span> <span class='ocrx_word' id='word_1_248' title='bbox 1959 337 2066 380; x_wconf 89' lang='lat' dir='ltr'>fideli</span> <span class='ocrx_word' id='word_1_249' title='bbox 2080 343 2161 381; x_wconf 87' lang='lat' dir='ltr'>Po·</span> 
     </span>
     <span class='ocr_line' id='line_1_41' title="bbox 1189 394 2158 451; baseline -0.001 -15"><span class='ocrx_word' id='word_1_250' title='bbox 1189 394 1288 451; x_wconf 85' lang='lat' dir='ltr'>pulo</span> <span class='ocrx_word' id='word_1_251' title='bbox 1303 394 1571 440; x_wconf 85' lang='lat' dir='ltr'>tribueretur.</span> <span class='ocrx_word' id='word_1_252' title='bbox 1587 395 1639 444; x_wconf 62' lang='lat' dir='ltr'>Eg</span> <span class='ocrx_word' id='word_1_253' title='bbox 1654 394 1740 432; x_wconf 81' lang='lat' dir='ltr'>Nos</span> <span class='ocrx_word' id='word_1_254' title='bbox 1751 405 1929 446; x_wconf 84' lang='lat' dir='ltr'>quoque,</span> <span class='ocrx_word' id='word_1_255' title='bbox 1940 397 2008 447; x_wconf 89' lang='lat' dir='ltr'>qui</span> <span class='ocrx_word' id='word_1_256' title='bbox 2031 396 2071 435; x_wconf 90' lang='lat' dir='ltr'>in</span> <span class='ocrx_word' id='word_1_257' title='bbox 2086 398 2158 438; x_wconf 88' lang='lat' dir='ltr'>hac</span> 
     </span>
     <span class='ocr_line' id='line_1_42' title="bbox 1188 448 2161 508; baseline -0.002 -16"><span class='ocrx_word' id='word_1_258' title='bbox 1188 448 1376 508; x_wconf 70' lang='lat' dir='ltr'>pastorali</span> <span class='ocrx_word' id='word_1_259' title='bbox 1390 449 1553 490; x_wconf 73' lang='lat' dir='ltr'>stitione</span> <span class='ocrx_word' id='word_1_260' title='bbox 1566 474 1580 496; x_wconf 90' lang='lat'>,</span> <span class='ocrx_word' id='word_1_261' title='bbox 1601 449 1640 490; x_wconf 90' lang='lat' dir='ltr'>in</span> <span class='ocrx_word' id='word_1_262' title='bbox 1656 462 1733 502; x_wconf 89' lang='lat' dir='ltr'>qua</span> <span class='ocrx_word' id='word_1_263' title='bbox 1755 451 1849 490; x_wconf 81' lang='lat' dir='ltr'>Nos·</span> <span class='ocrx_word' id='word_1_264' title='bbox 1862 452 1968 491; x_wconf 88' lang='lat' dir='ltr'>Deus</span> <span class='ocrx_word' id='word_1_265' title='bbox 1983 451 2161 492; x_wconf 85' lang='lat' dir='ltr'>colloca-</span> 
     </span>
     <span class='ocr_line' id='line_1_43' title="bbox 1191 506 2162 562; baseline -0.002 -12"><span class='ocrx_word' id='word_1_266' title='bbox 1191 507 1345 556; x_wconf 87' lang='lat' dir='ltr'>vit,de</span> <span class='ocrx_word' id='word_1_267' title='bbox 1370 507 1538 548; x_wconf 80' lang='lat' dir='ltr'>universi</span> <span class='ocrx_word' id='word_1_268' title='bbox 1562 508 1697 562; x_wconf 86' lang='lat' dir='ltr'>gregis</span> <span class='ocrx_word' id='word_1_269' title='bbox 1721 506 1882 548; x_wconf 89' lang='lat' dir='ltr'>Domini</span> <span class='ocrx_word' id='word_1_270' title='bbox 1901 506 2025 549; x_wconf 88' lang='lat' dir='ltr'>salute</span> <span class='ocrx_word' id='word_1_271' title='bbox 2038 509 2162 560; x_wconf 83' lang='lat' dir='ltr'>anxii,</span> 
     </span>
     <span class='ocr_line' id='line_1_44' title="bbox 1190 564 2162 620; baseline -0.002 -11"><span class='ocrx_word' id='word_1_272' title='bbox 1190 566 1276 610; x_wconf 87' lang='lat' dir='ltr'>dies</span> <span class='ocrx_word' id='word_1_273' title='bbox 1292 566 1503 620; x_wconf 68' lang='lat' dir='ltr'>nostesque</span> <span class='ocrx_word' id='word_1_274' title='bbox 1531 564 1817 620; x_wconf 83' lang='lat' dir='ltr'>pervigilamus</span> <span class='ocrx_word' id='word_1_275' title='bbox 1829 594 1846 616; x_wconf 89' lang='lat'>,</span> <span class='ocrx_word' id='word_1_276' title='bbox 1874 566 1947 606; x_wconf 87' lang='lat' dir='ltr'>Dei</span> <span class='ocrx_word' id='word_1_277' title='bbox 1963 578 2058 620; x_wconf 84' lang='lat' dir='ltr'>erga</span> <span class='ocrx_word' id='word_1_278' title='bbox 2076 568 2162 608; x_wconf 85' lang='lat' dir='ltr'>Nos</span> 
     </span>
     <span class='ocr_line' id='line_1_45' title="bbox 1193 622 2162 680; baseline -0.001 -14"><span class='ocrx_word' id='word_1_279' title='bbox 1193 623 1433 677; x_wconf 75' lang='lat' dir='ltr'>ungularem</span> <span class='ocrx_word' id='word_1_280' title='bbox 1447 623 1706 666; x_wconf 88' lang='lat' dir='ltr'>clementiam</span> <span class='ocrx_word' id='word_1_281' title='bbox 1731 623 1978 680; x_wconf 78' lang='lat' dir='ltr'>agnoscimus</span> <span class='ocrx_word' id='word_1_282' title='bbox 1993 649 2008 671; x_wconf 91' lang='lat'>,</span> <span class='ocrx_word' id='word_1_283' title='bbox 2040 622 2162 678; x_wconf 48' lang='lat' dir='ltr'>quia„</span> 
     </span>
     <span class='ocr_line' id='line_1_46' title="bbox 1194 679 2169 741; baseline -0.004 -17"><span class='ocrx_word' id='word_1_284' title='bbox 1194 683 1281 741; x_wconf 85' lang='lat' dir='ltr'>post</span> <span class='ocrx_word' id='word_1_285' title='bbox 1300 692 1362 724; x_wconf 93' lang='lat' dir='ltr'>tot</span> <span class='ocrx_word' id='word_1_286' title='bbox 1375 696 1502 724; x_wconf 88' lang='lat' dir='ltr'>annos</span> <span class='ocrx_word' id='word_1_287' title='bbox 1519 713 1534 734; x_wconf 93' lang='lat'>,</span> <span class='ocrx_word' id='word_1_288' title='bbox 1551 683 1638 738; x_wconf 83' lang='lat' dir='ltr'>post</span> <span class='ocrx_word' id='word_1_289' title='bbox 1651 693 1716 726; x_wconf 88' lang='lat' dir='ltr'>tot</span> <span class='ocrx_word' id='word_1_290' title='bbox 1733 681 1981 726; x_wconf 85' lang='lat' dir='ltr'>Beatiffimos</span> <span class='ocrx_word' id='word_1_291' title='bbox 1999 679 2169 723; x_wconf 87' lang='lat' dir='ltr'>Pontifi-</span> 
     </span>
     <span class='ocr_line' id='line_1_47' title="bbox 1191 738 2166 794; baseline -0.006 -9"><span class='ocrx_word' id='word_1_292' title='bbox 1191 755 1256 785; x_wconf 90' lang='lat' dir='ltr'>ces</span> <span class='ocrx_word' id='word_1_293' title='bbox 1277 738 1580 784; x_wconf 78' lang='lat' dir='ltr'>Praedeceffores</span> <span class='ocrx_word' id='word_1_294' title='bbox 1593 742 1771 794; x_wconf 76' lang='lat' dir='ltr'>nostr05,</span> <span class='ocrx_word' id='word_1_295' title='bbox 1802 740 1934 785; x_wconf 87' lang='lat' dir='ltr'>Nobis</span> <span class='ocrx_word' id='word_1_296' title='bbox 1952 738 2166 782; x_wconf 85' lang='lat' dir='ltr'>humilibus</span> 
     </span>
     <span class='ocr_line' id='line_1_48' title="bbox 1192 796 2167 857; baseline -0.005 -13"><span class='ocrx_word' id='word_1_297' title='bbox 1192 799 1308 856; x_wconf 86' lang='lat' dir='ltr'>hujus</span> <span class='ocrx_word' id='word_1_298' title='bbox 1329 801 1463 855; x_wconf 86' lang='lat' dir='ltr'>magni</span> <span class='ocrx_word' id='word_1_299' title='bbox 1486 801 1622 857; x_wconf 88' lang='lat' dir='ltr'>operis</span> <span class='ocrx_word' id='word_1_300' title='bbox 1658 800 1954 844; x_wconf 89' lang='lat' dir='ltr'>absolutionem</span> <span class='ocrx_word' id='word_1_301' title='bbox 1987 796 2167 841; x_wconf 80' lang='lat' dir='ltr'>reserva-</span> 
     </span>
     <span class='ocr_line' id='line_1_49' title="bbox 1194 855 2167 914; baseline -0.006 -11"><span class='ocrx_word' id='word_1_302' title='bbox 1194 860 1299 903; x_wconf 83' lang='lat' dir='ltr'>verit</span> <span class='ocrx_word' id='word_1_303' title='bbox 1313 884 1328 906; x_wconf 87' lang='lat'>,</span> <span class='ocrx_word' id='word_1_304' title='bbox 1342 860 1518 914; x_wconf 88' lang='lat' dir='ltr'>quicum</span> <span class='ocrx_word' id='word_1_305' title='bbox 1539 861 1685 902; x_wconf 68' lang='lat' dir='ltr'>Sancto</span> <span class='ocrx_word' id='word_1_306' title='bbox 1698 861 1767 902; x_wconf 82' lang='lat' dir='ltr'>suo</span> <span class='ocrx_word' id='word_1_307' title='bbox 1781 857 1958 914; x_wconf 83' lang='lat' dir='ltr'>ejusdem</span> <span class='ocrx_word' id='word_1_308' title='bbox 1975 855 2167 913; x_wconf 84' lang='lat' dir='ltr'>Seraphi-</span> 
     </span>
     <span class='ocr_line' id='line_1_50' title="bbox 1195 913 2167 972; baseline -0.006 -10"><span class='ocrx_word' id='word_1_309' title='bbox 1195 932 1249 962; x_wconf 84' lang='lat' dir='ltr'>cae</span> <span class='ocrx_word' id='word_1_310' title='bbox 1277 917 1504 972; x_wconf 84' lang='lat' dir='ltr'>Religionis</span> <span class='ocrx_word' id='word_1_311' title='bbox 1537 918 1821 962; x_wconf 91' lang='lat' dir='ltr'>communione</span> <span class='ocrx_word' id='word_1_312' title='bbox 1858 915 2074 959; x_wconf 88' lang='lat' dir='ltr'>consociati</span> <span class='ocrx_word' id='word_1_313' title='bbox 2105 913 2167 956; x_wconf 88' lang='lat' dir='ltr'>su-</span> 
     </span>
     <span class='ocr_line' id='line_1_51' title="bbox 1196 971 2170 1034; baseline -0.006 -13"><span class='ocrx_word' id='word_1_314' title='bbox 1196 991 1282 1021; x_wconf 88' lang='lat' dir='ltr'>mus</span> <span class='ocrx_word' id='word_1_315' title='bbox 1297 1005 1309 1018; x_wconf 87' lang='lat'><strong>.</strong></span> <span class='ocrx_word' id='word_1_316' title='bbox 1342 978 1622 1034; x_wconf 83' lang='lat' dir='ltr'>Qamobrem</span> <span class='ocrx_word' id='word_1_317' title='bbox 1650 976 1821 1020; x_wconf 91' lang='lat' dir='ltr'>eundem</span> <span class='ocrx_word' id='word_1_318' title='bbox 1837 978 2001 1019; x_wconf 86' lang='lat' dir='ltr'>Patrem</span> <span class='ocrx_word' id='word_1_319' title='bbox 2019 971 2170 1016; x_wconf 79' lang='lat' dir='ltr'>miseri-</span> 
     </span>
     <span class='ocr_line' id='line_1_52' title="bbox 1195 1032 2168 1092; baseline -0.005 -13"><span class='ocrx_word' id='word_1_320' title='bbox 1195 1035 1427 1080; x_wconf 86' lang='lat' dir='ltr'>cordiarum</span> <span class='ocrx_word' id='word_1_321' title='bbox 1440 1061 1455 1085; x_wconf 88' lang='lat'>,</span> <span class='ocrx_word' id='word_1_322' title='bbox 1469 1049 1539 1092; x_wconf 83' lang='lat' dir='ltr'>qui</span> <span class='ocrx_word' id='word_1_323' title='bbox 1555 1035 1732 1078; x_wconf 89' lang='lat' dir='ltr'>humiles</span> <span class='ocrx_word' id='word_1_324' title='bbox 1748 1034 1899 1078; x_wconf 85' lang='lat' dir='ltr'>exaltat</span> <span class='ocrx_word' id='word_1_325' title='bbox 1918 1062 1934 1086; x_wconf 87' lang='lat'>,</span> <span class='ocrx_word' id='word_1_326' title='bbox 1961 1032 2168 1075; x_wconf 85' lang='lat' dir='ltr'>humiliter</span> 
     </span>
     <span class='ocr_line' id='line_1_53' title="bbox 1194 1090 2166 1151; baseline -0.006 -12"><span class='ocrx_word' id='word_1_327' title='bbox 1194 1095 1476 1151; x_wconf 86' lang='lat' dir='ltr'>deprecemur,</span> <span class='ocrx_word' id='word_1_328' title='bbox 1491 1105 1533 1138; x_wconf 94' lang='lat' dir='ltr'>ut</span> <span class='ocrx_word' id='word_1_329' title='bbox 1547 1108 1617 1150; x_wconf 87' lang='lat' dir='ltr'>per</span> <span class='ocrx_word' id='word_1_330' title='bbox 1633 1095 1771 1137; x_wconf 86' lang='lat' dir='ltr'>merita</span> <span class='ocrx_word' id='word_1_331' title='bbox 1787 1096 1827 1137; x_wconf 77' lang='grc' dir='ltr'>δι</span> <span class='ocrx_word' id='word_1_332' title='bbox 1848 1090 2166 1136; x_wconf 79' lang='lat' dir='ltr'>intereessionem</span> 
     </span>
     <span class='ocr_line' id='line_1_54' title="bbox 1197 1150 2170 1208; baseline -0.008 -10"><span class='ocrx_word' id='word_1_333' title='bbox 1197 1154 1331 1198; x_wconf 64' lang='lat' dir='ltr'>Sanni</span> <span class='ocrx_word' id='word_1_334' title='bbox 1346 1153 1491 1197; x_wconf 88' lang='lat' dir='ltr'>Didaci</span> <span class='ocrx_word' id='word_1_335' title='bbox 1509 1152 1696 1198; x_wconf 84' lang='lat' dir='ltr'>Ecclefiae</span> <span class='ocrx_word' id='word_1_336' title='bbox 1722 1152 1797 1197; x_wconf 85' lang='lat' dir='ltr'>suae</span> <span class='ocrx_word' id='word_1_337' title='bbox 1829 1165 1969 1208; x_wconf 85' lang='lat' dir='ltr'>pacem</span> <span class='ocrx_word' id='word_1_338' title='bbox 1999 1150 2040 1192; x_wconf 76' lang='grc' dir='ltr'>δι</span> <span class='ocrx_word' id='word_1_339' title='bbox 2055 1160 2170 1192; x_wconf 89' lang='lat' dir='ltr'>tran-</span> 
     </span>
     <span class='ocr_line' id='line_1_55' title="bbox 1196 1209 2170 1274; baseline -0.004 -19"><span class='ocrx_word' id='word_1_340' title='bbox 1196 1212 1474 1269; x_wconf 86' lang='lat' dir='ltr'>quillitatem,</span> <span class='ocrx_word' id='word_1_341' title='bbox 1503 1211 1739 1274; x_wconf 47' lang='lat' dir='ltr'>Regibus‘&amp;</span> <span class='ocrx_word' id='word_1_342' title='bbox 1760 1210 2016 1271; x_wconf 73' lang='lat' dir='ltr'>Principibus</span> <span class='ocrx_word' id='word_1_343' title='bbox 2042 1209 2170 1252; x_wconf 88' lang='lat' dir='ltr'>Chri-</span> 
     </span>
     <span class='ocr_line' id='line_1_56' title="bbox 1196 1267 2167 1319; baseline -0.005 -6"><span class='ocrx_word' id='word_1_344' title='bbox 1196 1270 1326 1313; x_wconf 86' lang='lat' dir='ltr'>stianis</span> <span class='ocrx_word' id='word_1_345' title='bbox 1341 1272 1529 1315; x_wconf 87' lang='lat' dir='ltr'>unionem</span> <span class='ocrx_word' id='word_1_346' title='bbox 1543 1297 1558 1319; x_wconf 87' lang='lat'>,</span> <span class='ocrx_word' id='word_1_347' title='bbox 1588 1271 1712 1314; x_wconf 86' lang='lat' dir='ltr'>vitam</span> <span class='ocrx_word' id='word_1_348' title='bbox 1726 1273 1766 1314; x_wconf 86' lang='lat'>&amp;</span> <span class='ocrx_word' id='word_1_349' title='bbox 1792 1268 2035 1315; x_wconf 80' lang='lat' dir='ltr'>felicitatem</span> <span class='ocrx_word' id='word_1_350' title='bbox 2052 1267 2167 1308; x_wconf 88' lang='lat' dir='ltr'>mise·</span> 
     </span>
     <span class='ocr_line' id='line_1_57' title="bbox 1194 1325 2176 1378; baseline -0.005 -7"><span class='ocrx_word' id='word_1_351' title='bbox 1194 1329 1248 1371; x_wconf 89' lang='lat' dir='ltr'>ris</span> <span class='ocrx_word' id='word_1_352' title='bbox 1263 1355 1278 1378; x_wconf 91' lang='lat'>,</span> <span class='ocrx_word' id='word_1_353' title='bbox 1305 1330 1343 1370; x_wconf 85' lang='lat'>&amp;</span> <span class='ocrx_word' id='word_1_354' title='bbox 1360 1329 1575 1371; x_wconf 81' lang='lat' dir='ltr'>obcaecatis</span> <span class='ocrx_word' id='word_1_355' title='bbox 1594 1330 1805 1371; x_wconf 82' lang='lat' dir='ltr'>Haereticis</span> <span class='ocrx_word' id='word_1_356' title='bbox 1831 1329 1968 1370; x_wconf 87' lang='lat' dir='ltr'>lucem</span> <span class='ocrx_word' id='word_1_357' title='bbox 1983 1325 2176 1368; x_wconf 86' lang='lat' dir='ltr'>Catholi-</span> 
     </span>
     <span class='ocr_line' id='line_1_58' title="bbox 1195 1382 2173 1441; baseline -0.006 -11"><span class='ocrx_word' id='word_1_358' title='bbox 1195 1400 1252 1430; x_wconf 82' lang='lat' dir='ltr'>eae</span> <span class='ocrx_word' id='word_1_359' title='bbox 1275 1386 1459 1429; x_wconf 80' lang='lat' dir='ltr'>veritatis</span> <span class='ocrx_word' id='word_1_360' title='bbox 1480 1385 1934 1441; x_wconf 65' lang='lat' dir='ltr'>largiatur-Ceterum,</span> <span class='ocrx_word' id='word_1_361' title='bbox 1952 1382 2045 1439; x_wconf 91' lang='lat' dir='ltr'>quia</span> <span class='ocrx_word' id='word_1_362' title='bbox 2057 1384 2173 1427; x_wconf 84' lang='lat' dir='ltr'>nimis</span> 
     </span>
     <span class='ocr_line' id='line_1_59' title="bbox 1195 1441 2169 1501; baseline -0.005 -12"><span class='ocrx_word' id='word_1_363' title='bbox 1195 1444 1362 1489; x_wconf 67' lang='lat' dir='ltr'>difficile</span> <span class='ocrx_word' id='word_1_364' title='bbox 1386 1443 1493 1487; x_wconf 87' lang='lat' dir='ltr'>foret</span> <span class='ocrx_word' id='word_1_365' title='bbox 1518 1445 1729 1501; x_wconf 80' lang='lat' dir='ltr'>praesentes</span> <span class='ocrx_word' id='word_1_366' title='bbox 1758 1445 1908 1488; x_wconf 78' lang='lat' dir='ltr'>nostras</span> <span class='ocrx_word' id='word_1_367' title='bbox 1947 1441 2169 1497; x_wconf 84' lang='lat' dir='ltr'>originales</span> 
     </span>
     <span class='ocr_line' id='line_1_60' title="bbox 1197 1498 2172 1560; baseline -0.003 -13"><span class='ocrx_word' id='word_1_368' title='bbox 1197 1505 1353 1548; x_wconf 85' lang='lat' dir='ltr'>litteras</span> <span class='ocrx_word' id='word_1_369' title='bbox 1364 1504 1414 1548; x_wconf 80' lang='lat' dir='ltr'>ad</span> <span class='ocrx_word' id='word_1_370' title='bbox 1433 1503 1583 1559; x_wconf 83' lang='lat' dir='ltr'>lingula</span> <span class='ocrx_word' id='word_1_371' title='bbox 1602 1504 1693 1548; x_wconf 84' lang='lat' dir='ltr'>ioca</span> <span class='ocrx_word' id='word_1_372' title='bbox 1712 1531 1726 1555; x_wconf 87' lang='lat'>,</span> <span class='ocrx_word' id='word_1_373' title='bbox 1741 1505 1811 1547; x_wconf 87' lang='lat' dir='ltr'>ubi</span> <span class='ocrx_word' id='word_1_374' title='bbox 1833 1515 1936 1560; x_wconf 87' lang='lat' dir='ltr'>opus</span> <span class='ocrx_word' id='word_1_375' title='bbox 1954 1498 2048 1544; x_wconf 77' lang='lat' dir='ltr'>esset</span> <span class='ocrx_word' id='word_1_376' title='bbox 2061 1529 2076 1553; x_wconf 89' lang='lat'>‚</span> <span class='ocrx_word' id='word_1_377' title='bbox 2103 1501 2172 1544; x_wconf 88' lang='lat' dir='ltr'>de-</span> 
     </span>
     <span class='ocr_line' id='line_1_61' title="bbox 1196 1560 2172 1617; baseline -0.003 -12"><span class='ocrx_word' id='word_1_378' title='bbox 1196 1564 1325 1614; x_wconf 82' lang='lat' dir='ltr'>ferri,</span> <span class='ocrx_word' id='word_1_379' title='bbox 1340 1562 1544 1614; x_wconf 78' lang='lat' dir='ltr'>volumus,</span> <span class='ocrx_word' id='word_1_380' title='bbox 1557 1571 1600 1606; x_wconf 94' lang='lat' dir='ltr'>ut</span> <span class='ocrx_word' id='word_1_381' title='bbox 1613 1576 1751 1606; x_wconf 88' lang='lat' dir='ltr'>earum</span> <span class='ocrx_word' id='word_1_382' title='bbox 1770 1560 2031 1617; x_wconf 78' lang='lat' dir='ltr'>transumptis</span> <span class='ocrx_word' id='word_1_383' title='bbox 2047 1561 2172 1602; x_wconf 90' lang='lat' dir='ltr'>etiam</span> 
     </span>
     <span class='ocr_line' id='line_1_62' title="bbox 1196 1616 2174 1677; baseline -0.002 -13"><span class='ocrx_word' id='word_1_384' title='bbox 1196 1620 1390 1677; x_wconf 79' lang='lat' dir='ltr'>impreilis</span> <span class='ocrx_word' id='word_1_385' title='bbox 1414 1635 1530 1664; x_wconf 91' lang='lat' dir='ltr'>manu</span> <span class='ocrx_word' id='word_1_386' title='bbox 1548 1620 1701 1677; x_wconf 86' lang='lat' dir='ltr'>publici</span> <span class='ocrx_word' id='word_1_387' title='bbox 1727 1621 1892 1664; x_wconf 85' lang='lat' dir='ltr'>Notarii</span> <span class='ocrx_word' id='word_1_388' title='bbox 1907 1616 2140 1674; x_wconf 81' lang='lat' dir='ltr'>subscriptis</span> <span class='ocrx_word' id='word_1_389' title='bbox 2159 1646 2174 1670; x_wconf 86' lang='lat'>,</span> 
     </span>
     <span class='ocr_line' id='line_1_63' title="bbox 1197 1677 2167 1737; baseline -0.003 -15"><span class='ocrx_word' id='word_1_390' title='bbox 1197 1684 1236 1732; x_wconf 81' lang='lat'>&amp;</span> <span class='ocrx_word' id='word_1_391' title='bbox 1265 1680 1395 1737; x_wconf 83' lang='lat' dir='ltr'>ligillo</span> <span class='ocrx_word' id='word_1_392' title='bbox 1421 1679 1587 1732; x_wconf 81' lang='lat' dir='ltr'>alicuius</span> <span class='ocrx_word' id='word_1_393' title='bbox 1608 1677 1785 1736; x_wconf 83' lang='lat' dir='ltr'>personae</span> <span class='ocrx_word' id='word_1_394' title='bbox 1806 1681 1847 1721; x_wconf 90' lang='lat' dir='ltr'>in</span> <span class='ocrx_word' id='word_1_395' title='bbox 1862 1678 2067 1734; x_wconf 80' lang='lat' dir='ltr'>dignitate</span> <span class='ocrx_word' id='word_1_396' title='bbox 2084 1679 2167 1719; x_wconf 86' lang='lat' dir='ltr'>Ec-</span> 
     </span>
     <span class='ocr_line' id='line_1_64' title="bbox 1199 1735 2172 1792; baseline -0.006 -9"><span class='ocrx_word' id='word_1_397' title='bbox 1199 1738 1413 1784; x_wconf 75' lang='lat' dir='ltr'>clefiastica</span> <span class='ocrx_word' id='word_1_398' title='bbox 1434 1738 1660 1783; x_wconf 71' lang='lat' dir='ltr'>constitute</span> <span class='ocrx_word' id='word_1_399' title='bbox 1685 1740 1847 1782; x_wconf 88' lang='lat' dir='ltr'>munitis</span> <span class='ocrx_word' id='word_1_400' title='bbox 1861 1764 1877 1787; x_wconf 90' lang='lat'>,</span> <span class='ocrx_word' id='word_1_401' title='bbox 1905 1735 2051 1780; x_wconf 90' lang='lat' dir='ltr'>cadem</span> <span class='ocrx_word' id='word_1_402' title='bbox 2066 1747 2172 1792; x_wconf 70' lang='lat' dir='ltr'>‚qut</span> 
     </span>
     <span class='ocr_line' id='line_1_65' title="bbox 1200 1795 2119 1856; baseline -0.008 -15"><span class='ocrx_word' id='word_1_403' title='bbox 1200 1798 1288 1856; x_wconf 81' lang='lat' dir='ltr'>iplis</span> <span class='ocrx_word' id='word_1_404' title='bbox 1305 1797 1580 1854; x_wconf 75' lang='lat' dir='ltr'>praeientibus,</span> <span class='ocrx_word' id='word_1_405' title='bbox 1594 1796 1690 1839; x_wconf 85' lang='lat' dir='ltr'>fides</span> <span class='ocrx_word' id='word_1_406' title='bbox 1702 1799 1850 1854; x_wconf 90' lang='lat' dir='ltr'>ubique</span> <span class='ocrx_word' id='word_1_407' title='bbox 1862 1795 2119 1838; x_wconf 84' lang='lat' dir='ltr'>adhibeatur.</span> 
     </span>
     <span class='ocr_line' id='line_1_66' title="bbox 1330 1850 2174 1911; baseline -0.006 -13"><span class='ocrx_word' id='word_1_408' title='bbox 1330 1854 1446 1898; x_wconf 88' lang='lat' dir='ltr'>Nulli</span> <span class='ocrx_word' id='word_1_409' title='bbox 1479 1868 1583 1911; x_wconf 84' lang='lat' dir='ltr'>ergo</span> <span class='ocrx_word' id='word_1_410' title='bbox 1612 1856 1780 1897; x_wconf 89' lang='lat' dir='ltr'>omnino</span> <span class='ocrx_word' id='word_1_411' title='bbox 1810 1854 2019 1897; x_wconf 85' lang='lat' dir='ltr'>hominum</span> <span class='ocrx_word' id='word_1_412' title='bbox 2050 1850 2174 1893; x_wconf 85' lang='lat' dir='ltr'>liceat</span> 
     </span>
     <span class='ocr_line' id='line_1_67' title="bbox 1199 1908 2177 1971; baseline -0.008 -14"><span class='ocrx_word' id='word_1_413' title='bbox 1199 1917 1305 1962; x_wconf 82' lang='lat' dir='ltr'>hanc</span> <span class='ocrx_word' id='word_1_414' title='bbox 1321 1914 1507 1971; x_wconf 85' lang='lat' dir='ltr'>paginam</span> <span class='ocrx_word' id='word_1_415' title='bbox 1523 1913 1749 1956; x_wconf 83' lang='lat' dir='ltr'>nostrorum</span> <span class='ocrx_word' id='word_1_416' title='bbox 1763 1908 2177 1965; x_wconf 86' lang='lat' dir='ltr'>decreti,adscriptio·</span> 
     </span>
     <span class='ocr_line' id='line_1_68' title="bbox 1205 1966 2179 2023; baseline -0.008 -6"><span class='ocrx_word' id='word_1_417' title='bbox 1205 1974 1267 2017; x_wconf 84' lang='lat' dir='ltr'>nis</span> <span class='ocrx_word' id='word_1_418' title='bbox 1280 1998 1296 2021; x_wconf 87' lang='lat'>‚</span> <span class='ocrx_word' id='word_1_419' title='bbox 1326 1972 1533 2020; x_wconf 75' lang='lat' dir='ltr'>mandati,</span> <span class='ocrx_word' id='word_1_420' title='bbox 1564 1971 1702 2015; x_wconf 77' lang='lat' dir='ltr'>statuti</span> <span class='ocrx_word' id='word_1_421' title='bbox 1720 1998 1736 2023; x_wconf 89' lang='lat'>,</span> <span class='ocrx_word' id='word_1_422' title='bbox 1758 1968 2022 2014; x_wconf 81' lang='lat' dir='ltr'>conceffionis</span> <span class='ocrx_word' id='word_1_423' title='bbox 2037 1996 2053 2020; x_wconf 89' lang='lat'>‚</span> <span class='ocrx_word' id='word_1_424' title='bbox 2066 1966 2179 2010; x_wconf 87' lang='lat' dir='ltr'>elar-·</span> 
     </span>
     <span class='ocr_line' id='line_1_69' title="bbox 1208 2025 2180 2088; baseline -0.004 -17"><span class='ocrx_word' id='word_1_425' title='bbox 1208 2029 1368 2088; x_wconf 84' lang='lat' dir='ltr'>gitionis</span> <span class='ocrx_word' id='word_1_426' title='bbox 1382 2055 1398 2079; x_wconf 87' lang='lat'>‚</span> <span class='ocrx_word' id='word_1_427' title='bbox 1408 2029 1450 2070; x_wconf 83' lang='lat'>&amp;</span> <span class='ocrx_word' id='word_1_428' title='bbox 1461 2029 1685 2071; x_wconf 81' lang='lat' dir='ltr'>voluntatis</span> <span class='ocrx_word' id='word_1_429' title='bbox 1697 2027 1918 2084; x_wconf 82' lang='lat' dir='ltr'>infringere</span> <span class='ocrx_word' id='word_1_430' title='bbox 1932 2054 1947 2077; x_wconf 87' lang='lat'>,</span> <span class='ocrx_word' id='word_1_431' title='bbox 1971 2025 2038 2068; x_wconf 81' lang='lat' dir='ltr'>vel</span> <span class='ocrx_word' id='word_1_432' title='bbox 2052 2026 2091 2068; x_wconf 91' lang='lat' dir='ltr'>ei</span> <span class='ocrx_word' id='word_1_433' title='bbox 2104 2039 2180 2068; x_wconf 81' lang='lat' dir='ltr'>au·</span> 
     </span>
     <span class='ocr_line' id='line_1_70' title="bbox 1211 2084 2177 2140; baseline -0.006 -10"><span class='ocrx_word' id='word_1_434' title='bbox 1211 2088 1254 2132; x_wconf 89' lang='lat' dir='ltr'>su</span> <span class='ocrx_word' id='word_1_435' title='bbox 1268 2086 1489 2130; x_wconf 85' lang='lat' dir='ltr'>temerario</span> <span class='ocrx_word' id='word_1_436' title='bbox 1502 2086 1737 2130; x_wconf 84' lang='lat' dir='ltr'>contraire.</span> <span class='ocrx_word' id='word_1_437' title='bbox 1760 2085 1903 2140; x_wconf 85' lang='lat' dir='ltr'>Siquis</span> <span class='ocrx_word' id='word_1_438' title='bbox 1928 2093 2063 2127; x_wconf 86' lang='lat' dir='ltr'>autem</span> <span class='ocrx_word' id='word_1_439' title='bbox 2096 2084 2177 2125; x_wconf 88' lang='lat' dir='ltr'>hoc</span> 
     </span>
     <span class='ocr_line' id='line_1_71' title="bbox 1209 2142 2179 2203; baseline -0.007 -12"><span class='ocrx_word' id='word_1_440' title='bbox 1209 2154 1413 2191; x_wconf 86' lang='lat' dir='ltr'>attentare</span> <span class='ocrx_word' id='word_1_441' title='bbox 1429 2145 1727 2203; x_wconf 83' lang='lat' dir='ltr'>praesumpserit,</span> <span class='ocrx_word' id='word_1_442' title='bbox 1743 2142 2061 2200; x_wconf 78' lang='lat' dir='ltr'>indignationem</span> <span class='ocrx_word' id='word_1_443' title='bbox 2073 2143 2179 2184; x_wconf 88' lang='lat' dir='ltr'>Om-</span> 
     </span>
     <span class='ocr_line' id='line_1_72' title="bbox 1209 2198 2177 2260; baseline -0.005 -13"><span class='ocrx_word' id='word_1_444' title='bbox 1209 2204 1427 2260; x_wconf 86' lang='lat' dir='ltr'>nipotentis</span> <span class='ocrx_word' id='word_1_445' title='bbox 1439 2204 1515 2246; x_wconf 87' lang='lat' dir='ltr'>Dei</span> <span class='ocrx_word' id='word_1_446' title='bbox 1531 2232 1546 2254; x_wconf 90' lang='lat'>,</span> <span class='ocrx_word' id='word_1_447' title='bbox 1561 2218 1607 2247; x_wconf 88' lang='lat' dir='ltr'>ac</span> <span class='ocrx_word' id='word_1_448' title='bbox 1626 2207 1845 2248; x_wconf 87' lang='lat' dir='ltr'>Beatorum</span> <span class='ocrx_word' id='word_1_449' title='bbox 1871 2202 1984 2246; x_wconf 82' lang='lat' dir='ltr'>Petri</span> <span class='ocrx_word' id='word_1_450' title='bbox 2004 2202 2043 2243; x_wconf 74' lang='grc' dir='ltr'>δι</span> <span class='ocrx_word' id='word_1_451' title='bbox 2057 2198 2177 2245; x_wconf 82' lang='lat' dir='ltr'>Pauli</span> 
     </span>
     <span class='ocr_line' id='line_1_73' title="bbox 1207 2258 2120 2321; baseline -0.007 -14"><span class='ocrx_word' id='word_1_452' title='bbox 1207 2261 1497 2321; x_wconf 81' lang='lat' dir='ltr'>Apostolorum</span> <span class='ocrx_word' id='word_1_453' title='bbox 1513 2261 1592 2317; x_wconf 84' lang='lat' dir='ltr'>ejus</span> <span class='ocrx_word' id='word_1_454' title='bbox 1614 2262 1653 2306; x_wconf 90' lang='lat' dir='ltr'>se</span> <span class='ocrx_word' id='word_1_455' title='bbox 1667 2262 1829 2305; x_wconf 83' lang='lat' dir='ltr'>noverit</span> <span class='ocrx_word' id='word_1_456' title='bbox 1845 2258 2093 2303; x_wconf 91' lang='lat' dir='ltr'>incursurum</span> <span class='ocrx_word' id='word_1_457' title='bbox 2106 2287 2120 2301; x_wconf 87' lang='lat'><strong>.</strong></span> 
     </span>
     <span class='ocr_line' id='line_1_74' title="bbox 1326 2320 2182 2377; baseline -0.002 -13"><span class='ocrx_word' id='word_1_458' title='bbox 1326 2322 1474 2364; x_wconf 86' lang='lat' dir='ltr'>Datum</span> <span class='ocrx_word' id='word_1_459' title='bbox 1495 2322 1636 2366; x_wconf 77' lang='lat' dir='ltr'>Romae</span> <span class='ocrx_word' id='word_1_460' title='bbox 1655 2320 1760 2377; x_wconf 86' lang='lat' dir='ltr'>apud</span> <span class='ocrx_word' id='word_1_461' title='bbox 1778 2321 1963 2363; x_wconf 69' lang='lat' dir='ltr'>Sanctum</span> <span class='ocrx_word' id='word_1_462' title='bbox 1977 2320 2182 2362; x_wconf 53' lang='lat' dir='ltr'>Petrum„</span> 
     </span>
    </p>
   </div>
   <div class='ocr_carea' id='block_1_4' title="bbox 185 2370 2181 2434">
    <p class='ocr_par' dir='ltr' id='par_1_5' title="bbox 185 2370 2181 2434">
     <span class='ocr_line' id='line_1_75' title="bbox 185 2370 2181 2434; baseline -0.009 1"><span class='ocrx_word' id='word_1_463' title='bbox 185 2392 287 2422; x_wconf 63' lang='lat'>&#39;0⁶0</span> <span class='ocrx_word' id='word_1_464' title='bbox 300 2376 679 2434; x_wconf 66' lang='lat' dir='ltr'>P¹0¹¹²¹⁰Ci²Vim⁰⁵s</span> <span class='ocrx_word' id='word_1_465' title='bbox 692 2374 940 2432; x_wconf 54' lang='lat' dir='ltr'>implorum</span> <span class='ocrx_word' id='word_1_466' title='bbox 955 2370 1157 2417; x_wconf 51' lang='lat' dir='ltr'>tandem*</span> <span class='ocrx_word' id='word_1_467' title='bbox 1214 2383 1336 2425; x_wconf 80' lang='lat' dir='ltr'>Anno</span> <span class='ocrx_word' id='word_1_468' title='bbox 1371 2381 1659 2424; x_wconf 85' lang='lat' dir='ltr'>lucarnationis</span> <span class='ocrx_word' id='word_1_469' title='bbox 1678 2378 1900 2421; x_wconf 74' lang='lat' dir='ltr'>Dominieae</span> <span class='ocrx_word' id='word_1_470' title='bbox 1924 2406 1939 2429; x_wconf 93' lang='lat'>‚</span> <span class='ocrx_word' id='word_1_471' title='bbox 1971 2375 2181 2421; x_wconf 82' lang='lat' dir='ltr'>millesimo</span> 
     </span>
    </p>
   </div>
   <div class='ocr_carea' id='block_1_5' title="bbox 186 2432 1158 3254">
    <p class='ocr_par' dir='ltr' id='par_1_6' title="bbox 186 2432 1155 2903">
     <span class='ocr_line' id='line_1_76' title="bbox 191 2432 1151 2481; baseline -0.01 0"><span class='ocrx_word' id='word_1_472' title='bbox 191 2435 336 2481; x_wconf 86' lang='lat' dir='ltr'>eodem</span> <span class='ocrx_word' id='word_1_473' title='bbox 359 2436 400 2478; x_wconf 91' lang='lat' dir='ltr'>in</span> <span class='ocrx_word' id='word_1_474' title='bbox 428 2439 521 2478; x_wconf 83' lang='lat' dir='ltr'>loco</span> <span class='ocrx_word' id='word_1_475' title='bbox 547 2433 728 2478; x_wconf 81' lang='lat' dir='ltr'>&amp;Altari</span> <span class='ocrx_word' id='word_1_476' title='bbox 755 2432 908 2476; x_wconf 83' lang='lat' dir='ltr'>Miffam</span> <span class='ocrx_word' id='word_1_477' title='bbox 931 2434 1151 2477; x_wconf 86' lang='lat' dir='ltr'>solemnem</span> 
     </span>
     <span class='ocr_line' id='line_1_77' title="bbox 191 2488 1154 2550; baseline -0.008 -13"><span class='ocrx_word' id='word_1_478' title='bbox 191 2495 246 2539; x_wconf 88' lang='lat' dir='ltr'>de</span> <span class='ocrx_word' id='word_1_479' title='bbox 282 2492 512 2538; x_wconf 74' lang='lat' dir='ltr'>neatiffimoe</span> <span class='ocrx_word' id='word_1_480' title='bbox 550 2492 702 2550; x_wconf 86' lang='lat' dir='ltr'>semper</span> <span class='ocrx_word' id='word_1_481' title='bbox 729 2492 905 2549; x_wconf 90' lang='lat' dir='ltr'>Virginis</span> <span class='ocrx_word' id='word_1_482' title='bbox 941 2488 1154 2536; x_wconf 82' lang='lat' dir='ltr'>Vifitstio·</span> 
     </span>
     <span class='ocr_line' id='line_1_78' title="bbox 187 2550 1152 2606; baseline -0.009 -9"><span class='ocrx_word' id='word_1_483' title='bbox 187 2568 260 2606; x_wconf 74' lang='lat' dir='ltr'>ne,</span> <span class='ocrx_word' id='word_1_484' title='bbox 271 2567 363 2596; x_wconf 90' lang='lat' dir='ltr'>cum</span> <span class='ocrx_word' id='word_1_485' title='bbox 377 2552 488 2596; x_wconf 81' lang='lat' dir='ltr'>Beati</span> <span class='ocrx_word' id='word_1_486' title='bbox 503 2550 647 2596; x_wconf 85' lang='lat' dir='ltr'>D&#39;idaci</span> <span class='ocrx_word' id='word_1_487' title='bbox 661 2550 1152 2598; x_wconf 81' lang='lat' dir='ltr'>commemoratione,Nos</span> 
     </span>
     <span class='ocr_line' id='line_1_79' title="bbox 186 2608 1150 2671; baseline -0.004 -16"><span class='ocrx_word' id='word_1_488' title='bbox 186 2612 256 2671; x_wconf 84' lang='lat' dir='ltr'>ipfi</span> <span class='ocrx_word' id='word_1_489' title='bbox 283 2611 602 2661; x_wconf 79' lang='lat' dir='ltr'>celebravimus,</span> <span class='ocrx_word' id='word_1_490' title='bbox 627 2608 824 2656; x_wconf 82' lang='lat' dir='ltr'>fidelibus</span> <span class='ocrx_word' id='word_1_491' title='bbox 840 2622 916 2662; x_wconf 85' lang='lat' dir='ltr'>ue,</span> <span class='ocrx_word' id='word_1_492' title='bbox 943 2608 1012 2667; x_wconf 88' lang='lat' dir='ltr'>qui</span> <span class='ocrx_word' id='word_1_493' title='bbox 1034 2617 1150 2651; x_wconf 58' lang='lat' dir='ltr'>tam„</span> 
     </span>
     <span class='ocr_line' id='line_1_80' title="bbox 189 2664 1153 2729; baseline -0.008 -15"><span class='ocrx_word' id='word_1_494' title='bbox 189 2668 523 2729; x_wconf 71' lang='lat' dir='ltr'>pits&amp;religiosae</span> <span class='ocrx_word' id='word_1_495' title='bbox 553 2669 697 2714; x_wconf 60' lang='lat' dir='ltr'>saioni</span> <span class='ocrx_word' id='word_1_496' title='bbox 712 2697 728 2721; x_wconf 85' lang='lat'>,</span> <span class='ocrx_word' id='word_1_497' title='bbox 751 2671 794 2713; x_wconf 75' lang='grc' dir='ltr'>δι</span> <span class='ocrx_word' id='word_1_498' title='bbox 831 2667 1063 2713; x_wconf 64' lang='grc' dir='ltr'>ιστοΐιηᾶο</span> <span class='ocrx_word' id='word_1_499' title='bbox 1092 2664 1153 2707; x_wconf 86' lang='lat' dir='ltr'>sa-</span> 
     </span>
     <span class='ocr_line' id='line_1_81' title="bbox 188 2726 1152 2780; baseline -0.006 -7"><span class='ocrx_word' id='word_1_500' title='bbox 188 2729 348 2773; x_wconf 83' lang='lat' dir='ltr'>crificio</span> <span class='ocrx_word' id='word_1_501' title='bbox 370 2727 523 2772; x_wconf 59' lang='lat' dir='ltr'>devote</span> <span class='ocrx_word' id='word_1_502' title='bbox 537 2726 800 2772; x_wconf 80' lang='lat' dir='ltr'>interfuerant</span> <span class='ocrx_word' id='word_1_503' title='bbox 814 2755 831 2780; x_wconf 86' lang='lat'>,</span> <span class='ocrx_word' id='word_1_504' title='bbox 841 2726 892 2768; x_wconf 83' lang='lat' dir='ltr'>sd</span> <span class='ocrx_word' id='word_1_505' title='bbox 909 2726 985 2770; x_wconf 88' lang='lat' dir='ltr'>Dei</span> <span class='ocrx_word' id='word_1_506' title='bbox 997 2726 1039 2768; x_wconf 68' lang='lat' dir='ltr'>Bt</span> <span class='ocrx_word' id='word_1_507' title='bbox 1053 2727 1152 2768; x_wconf 78' lang='lat' dir='ltr'>San·</span> 
     </span>
     <span class='ocr_line' id='line_1_82' title="bbox 189 2782 1155 2842; baseline -0.004 -12"><span class='ocrx_word' id='word_1_508' title='bbox 189 2789 243 2830; x_wconf 79' lang='lat' dir='ltr'>e&#39;ti</span> <span class='ocrx_word' id='word_1_509' title='bbox 256 2785 312 2829; x_wconf 85' lang='lat' dir='ltr'>sui</span> <span class='ocrx_word' id='word_1_510' title='bbox 327 2784 499 2842; x_wconf 78' lang='lat' dir='ltr'>gloriam</span> <span class='ocrx_word' id='word_1_511' title='bbox 523 2787 563 2827; x_wconf 78' lang='grc' dir='ltr'>δι</span> <span class='ocrx_word' id='word_1_512' title='bbox 576 2785 734 2829; x_wconf 88' lang='lat' dir='ltr'>laudem</span> <span class='ocrx_word' id='word_1_513' title='bbox 749 2813 766 2838; x_wconf 82' lang='lat'>‚</span> <span class='ocrx_word' id='word_1_514' title='bbox 780 2785 996 2841; x_wconf 82' lang='lat' dir='ltr'>plenariam</span> <span class='ocrx_word' id='word_1_515' title='bbox 1013 2782 1155 2826; x_wconf 78' lang='lat' dir='ltr'>Indut-</span> 
     </span>
     <span class='ocr_line' id='line_1_83' title="bbox 192 2841 661 2903; baseline -0.009 -14"><span class='ocrx_word' id='word_1_516' title='bbox 192 2843 373 2903; x_wconf 80' lang='lat' dir='ltr'>gentiam</span> <span class='ocrx_word' id='word_1_517' title='bbox 385 2841 639 2888; x_wconf 81' lang='lat' dir='ltr'>conceffimns</span> <span class='ocrx_word' id='word_1_518' title='bbox 647 2872 661 2885; x_wconf 87' lang='lat'><strong>.</strong></span> 
     </span>
    </p>

    <p class='ocr_par' dir='ltr' id='par_1_7' title="bbox 192 2898 1158 3254">
     <span class='ocr_line' id='line_1_84' title="bbox 286 2898 1153 2956; baseline -0.007 -10"><span class='ocrx_word' id='word_1_519' title='bbox 286 2904 437 2946; x_wconf 86' lang='lat' dir='ltr'>Omnes</span> <span class='ocrx_word' id='word_1_520' title='bbox 454 2901 578 2956; x_wconf 83' lang='lat' dir='ltr'>igitur</span> <span class='ocrx_word' id='word_1_521' title='bbox 591 2904 722 2945; x_wconf 87' lang='lat' dir='ltr'>Deum</span> <span class='ocrx_word' id='word_1_522' title='bbox 742 2899 841 2944; x_wconf 84' lang='lat' dir='ltr'>coeli</span> <span class='ocrx_word' id='word_1_523' title='bbox 856 2898 1153 2952; x_wconf 83' lang='lat' dir='ltr'>benedicamus,</span> 
     </span>
     <span class='ocr_line' id='line_1_85' title="bbox 195 2956 1151 3005; baseline -0.003 0"><span class='ocrx_word' id='word_1_524' title='bbox 195 2965 238 3005; x_wconf 73' lang='grc' dir='ltr'>ἃ.</span> <span class='ocrx_word' id='word_1_525' title='bbox 258 2974 395 3003; x_wconf 89' lang='lat' dir='ltr'>coram</span> <span class='ocrx_word' id='word_1_526' title='bbox 420 2959 606 3003; x_wconf 88' lang='lat' dir='ltr'>omnibus</span> <span class='ocrx_word' id='word_1_527' title='bbox 629 2959 858 3003; x_wconf 81' lang='lat' dir='ltr'>viventibus</span> <span class='ocrx_word' id='word_1_528' title='bbox 891 2956 1151 3004; x_wconf 82' lang='lat' dir='ltr'>confiteamur</span> 
     </span>
     <span class='ocr_line' id='line_1_86' title="bbox 194 3015 1153 3078; baseline -0.006 -14"><span class='ocrx_word' id='word_1_529' title='bbox 194 3023 249 3072; x_wconf 84' lang='lat' dir='ltr'>ei,</span> <span class='ocrx_word' id='word_1_530' title='bbox 262 3020 353 3078; x_wconf 90' lang='lat' dir='ltr'>quia</span> <span class='ocrx_word' id='word_1_531' title='bbox 368 3017 463 3063; x_wconf 84' lang='lat' dir='ltr'>fecit</span> <span class='ocrx_word' id='word_1_532' title='bbox 475 3017 680 3062; x_wconf 85' lang='lat' dir='ltr'>nobiscum</span> <span class='ocrx_word' id='word_1_533' title='bbox 702 3015 1014 3060; x_wconf 84' lang='lat' dir='ltr'>misericordiam</span> <span class='ocrx_word' id='word_1_534' title='bbox 1028 3015 1153 3066; x_wconf 88' lang='lat' dir='ltr'>suam,</span> 
     </span>
     <span class='ocr_line' id='line_1_87' title="bbox 192 3075 1158 3198; baseline -0.01 -14"><span class='ocrx_word' id='word_1_535' title='bbox 192 3075 1158 3198; x_wconf 43' lang='lat' dir='ltr'>,2522&#39;32‘35320252‘125ss33&amp;ssssssss</span> 
     </span>
     <span class='ocr_line' id='line_1_88' title="bbox 199 3189 1156 3254; baseline -0.009 -11"><span class='ocrx_word' id='word_1_536' title='bbox 199 3209 253 3243; x_wconf 70' lang='lat' dir='ltr'>na</span> <span class='ocrx_word' id='word_1_537' title='bbox 267 3196 514 3254; x_wconf 73' lang='lat' dir='ltr'>Reipublicae</span> <span class='ocrx_word' id='word_1_538' title='bbox 538 3194 807 3253; x_wconf 87' lang='lat' dir='ltr'>temporibus,</span> <span class='ocrx_word' id='word_1_539' title='bbox 821 3192 964 3250; x_wconf 87' lang='lat' dir='ltr'>quibus</span> <span class='ocrx_word' id='word_1_540' title='bbox 986 3189 1156 3235; x_wconf 77' lang='lat' dir='ltr'>maximi:</span> 
     </span>
    </p>
   </div>
   <div class='ocr_carea' id='block_1_6' title="bbox 334 3766 507 3812">
    <p class='ocr_par' dir='ltr' id='par_1_8' title="bbox 334 3766 507 3812">
     <span class='ocr_line' id='line_1_89' title="bbox 334 3766 507 3812; baseline -0.023 0"><span class='ocrx_word' id='word_1_541' title='bbox 334 3770 438 3812; x_wconf 77' lang='lat' dir='ltr'>Tam.</span> <span class='ocrx_word' id='word_1_542' title='bbox 447 3766 507 3811; x_wconf 77' lang='lat' dir='ltr'>V1.</span> 
     </span>
    </p>
   </div>
   <div class='ocr_carea' id='block_1_7' title="bbox 1213 2434 2180 2556">
    <p class='ocr_par' dir='ltr' id='par_1_9' title="bbox 1213 2434 2180 2556">
     <span class='ocr_line' id='line_1_90' title="bbox 1213 2434 2180 2499; baseline -0.007 -15"><span class='ocrx_word' id='word_1_543' title='bbox 1213 2438 1536 2499; x_wconf 84' lang='lat' dir='ltr'>quingentefimo</span> <span class='ocrx_word' id='word_1_544' title='bbox 1556 2437 1826 2494; x_wconf 64' lang='lat' dir='ltr'>octuagefimo</span> <span class='ocrx_word' id='word_1_545' title='bbox 1852 2438 1995 2480; x_wconf 65' lang='lat' dir='ltr'>octavo</span> <span class='ocrx_word' id='word_1_546' title='bbox 2020 2462 2035 2484; x_wconf 92' lang='lat'>,</span> <span class='ocrx_word' id='word_1_547' title='bbox 2067 2434 2180 2478; x_wconf 80' lang='lat' dir='ltr'>sexto</span> 
     </span>
     <span class='ocr_line' id='line_1_91' title="bbox 1213 2494 2175 2556; baseline -0.012 -9"><span class='ocrx_word' id='word_1_548' title='bbox 1213 2505 1353 2547; x_wconf 81' lang='lat' dir='ltr'>Nonas</span> <span class='ocrx_word' id='word_1_549' title='bbox 1373 2498 1502 2556; x_wconf 87' lang='lat' dir='ltr'>Julii,</span> <span class='ocrx_word' id='word_1_550' title='bbox 1533 2494 1796 2542; x_wconf 74' lang='lat' dir='ltr'>Pontificatus</span> <span class='ocrx_word' id='word_1_551' title='bbox 1809 2494 1932 2537; x_wconf 82' lang='lat' dir='ltr'>nostri</span> <span class='ocrx_word' id='word_1_552' title='bbox 1961 2496 2086 2539; x_wconf 75' lang='lat' dir='ltr'>Anno</span> <span class='ocrx_word' id='word_1_553' title='bbox 2098 2496 2175 2536; x_wconf 84' lang='lat' dir='ltr'>tv.</span> 
     </span>
    </p>
   </div>
   <div class='ocr_carea' id='block_1_8' title="bbox 1313 2610 2181 2798">
    <p class='ocr_par' dir='ltr' id='par_1_10' title="bbox 1313 2610 2181 2798">
     <span class='ocr_line' id='line_1_92' title="bbox 1313 2610 2181 2707; baseline -0.008 -24"><span class='ocrx_word' id='word_1_554' title='bbox 1313 2623 1391 2702; x_wconf 78' lang='lat'>›1‹</span> <span class='ocrx_word' id='word_1_555' title='bbox 1428 2619 1565 2707; x_wconf 88' lang='lat' dir='ltr'>Ego</span> <span class='ocrx_word' id='word_1_556' title='bbox 1598 2616 1800 2685; x_wconf 87' lang='lat' dir='ltr'>Sixtus</span> <span class='ocrx_word' id='word_1_557' title='bbox 1839 2610 2181 2677; x_wconf 65' lang='lat' dir='ltr'>Catholicae</span> 
     </span>
     <span class='ocr_line' id='line_1_93' title="bbox 1406 2703 2091 2798; baseline -0.006 -24"><span class='ocrx_word' id='word_1_558' title='bbox 1406 2705 1682 2776; x_wconf 80' lang='lat' dir='ltr'>Ecclefiae</span> <span class='ocrx_word' id='word_1_559' title='bbox 1713 2703 2091 2798; x_wconf 81' lang='lat' dir='ltr'>Episcopus·</span> 
     </span>
    </p>
   </div>
   <div class='ocr_carea' id='block_1_9' title="bbox 1285 2855 2185 2998">
    <p class='ocr_par' dir='ltr' id='par_1_11' title="bbox 1285 2855 2185 2998">
     <span class='ocr_line' id='line_1_94' title="bbox 1285 2855 2185 2924; baseline -0.012 -8"><span class='ocrx_word' id='word_1_560' title='bbox 1285 2867 1412 2916; x_wconf 85' lang='lat' dir='ltr'>Cum</span> <span class='ocrx_word' id='word_1_561' title='bbox 1440 2858 1686 2924; x_wconf 68' lang='lat' dir='ltr'>subjunstis</span> <span class='ocrx_word' id='word_1_562' title='bbox 1722 2855 2045 2908; x_wconf 82' lang='lat' dir='ltr'>Cardinaliutn</span> <span class='ocrx_word' id='word_1_563' title='bbox 2058 2889 2077 2916; x_wconf 84' lang='lat'>,</span> <span class='ocrx_word' id='word_1_564' title='bbox 2102 2855 2185 2924; x_wconf 84' lang='lat' dir='ltr'>qui</span> 
     </span>
     <span class='ocr_line' id='line_1_95' title="bbox 1346 2924 2043 2998; baseline -0.009 -16"><span class='ocrx_word' id='word_1_565' title='bbox 1346 2926 1702 2998; x_wconf 81' lang='lat' dir='ltr'>subscripserunt</span> <span class='ocrx_word' id='word_1_566' title='bbox 1715 2961 1735 2986; x_wconf 73' lang='lat' dir='ltr'>a</span> <span class='ocrx_word' id='word_1_567' title='bbox 1747 2924 2008 2978; x_wconf 85' lang='lat' dir='ltr'>nominibus</span> <span class='ocrx_word' id='word_1_568' title='bbox 2026 2959 2043 2976; x_wconf 87' lang='grc'><strong>.</strong></span> 
     </span>
    </p>
   </div>
   <div class='ocr_carea' id='block_1_10' title="bbox 1273 3063 2181 3186">
    <p class='ocr_par' dir='ltr' id='par_1_12' title="bbox 1273 3063 2181 3186">
     <span class='ocr_line' id='line_1_96' title="bbox 1273 3063 2180 3127; baseline -0.014 -9"><span class='ocrx_word' id='word_1_569' title='bbox 1273 3073 1438 3127; x_wconf 73' lang='lat' dir='ltr'>Redrt‘q.</span> <span class='ocrx_word' id='word_1_570' title='bbox 1452 3074 1499 3114; x_wconf 72' lang='lat' dir='ltr'>In</span> <span class='ocrx_word' id='word_1_571' title='bbox 1512 3070 1610 3115; x_wconf 79' lang='lat' dir='ltr'>Coll-</span> <span class='ocrx_word' id='word_1_572' title='bbox 1613 3066 1726 3127; x_wconf 80' lang='lat' dir='ltr'><em>fh1.5</em></span> <span class='ocrx_word' id='word_1_573' title='bbox 1734 3082 1794 3112; x_wconf 81' lang='lat' dir='ltr'>ts.</span> <span class='ocrx_word' id='word_1_574' title='bbox 1814 3067 1863 3116; x_wconf 68' lang='grc' dir='ltr'>ὅ·</span> <span class='ocrx_word' id='word_1_575' title='bbox 1877 3066 1921 3109; x_wconf 82' lang='lat' dir='ltr'>in</span> <span class='ocrx_word' id='word_1_576' title='bbox 1935 3063 2054 3108; x_wconf 77' lang='lat' dir='ltr'>Arcb-</span> <span class='ocrx_word' id='word_1_577' title='bbox 2061 3064 2180 3120; x_wconf 56' lang='lat' dir='ltr'>gent-4</span> 
     </span>
     <span class='ocr_line' id='line_1_97' title="bbox 1329 3124 2181 3186; baseline -0.006 -13"><span class='ocrx_word' id='word_1_578' title='bbox 1329 3131 1412 3173; x_wconf 81' lang='lat' dir='ltr'>ruli</span> <span class='ocrx_word' id='word_1_579' title='bbox 1438 3130 1579 3174; x_wconf 76' lang='lat' dir='ltr'>ordin.</span> <span class='ocrx_word' id='word_1_580' title='bbox 1601 3128 1798 3186; x_wconf 75' lang='lat' dir='ltr'>exemplar</span> <span class='ocrx_word' id='word_1_581' title='bbox 1810 3124 2092 3171; x_wconf 78' lang='lat' dir='ltr'>Autbenticum</span> <span class='ocrx_word' id='word_1_582' title='bbox 2103 3127 2181 3168; x_wconf 73' lang='lat' dir='ltr'>im·</span> 
     </span>
    </p>
   </div>
   <div class='ocr_carea' id='block_1_11' title="bbox 1324 3187 1519 3248">
    <p class='ocr_par' dir='ltr' id='par_1_13' title="bbox 1324 3187 1519 3248">
     <span class='ocr_line' id='line_1_98' title="bbox 1324 3187 1519 3248; baseline -0.005 -15"><span class='ocrx_word' id='word_1_583' title='bbox 1324 3187 1519 3248; x_wconf 73' lang='lat' dir='ltr'>preffiaem·</span> 
     </span>
    </p>
   </div>
   <div class='ocr_carea' id='block_1_12' title="bbox 1479 3749 2121 3818">
    <p class='ocr_par' dir='ltr' id='par_1_14' title="bbox 1479 3749 2121 3818">
     <span class='ocr_line' id='line_1_99' title="bbox 1479 3749 2121 3818; baseline -0.02 -15"><span class='ocrx_word' id='word_1_584' title='bbox 1479 3763 1561 3818; x_wconf 89' lang='lat' dir='ltr'>Qq</span> <span class='ocrx_word' id='word_1_585' title='bbox 1910 3749 2121 3799; x_wconf 81' lang='lat' dir='ltr'>URBA-</span> 
     </span>
    </p>
   </div>
  </div>
 </body>
</html>
