2444 4192
2007 207 2158 291 113

244 319 1775 475 BENEDICTUS
1885 325 2241 470 Xll,

243 528 479 596 Tolosam
507 562 524 586 ,
561 542 684 578 antea
722 521 922 594 Jacobus
960 526 1191 575 Furnert‘us
1221 561 1237 584 ,
1269 525 1320 574 de
1354 523 1611 575 Savarduno
1638 558 1655 580 ,
1699 522 1880 571 Ordinis
1915 524 2198 595 Cis‘lercienfi's
2226 566 2242 588 ,

304 599 612 668 S.Theologiae
641 597 803 648 Deilor
830 598 1015 645 eximius
1032 595 1211 654 ,Abbas
1227 594 1424 646 Montis
1436 594 1630 664 frigidi,
1649 593 1957 660 Appamiarum
1993 632 2008 653 ,
2042 600 2097 646 (3·
2126 600 2241 662 pofl.

303 670 466 720 modum
505 666 808 737 Mirapicenfis
844 666 1069 735 Epifiopus
1100 702 1116 725 ,
1162 685 1209 716 ac
1246 666 1492 729 Presbyter
1535 666 1782 717 Cardinalis
1826 664 1925 715 Tit.
1972 665 2018 715 S.
2044 668 2209 734 ‘Priscae
2222 704 2237 726 ,

301 742 534 794 Avenione
559 760 641 791 20.
657 737 905 790 Decembris
926 758 947 792 ι
959 758 983 802 3
995 755 1078 802 34.
1104 739 1263 788 culmen
1277 738 1507 805 Apostolici
1521 735 1801 803 Pontificatt'ls
1817 742 1971 806 attigit
1999 775 2015 797 ,
2040 743 2085 787 in
2118 759 2239 806 eoque

292 813 411 880 fidit
427 813 551 882 usaue
577 812 637 862 ad
665 827 745 875 25.
761 810 935 876 Aprilis
960 828 1109 874 1342.
1126 848 1143 871 ‚
1173 828 1252 879 quo
1267 810 1490 879 Ecclefiam
1517 808 1740 879 aequt'ffi'mo
1767 813 2011 860 meritorum
2042 811 2202 878 censore
2219 847 2235 869 ‚

308 890 365 934 ἐξ
375 883 680 950 se‘tpientiffi'mo
698 880 985 949 Ecclfiasticae
999 917 1016 940 ,
1047 883 1102 930 &¹
1119 880 1354 950 Regularis
1370 882 1601 949 discipline
1616 882 1775 929 cultore
1784 885 2013 946 privatam
2030 882 2107 950 ff
2122 917 2138 939 ,
2156 880 2237 930 Ca·

305 953 469 1003 tholica
491 954 610 1003 luxit
625 954 867 1004 Communia
884 989 902 1012 ,
951 953 1183 1004 Avenione
1206 957 1253 1002 in
1281 953 1467 1015 Ecclefia
1493 953 1751 1008 Catbedralt'
1777 954 1834 1002 Ei
1861 968 2119 1019 parentante
2135 988 2150 1003 .

230 1021 426 1091 Impense
465 1025 629 1075 dilexit
659 1025 862 1075 Ordinem
899 1022 1216 1086 Minoritanum
1250 1059 1267 1083 ,
1321 1032 1376 1076 e&
1420 1044 1500 1074 non
1527 1025 1671 1093 fidam
1702 1025 1868 1074 litteris
1932 1030 1976 1073 in
2011 1024 2240 1091 Pontifica-

305 1093 377 1144 tt‘is
418 1095 569 1164 accfft
600 1095 635 1145 S
680 1096 803 1145 illius
824 1095 1019 1162 precibus
1045 1096 1356 1147 commendavit
1371 1132 1387 1155 ‚
1407 1096 1494 1165 fid
1515 1098 1571 1146 (9⁰
1594 1097 1723 1163 plura
1757 1099 1820 1145 ad
1840 1096 1965 1146 illius
1980 1097 2236 1164 fivorem...

290 1166 523 1233 fincivit.
564 1167 638 1217 Ex
682 1171 721 1216 is
729 1167 911 1232 prolixa
929 1168 1180 1235 Constitutio
1206 1171 1409 1234 incipiens
1425 1169 1719 1237 Redemptor
1743 1166 1892 1218 noster
1910 1204 1926 1225 ,
1965 1167 2049 1238 quii
2070 1170 2238 1233 statuta

302 1237 482 1287 Ordinis
500 1238 719 1305 generalia
736 1238 1014 1302 cotfi'rmavit
1029 1276 1047 1298 ,
1064 1239 1263 1306 recensiri
1277 1239 1442 1289 deberet
1455 1279 1470 1302 ,
1504 1260 1592 1290 cum
1614 1256 1751 1289 autem
1768 1241 1853 1288 baec
1868 1247 2005 1290 omnia
2033 1254 2240 1292 revocata

284 1305 422 1376 fistſjb
436 1342 453 1367 ,
485 1308 774 1359 Firmamenta
783 1312 915 1358 trium
932 1310 1138 1359 Ordinum
1152 1310 1336 1377 astruant
1356 1346 1372 1370 ,
1402 1312 1662 1381 quilibetque
1690 1317 1820 1360 trium
1847 1313 2057 1361 Ordinum
2073 1313 2240 1361 Hatuta

284 1383 388 1446 jam
405 1377 560 1429 habeat
581 1378 717 1430 flatui
730 1381 810 1448 fito
837 1394 985 1446 aptata
1010 1417 1024 1439 ,
1057 1381 1139 1431 illa
1165 1383 1236 1431 bic
1266 1386 1482 1431 omittitur
1496 1419 1512 1441 ,
1543 1391 1597 1433 &
1614 1383 1770 1432 Letior
1798 1401 1887 1431 eam
1915 1384 2098 1436 videndi
2128 1385 2240 1451 ειφίή

299 1450 376 1502 dus
389 1485 407 1511 ,
434 1450 493 1502 ad
514 1450 708 1505 Bullarit'
725 1452 912 1506 Romani
942 1468 1139 1506 tom-111.
1168 1467 1289 1526 part.
1310 1472 1356 1503 2.-
1391 1451 1476 1507 fol.
1496 1471 1613 1521 24²·
1635 1457 1875 1505 remittitur
1892 1488 1904 1504 .

227 1731 366 1878 C
471 1735 596 1878 L
702 1737 819 1878 E
929 1736 1095 1879 M
1218 1738 1336 1879 E
1446 1739 1592 1879 N
1700 1738 1788 1879 S
1945 1735 2054 1877 V
2145 1738 2238 1872 Ι,

236 1929 428 1984 Natione
462 1935 775 2007 Lemovicetfis
800 1977 816 1999 ,
859 1955 983 1991 antea
1017 1941 1170 1993 Petrus
1204 1941 1389 2011 Rogerij
1414 1977 1431 2000 ,
1478 1960 1532 1990 ex
1566 1938 1805 1992 ‹Monacho
1852 1939 1907 1988 ύ·
1947 1936 2119 1987 Abbate
2152 1936 2238 1986 Ar-

303 2005 580 2072 Chiepfiffm
627 2007 943 2074 R⁰²⁰m⁴ge¹fi5
979 2043 996 2065 ⁸
1030 2014 1086 2057 (Y
1123 2013 1370 2075 ‘Presbyter
1409 2012 1655 2062 Cardinalis
1698 2011 1779 2061 SS.
1815 2008 1955 2061 Nerei
1998 2015 2052 2060 ΕΞ
2082 2008 2241 2057 Achil-

304 2075 365 2124 let'
382 2078 458 2124 tit.
485 2075 686 2142 Fafiiolae
708 2113 724 2135 ,
766 2096 816 2138 7.
839 2075 968 2141 Maij
995 2094 1097 2125 anno
1124 2094 1271 2139 1342.
1302 2080 1530 2128 Avenione
1561 2084 1606 2126 in
1639 2081 1807 2143 stemma
1828 2079 2017 2136 Ecclefi'ae
2042 2080 2239 2128 militan-

302 2148 365 2194 tis
385 2145 562 2211 specula
588 2147 841 2194 conflitutus
874 2147 941 2194 εΗ
954 2182 966 2194 .
1016 2147 1201 2212 Vigilias
1230 2150 1284 2195 (θ’
1307 2166 1427 2195 curas
1456 2146 1734 2213 Apos‘iolatt'is
1762 2147 1890 2215 qfficii
1933 2148 1994 2196 ad
2019 2165 2146 2195 annos
2172 2149 2241 2196 de·

303 2230 389 2261 cem
403 2214 493 2270 ,&
508 2212 628 2259 ultra
643 2213 731 2278 fix
759 2215 911 2279 mensis
923 2215 1133 2277 produxit
1149 2249 1163 2269 ,
1186 2216 1242 2260 <5
1275 2225 1327 2261 6.
1353 2217 1550 2262 Decemb.
1575 2234 1724 2276 1354.
1769 2220 1890 2264 beato
1908 2219 2004 2282 fine
2032 2221 2237 2284 quievit,

297 2281 508 2351 Exequiis
519 2280 747 2334 Avenione
767 2286 812 2331 in
830 2281 1011 2341 Ecclefi'a
1037 2282 1289 2333 Catbedrali
1299 2285 1485 2350 expletis
1502 2319 1518 2342 ,
1546 2284 1739 2335 cadaver
1756 2284 1856 2349 pofl
1884 2286 2048 2353 aliquos
2079 2290 2236 2354 mensis

296 2353 357 2404 ad
370 2351 686 2406 Mona-finiunt
700 2353 923 2422 Casae-Dei
939 2390 955 2413 ,
980 2360 1097 2420 cujus
1111 2356 1212 2404 olim
1236 2354 1385 2404 Abbas
1405 2392 1420 2415 ‚
1448 2356 1531 2406 vel
1546 2360 1691 2419 juxta
1718 2356 1998 2421 Epitaphium
2017 2356 2238 2408 Provisor

299 2439 391 2476 erat
407 2460 426 2486 ,
449 2425 739 2486 translatum,
770 2426 915 2495 ibique
948 2430 992 2474 t‘n
1026 2426 1203 2494 Capella
1233 2426 1287 2475 ab
1317 2424 1409 2494 ipsi>
1436 2425 1673 2477 conffluna
1698 2425 1909 2476 conditum
1924 2425 2026 2495 ficit
2045 2462 2061 2476 .

231 2565 465 2621 Fratribus
478 2568 743 2620 Minoribus
779 2570 825 2618 in
861 2569 1044 2622 Habitu
1061 2605 1077 2629 ,
1099 2575 1198 2620 mo}

297 2636 359 2689 do
379 2638 594 2698 vivendi,
621 2638 833 2692 desti-ina
854 2661 907 2691 ac
932 2646 978 2691 in
1001 2643 1101 2692 aliis
1117 2641 1197 2692 ob·

293 2706 531 2761 servantiis
574 2708 934 2780 discrepantibus
967 2750 982 2772 ,
1025 2717 1197 2784 gratias

295 2782 372 2830 vel
404 2779 586 2831 indulta
612 2782 806 2841 concedi
825 2784 1000 2834 inhibet
1016 2821 1029 2835 .

265 2913 646 2964 CLEMENS
698 2914 1157 2973 EPISCOPUS

412 3044 590 3088 Seavus
623 3044 879 3087 Snavoauu
911 3047 992 3090 Dei
1008 3077 1020 3089 .

157 3170 159 3174 ⁴
226 3158 390 3206 inirem
415 3159 521 3205 Filio
536 3188 551 3212 ‚
580 3159 771 3204 Generalt·
797 3161 986 3220 Ministro
999 3165 1198 3211 Fratrum

230 3240 247 3284 Α·
313 3218 474 3265 Ordinis
486 3222 693 3264 Minorum
708 3221 903 3280 ,filatem
918 3222 966 3271 «ξς
981 3224 1141 3283 ,φοβο-

235 3280 255 3310 Γ
491 3277 611 3323 licam
624 3279 925 3324 benediHionem
941 3311 954 3324 .

310 3394 314 3398 ·
367 3400 407 3442 ι)
419 3397 539 3444 Sedis
551 3399 792 3456 Apostolicae
806 3374 994 3445 notitiain
1010 3402 1198 3462 frequen-

280 3469 298 3479 ··
381 3458 485 3504 tibus
496 3457 694 3503 relatibus
708 3460 765 3503 est
779 3459 1025 3518 produt‘tum
1040 3491 1056 3514 ,
1083 3466 1195 3523 quod

155 3562 162 3573 ι
242 3513 420 3560 nonnulli
436 3546 452 3569 ,
465 3518 589 3575 quise
605 3520 798 3563 Fratrum
811 3518 975 3563 Ordinis
989 3523 1198 3567 Minoi-um

241 3568 466 3622 professores
483 3605 498 3629 ‚
525 3578 566 3620 &
593 3579 762 3634 Regulae
790 3579 902 3623 Beati
919 3582 1118 3626 Francisci
1146 3583 1198 3633 ad

241 3626 420 3674 litteram
429 3635 643 3680 senatores
656 3637 861 3693 jassando,
880 3639 931 3681 ab
944 3640 1198 3686 Univerfita-
1233 3672 1236 3674 -

243 3697 289 3729 te
303 3694 602 3754 communitatis
616 3698 805 3740 Fratrum
819 3697 995 3754 ipsorum
1012 3729 1027 3752 s
1054 3712 1136 3745 tam
1157 3704 1200 3743 in

245 3746 405 3812 {Iablffl
420 3752 565 3797 ‚modo
578 3754 772 3807 vivendi,
786 3758 823 3798 &
840 3756 1023 3801 doftrina
1036 3791 1052 3812 ‚
1080 3762 1203 3817 quam

246 3818 288 3862 in
316 3803 655 3910 alufogplggbatis
679 3813 796 3872 ipfius
811 3816 981 3874 Ordinis
994 3821 1208 3878 observan-

1258 2569 1327 2613 tiis
1342 2569 1574 2627 discrepare
1591 2570 1879 2628 multipliciter
1893 2568 2123 2627 probantur
2139 2595 2154 2618 ‚
2185 2582 2235 2611 ex

1258 2630 1401 2687 quibus
1431 2630 1473 2672 in
1491 2631 1653 2675 Ordine
1669 2632 1754 2688 ipso
1769 2629 2011 2674 suscitantur
2032 2627 2236 2672 turbatio-

1257 2705 1328 2735 nes
1342 2717 1356 2740 ‚
1386 2691 1426 2731 δι
1442 2689 1628 2735 scandala
1655 2692 1847 2734 oriuntur
1864 2721 1876 2732 .
1911 2693 2000 2742 Nos
2015 2685 2237 2733 intenden-

1259 2760 1320 2795 tes
1337 2780 1352 2802 ,
1367 2751 1480 2806 quod
1495 2748 1545 2794 ad
1562 2751 1638 2795 Dei
1653 2751 1819 2795 lau'dem
1846 2752 1887 2793 δι
1914 2749 2088 2806 gloriam
2105 2776 2119 2799 ,
2132 2746 2237 2804 ejus-

1258 2811 1436 2866 demque
1448 2811 1630 2867 quietem
1643 2811 1813 2854 Ordinis
1843 2824 1915 2867 per
1932 2809 2235 2865 providentiam

1257 2870 1589 2925 circumspectam
1619 2870 1734 2914 Sedis
1761 2868 2010 2925 Apostolicae
2025 2898 2039 2921 ‚
2067 2867 2236 2910 salubris

1257 2929 1376 2987 super
1403 2930 1465 2972 his
1493 2929 1707 2972 ordinatio
1732 2927 2026 2982 subsequatur,
2052 2927 2095 2968 δι
2124 2926 2234 2983 quod

1258 2990 1424 3032 interim
1439 3003 1519 3031 non
1530 2987 1696 3044 expedit
1711 2987 1845 3043 aliqua
1861 2985 2000 3028 facere
2012 3012 2027 3036 ‚
2059 3000 2136 3042 per
2150 3000 2232 3040 quae

1258 3049 1474 3105 approbari
1500 3048 1605 3090 seeta
1620 3046 1765 3090 talium
1794 3046 1835 3090 in
1860 3044 2040 3099 ejusdem
2068 3045 2235 3088 Ordinis

1257 3107 1491 3151 scandalum
1506 3108 1696 3150 videatur
1709 3120 1724 3159 3
1744 3104 1837 3148 Tibi
1855 3102 2069 3148 districtius
2085 3112 2231 3146 tenore

1259 3166 1759 3225 praesentiuminhibemus
1775 3194 1791 3217 ,
1814 3178 1866 3207 ne
1889 3162 1970 3205 illis
2000 3162 2232 3205 immunita-

1260 3238 1321 3270 tes
1336 3255 1349 3278 ,
1364 3225 1515 3282 gratias
1529 3225 1597 3268 vel
1611 3222 1773 3267 favores
1785 3221 2029 3272 concedere,
2041 3222 2107 3263 vel
2123 3221 2232 3262 exhi-

1257 3288 1357 3329 bere
1387 3284 1593 3342 praesumas
1605 3314 1621 3335 ,
1650 3283 1858 3340 quousque
1885 3297 1955 3338 per
1971 3279 2118 3323 Sedern
2133 3294 2230 3322 ean·

1257 3346 1384 3394 dem,
1410 3346 1519 3388 circa
1542 3343 1690 3387 statum
1716 3341 1894 3398 ipsorum
1922 3368 1936 3391 ‚
1966 3339 2064 3381 ficut
2096 3338 2228 3382 eidem

1257 3404 1355 3449 Sedi
1370 3404 1577 3447 videbitur
1590 3433 1605 3456 ‚
1633 3403 1746 3446 aliud
1770 3401 1955 3443 extiterit
1970 3396 2228 3441 ordinatum.

1256 3468 1411 3508 Datum
1423 3464 1642 3506 Avenione
1657 3462 1781 3505 tertio
1796 3458 1971 3502 Kalend.
1986 3459 2227 3502 Decembris

1258 3520 1529 3569 Pontificatfis
1545 3521 1670 3566 nostri
1684 3524 1802 3564 Anno
1817 3517 2005 3564 Secundo
2018 3548 2033 3562 .

1320 3642 1537 3698 Wadding.
1551 3650 1643 3684 tom.
1663 3653 1704 3695 7,
1717 3619 1958 3699 Amal-fil!
1971 3653 1992 3682 2
1998 3650 2071 3696 94.

1712 3882 1747 3922 p
2042 3875 2151 3914 Con·
