2444 4192
755 247 916 330 Sub
977 248 1407 330 Innocentio
1468 242 1626 329 XI
1651 242 1706 324 I.

232 405 271 446 in
289 404 361 444 hac
377 408 490 458 parte
519 397 736 442 sortiantur
749 396 929 439 effectam
945 426 958 446 ,
988 404 1172 444 omnibus
1185 430 1200 452 ,

230 464 270 502 δι
303 460 460 516 lingulis
490 458 663 515 praefatis
693 454 866 499 Indultis
894 481 908 502 ,
939 460 1198 514 Privilegiis,

232 519 628 567 Constitutionibus,
648 513 812 570 Regulis
826 541 840 563 ,
853 514 1019 556 Statutis
1035 546 1049 567 ,
1077 519 1201 559 ordi-

229 579 462 620 nationibus
480 606 492 627 ,
512 572 863 619 Declarationibus
875 600 889 623 ,
906 574 1110 622 Decretis,
1124 573 1198 614 uli-

232 637 303 678 bus
323 632 773 688 ,&consuetudinibus,
797 644 964 686 quorum
989 631 1169 670 omnium
1182 660 1197 682 ‚

229 695 269 734 δι
285 693 526 750 (iugulorum
543 702 704 737 tenores
715 715 730 739 ,
744 702 789 732 ac
804 691 829 731 li
841 689 893 732 de
908 687 1030 730 verbo
1043 688 1094 729 ad
1111 700 1196 729 ver·-

229 752 324 794 bum
337 752 474 796 inserti
489 749 609 796 essent
630 779 644 802 ‚
662 763 735 805 pro
747 748 863 804 plene
877 774 891 796 ,
905 749 944 789 &
959 744 1197 810 sufficienter

228 811 416 865 expreffis
435 812 623 854 habemus
640 837 655 862 ‚
683 807 899 863 plenillime
913 836 926 858 ,
950 806 990 846 &
1005 802 1194 859 ampliffi-

223 870 291 910 me
301 879 437 918 motu,
453 866 612 912 scientia
625 895 637 916 ,
652 868 690 908 &
710 865 914 921 potestatis
932 861 1190 920 plenitudine

223 927 414 969 fimilibus
427 957 442 977 ,
458 927 709 982 derogamus,
723 925 760 966 &
774 926 1008 980 derogatum
1025 920 1101 964 effe
1116 934 1191 962 vo-

224 985 355 1028 lumus
368 1014 384 1036 ,
399 987 438 1027 &
453 987 683 1027 mandamus
699 1011 713 1035 ,
729 983 808 1025 illis
822 983 917 1026 alias
931 982 970 1023 in
988 980 1055 1024 suo
1070 979 1194 1022 robo-

221 1057 269 1084 re
282 1072 294 1094 ,
312 1043 584 1099 permansuris,
599 1057 644 1084 ac
658 1055 935 1097 quamcunque
951 1039 1192 1088 instantiam,

222 1100 484 1156 five‘gradum
499 1102 762 1158 cujuscunque
777 1098 1058 1158 appellationis
1075 1126 1089 1149 ,
1128 1097 1193 1139 vel

222 1159 404 1202 recursus
416 1173 551 1201 coram
566 1157 864 1204 Protenoribus
877 1186 893 1210 ,
904 1156 968 1201 {cu
983 1156 1034 1199 ad
1049 1158 1191 1199 Prote·

219 1218 351 1259 &ores
380 1216 605 1272 hujusmodi
621 1244 635 1266 ,
665 1227 915 1261 removentes
925 1244 940 1267 ,
966 1214 1156 1258 tollentes
1172 1243 1189 1266 ,

218 1274 287 1316 seu
330 1275 573 1323 resecantes,
615 1286 893 1329 quamcunque
935 1274 1156 1315 instantiam
1171 1299 1187 1323 ,

249 1340 338 1374 rout
352 1330 402 1372 de
419 1330 507 1386 jure
521 1356 534 1379 ,
548 1329 711 1386 &juxta
726 1331 892 1372 Ordinis
915 1331 1094 1372 instituta
1122 1344 1188 1371 re·

239 1389 433 1445 inquimus
448 1418 463 1442 ,
494 1389 534 1431 δι
563 1386 838 1444 cujuscunque
866 1387 1150 1444 appellationis
1171 1415 1187 1437 ‚

219 1449 284 1491 seu
300 1447 482 1491 recurslis
493 1446 656 1502 gradum
671 1472 685 1493 2
710 1461 830 1503 quem
859 1446 1016 1501 lingulis
1041 1446 1190 1488 cardi·

220 1504 372 1548 nalibus
388 1504 678 1549 Proteum-ibus
691 1514 833 1547 tenore
847 1504 1092 1560 praesentium
1104 1518 1194 1545 om·

222 1565 321 1606 nino
334 1591 348 1615 ,
362 1565 402 1605 &
415 1561 600 1606 absolute
615 1559 827 1605 adimimus
843 1591 858 1614 ,
889 1560 975 1618 ipfis
989 1561 1191 1605 Cardine·

221 1621 324 1665 libus
339 1650 354 1674 ‚
381 1620 532 1664 infimul
558 1631 694 1663 tamen
720 1621 759 1663 in
775 1620 1106 1677 congregatione
1124 1634 1193 1662 ne-

222 1681 341 1734 gotiis
360 1708 374 1731 ,
390 1681 430 1723 &
442 1678 801 1723 consultationibus
819 1681 1110 1735 Epistoporum
1123 1704 1138 1726 ,
1154 1680 1193 1721 &

221 1738 481 1795 Regularium
503 1737 708 1794 praeposita
734 1736 1067 1780 convenientibus
1085 1763 1100 1786 ,
1124 1750 1191 1779 ea-

222 1796 394 1841 rundem
405 1807 547 1840 tenore
560 1794 807 1852 praesentium
821 1796 1079 1848 restituimus,
1090 1808 1191 1838 con·

225 1855 405 1900 cedimus
419 1881 434 1905 ,
461 1855 675 1898 tribuimus
690 1881 703 1904 ,
733 1856 772 1897 δι
801 1854 1055 1912 impartimur
1078 1883 1094 1905 ,
1123 1851 1187 1895 seu

225 1913 359 1957 verius
375 1923 614 1971 utrumque,
643 1913 709 1956 seu
723 1913 926 1970 duplicem
950 1912 1189 1971 appellatio·

158 2006 160 2009 v
225 1974 284 2016 nis
313 1971 479 2026 gradum
507 1999 521 2022 ,
550 1973 619 2027 qui
645 1974 755 2026 super
779 1972 972 2028 praemillis
1000 1985 1109 2028 prius
1138 1969 1189 2012 ad

225 2030 465 2076 Cardinales
478 2033 734 2074 Protectores
747 2028 931 2083 praesatos
944 2056 958 2080 ,
969 2032 1010 2073 δε
1021 2028 1192 2072 succelfi.

227 2091 276 2133 ve
293 2088 359 2132 vel
375 2088 591 2146 respective
607 2087 772 2136 ,omiffo
791 2085 926 2132 medi'o
939 2098 953 2140 ·,
968 2090 1019 2133 ad
1036 2102 1192 2131 memo-

225 2157 357 2191 ratam
377 2147 748 2204 congregationem
774 2147 1096 2191 devolvebantur
1108 2175 1123 2197 ,
1152 2146 1191 2187 in

226 2207 370 2251 eadem
386 2207 714 2261 Congregatione
726 2204 1043 2256 consolidamus,
1071 2218 1192 2246 anne·

227 2266 369 2308 &imus
384 2290 398 2314 ,
412 2265 450 2306 &
464 2265 620 2306 unimus
637 2291 651 2314 ,
663 2264 703 2304 δι
716 2264 765 2306 sd
779 2277 899 2307 unum
914 2262 1159 2319 cognitionis
1175 2291 1191 2315 ,

226 2322 292 2368 seu
304 2321 587 2380 appellationis
601 2322 769 2385 gradum
782 2322 1009 2365 reducimus
1019 2354 1031 2363 .

340 2380 404 2425 Ad
419 2381 517 2433 haec,
529 2388 622 2425 cum
634 2382 782 2436 pariter
796 2394 847 2424 ex
862 2382 1052 2428 Indultis,
1064 2379 1191 2424 Prisi-

226 2440 343 2498 legiis
356 2464 370 2490 ,
384 2434 448 2483 seu
463 2439 830 2483 constitutionibus
844 2441 1084 2496 Apostolicis
1098 2467 1112 2490 ,
1129 2437 1192 2483 vel

227 2513 276 2542 ex
290 2497 458 2555 Regulis
475 2525 490 2550 ,
517 2498 715 2547 statutis,
738 2500 804 2542 seu
830 2499 1162 2542 Ordinationibus
1176 2524 1192 2548 ,

224 2558 306 2602 five
316 2571 366 2602 ex
380 2555 510 2600 ulibus
523 2584 538 2609 ,
561 2558 601 2599 δι
613 2557 961 2600 consuetudinibus
976 2585 990 2608 ‚
1013 2558 1077 2600 vel
1094 2558 1190 2601 aliis

223 2627 386 2674 quoquo
399 2615 526 2658 modo
538 2642 554 2666 ,
580 2614 713 2672 aliqua
730 2615 948 2658 nonnullos
963 2616 1157 2660 Proelatos
1177 2644 1192 2668 ,

225 2673 461 2730 Superiores
473 2700 489 2725 ,
510 2671 573 2715 stu
583 2674 686 2716 alios
697 2673 737 2715 in
752 2674 953 2731 aliquibus
966 2675 1188 2719 Ordinibus

226 2730 432 2786 eligendi,
458 2729 787 2785 teudemundi,
819 2733 883 2775 vel
897 2733 975 2775 alia
985 2747 1192 2791 queque,

226 2787 398 2843 facultas
413 2814 428 2839 ,
442 2784 509 2829 seu
522 2789 733 2832 aneton-itas
746 2789 936 2832 nonnulla
948 2805 1193 2848 quacunque

227 2844 398 2902 gerendi
413 2872 428 2896 ‚
438 2847 749 2895 committendi,
763 2846 979 2891 mandandi
996 2877 1014 2900 ,
1024 2851 1191 2893 deman·

229 2903 352 2948 dandi
364 2900 451 2951 ,litu
461 2901 674 2946 ordinandi
689 2904 862 2960 prefatis
877 2907 1192 2960 Protectoribus,

229 2963 296 3005 seu
309 2954 507 3017 aliquibus
519 2972 658 3005 eorum
683 2961 991 3017 quomodolibet
1016 2967 1191 3010 attribu·

230 3031 274 3064 ta
285 3034 302 3071 =,
312 3014 514 3063 commin}
525 3044 542 3068 ,
553 3019 836 3064 commendata
847 3047 862 3070 ,
872 3020 940 3066 seu
952 3023 1190 3068 demandata

228 3076 481 3135 specialiter,
508 3075 573 3120 vel
600 3076 840 3134 generaliter
863 3090 1007 3124 contra
1019 3080 1189 3126 formam

229 3134 490 3195 prefatarum
503 3137 723 3191 Gregorii,
745 3138 787 3179 δι
810 3137 912 3183 sixti
939 3139 1194 3185 Praedecellu-

231 3208 323 3239 rum
337 3194 543 3238 literarum
557 3193 698 3237 existat
713 3207 729 3248 3
744 3195 850 3239 Hinc
863 3199 951 3240 Nos
965 3194 1193 3253 hujusmodi

233 3252 476 3303 electiones,
503 3255 568 3298 seu
582 3251 863 3310 depurationes
883 3254 932 3297 ad
962 3255 1109 3300 limites
1123 3261 1196 3302 Sa-

233 3320 390 3356 crorum
406 3314 620 3355 canonum
631 3340 646 3364 ,
659 3311 724 3356 seu
739 3312 982 3368 Regularum
991 3340 1006 3363 ,
1035 3316 1074 3357 &
1087 3317 1199 3360 tusti-

235 3368 420 3419 tuth'vel
434 3369 484 3412 ad
503 3371 667 3415 modum
680 3397 695 3420 ,
716 3371 753 3413 &
769 3369 935 3413 formam
951 3372 988 3415 in
1004 3375 1194 3418 Comitiis

236 3426 484 3482 generalibus
495 3455 510 3480 ,
535 3427 601 3472 seu
627 3444 700 3486 per
712 3433 798 3473 Nos
827 3432 1068 3475 aurstoritste
1083 3436 1195 3489 Apo·

235 3482 374 3528 stolica
386 3485 631 3531 statuendum
645 3516 662 3540 ,
691 3489 732 3530 δε
757 3489 1005 3533 statuendam
1035 3491 1194 3536 reduci·

237 3552 360 3594 mus,
378 3544 605 3590 &maneas
627 3546 702 3590 elle
730 3547 919 3590 volumus
933 3577 947 3599 ‚
968 3551 1009 3592 &
1030 3550 1194 3594 manda-

239 3615 325 3643 mus
339 3613 352 3643 :
364 3600 459 3656 Quo
468 3606 562 3649 vero
575 3604 625 3648 ad
637 3614 779 3650 caetera
792 3633 806 3656 ,
835 3606 1069 3650 facultatem
1081 3635 1096 3658 ,
1127 3609 1191 3652 seu

238 3659 520 3701 auctoritatem
537 3688 553 3713 ,
577 3664 841 3719 quamiisdem
867 3665 1026 3723 lingulis
1049 3669 1198 3712 Cardi-

239 3716 394 3761 nalibus
409 3719 705 3769 Proteaoribus
726 3725 765 3766 in
778 3724 974 3780 praemiffis
990 3752 1004 3775 ,
1034 3728 1075 3768 δι
1087 3727 1195 3772 circa

239 3789 280 3817 ea
308 3776 463 3832 penitus
487 3776 720 3833 adimimus,
741 3784 974 3827 eorumdem
1006 3785 1203 3829 Cardina-

240 3835 336 3878 lium
359 3835 762 3938 1congr-legationibus
789 3866 805 3889 ,
845 3841 956 3898 juxta
987 3845 1201 3904 cujuslibet

391 3908 467 3935 om.
525 3923 538 3937 .

1990 278 2170 357 449

1261 399 1593 454 congregationis
1608 397 1831 444 facultates,
1843 410 2018 452 congrua
2036 406 2224 457 congruis

1258 455 1473 499 referendo
1485 483 1499 505 ‚
1530 455 1709 496 (imiliter
1736 455 1975 496 restituimus
1991 483 2004 505 ,
2035 463 2229 502 concedi-

1262 527 1347 555 mus
1360 543 1375 566 ‚
1394 514 1607 554 tribuimus
1620 540 1634 562 ,
1646 514 1687 555 δι
1704 514 1953 566 impartimur
1968 525 1984 563 3
2018 512 2084 554 sub
2111 530 2157 555 ea
2170 528 2227 557 ta-

1259 585 1350 614 men
1380 570 1659 612 moderatione
1687 599 1700 621 ,
1733 573 1798 612 seu
1828 570 2107 612 declaratione
2138 599 2152 621 ,
2181 583 2226 615 ut

1255 629 1426 684 praesatae
1450 630 1800 684 congregationes
1816 630 1853 670 in
1878 629 1957 670 illis
1988 628 2198 671 dumtaxat
2213 657 2227 680 ,

1255 701 1340 742 quae
1353 689 1402 730 ad
1419 689 1671 730 Protectores
1696 686 1920 742 hujusmodi
1953 700 2003 729 ex
2018 686 2227 728 Constitu-

1257 746 1430 788 tionibus
1444 773 1459 796 ,
1471 746 1511 786 δι
1526 744 1860 788 ordinationibus
1874 744 2115 800 Apostolicis
2130 770 2144 792 ,
2161 744 2227 788 seu

1254 818 1304 847 ex
1320 804 1514 854 statutis,
1539 801 1703 859 Regulis
1717 834 1730 855 ,
1764 805 1830 848 vel
1858 804 2224 846 Constitutionibus

1253 863 1471 918 cujuslibet
1486 861 1704 917 respective
1718 863 1885 906 Ordinis
1900 888 1914 910 ,
1947 876 2028 905 non
2056 874 2222 905 autenL,

1251 936 1302 965 ex
1320 924 1387 965 usu
1401 949 1415 971 ,
1429 919 1715 963 consuetudine
1731 950 1745 972 ,
1773 922 1838 965 vel
1854 921 1952 964 alias
1965 920 2194 976 spectarunt
2206 950 2222 972 ,

1253 981 1346 1024 loco
1366 979 1603 1022 eorumdem
1631 982 1911 1023 Protectorum
1940 979 2226 1034 subrogentur,

1250 1042 1288 1081 &
1305 1038 1527 1094 subrogatae
1543 1039 1615 1080 (int
1630 1066 1644 1090 ,
1659 1039 1699 1080 δι
1716 1039 1992 1094 intelligantur
2006 1066 2017 1077 .

1367 1100 1480 1153 Quia
1496 1098 1595 1141 vero
1609 1096 1705 1153 sepe
1717 1096 1851 1154 saepius
1867 1097 2064 1152 contingit
2077 1123 2092 1147 ,
2123 1097 2223 1138 utin

1251 1155 1373 1199 caulis
1386 1184 1401 1209 ,
1414 1155 1479 1199 {cu
1493 1157 1669 1212 negotiis
1683 1186 1699 1208 ,
1723 1171 1807 1214 quae
1838 1157 1876 1198 in
1890 1156 2123 1198 memoratis
2156 1153 2219 1196 di-

1248 1217 1407 1258 &orum
1421 1213 1703 1258 Cardinaliutn
1716 1213 2114 1270 congregationibus
2128 1228 2222 1270 pro-

1247 1283 1453 1328 ponuntur
1469 1302 1482 1326 ,
1495 1274 1728 1328 exquiratur
1742 1276 1857 1330 super
1882 1272 2070 1329 expositis
2098 1272 2224 1314 infor-

1249 1331 1377 1372 matio
1388 1356 1403 1378 s
1417 1345 1462 1373 ac
1487 1333 1730 1388 quandoque
1744 1334 1866 1375 etiam
1882 1342 2025 1374 votum
2044 1358 2058 1381 ,
2071 1330 2136 1371 seu
2152 1329 2225 1370 de·

1246 1388 1407 1444 legetur
1423 1384 1697 1431 resolutorum
1723 1390 1940 1444 exequutio
1956 1414 1971 1436 ‚
2002 1388 2220 1430 eamdent..

1253 1447 1583 1503 proportionem,
1598 1445 1662 1489 stu
1675 1446 1982 1499 distinctionem,
1995 1460 2112 1502 quam
2129 1458 2228 1501 prar-

1254 1504 1429 1548 mifimus
1442 1534 1459 1556 ,
1471 1507 1594 1548 etiam
1608 1506 1649 1547 in
1675 1507 1749 1547 hac
1763 1516 1876 1563 parte
1892 1504 2037 1548 servari
2054 1504 2224 1547 manda-

1253 1576 1339 1606 mus
1355 1589 1371 1612 ,
1391 1572 1434 1606 ut
1448 1565 1637 1606 nimirum
1656 1563 1694 1605 in
1713 1564 2025 1621 respicientibus
2052 1573 2222 1607 totum,

1252 1620 1451 1664 Ordinem
1483 1624 1767 1666 protectorum
1793 1636 1896 1665 curae
1908 1649 1923 1672 ,
1944 1632 1987 1665 ut
2002 1621 2224 1678 prefertur,

1252 1679 1489 1732 commistis,
1521 1682 1584 1724 seu
1611 1681 1760 1724 relic'tis
1769 1710 1786 1733 ,
1808 1680 1947 1724 iisdem
1978 1680 2226 1724 Protectori·

1251 1741 1324 1782 bus
1339 1751 1354 1790 3
1372 1741 1418 1781 In
1434 1740 1586 1783 caeteris
1602 1742 1703 1783 vero
1715 1738 1837 1784 caulis
1852 1766 1866 1790 ‚
1881 1741 1922 1782 ἃ
1938 1739 2135 1796 negotiis,
2151 1743 2227 1782 Su·

1250 1798 1398 1855 periori
1413 1798 1604 1841 Generali
1619 1826 1635 1851 ,
1664 1799 1744 1842 five
1759 1801 2020 1841 Procuratori
2037 1802 2223 1842 Genera-

1250 1858 1306 1906 li,
1321 1857 1361 1898 δι
1376 1858 1414 1899 in
1431 1866 1632 1915 utroque,
1658 1859 1724 1900 leu
1745 1856 1949 1900 alterutro
1973 1859 2062 1899 casu
2076 1883 2090 1904 ,
2104 1857 2226 1896 etism

1249 1916 1570 1971 Congregationi
1588 1918 1667 1958 live
1690 1914 1992 1964 Affistentium,
2019 1915 2099 1957 live
2116 1911 2227 1955 Defi-

1250 1974 1429 2016 nitorum
1440 2002 1455 2024 ,
1467 1975 1545 2017 live
1560 1974 1853 2018 consultorum
1867 2003 1883 2025 ,
1895 1974 1975 2016 sive
1988 1972 2108 2017 aliter
2121 1986 2226 2030 quo-

1253 2030 1550 2088 modocumque
1564 2042 1800 2088 nuncupatae
1815 2032 1879 2087 hic
1897 2032 1935 2074 iu
1957 2033 2086 2083 Urbe,
2099 2030 2164 2074 vel
2182 2031 2223 2073 in

1252 2089 1330 2132 alio
1346 2089 1470 2132 ltaliae
1485 2091 1578 2134 loco
1601 2090 1780 2134 existenti
1793 2117 1807 2140 ,
1819 2091 1859 2132 in
1874 2103 1950 2146 qua
1966 2089 2135 2132 Ordinis
2147 2102 2226 2133 ne·

1253 2149 1360 2204 gotia
1385 2152 1608 2193 tractantur
1620 2177 1636 2202 ,
1667 2148 1731 2192 seu
1755 2151 1914 2191 tractari
1948 2147 2080 2191 solent
2110 2177 2125 2201 ,
2156 2146 2224 2190 vel

1252 2206 1399 2251 debent
1413 2234 1428 2256 ,
1458 2209 1495 2249 δι
1510 2209 1644 2264 quoad
1661 2207 1757 2250 illos
1769 2206 1946 2250 Ordines
1959 2233 1974 2256 ,
2009 2208 2048 2249 in
2078 2206 2225 2262 quibus

1250 2263 1479 2319 hujusmodi
1494 2267 1647 2310 insimul
1664 2295 1679 2318 ,
1700 2264 1946 2308 &continue
1974 2265 2228 2309 conveniens

1253 2325 1536 2380 congregatio
1558 2339 1640 2368 non
1669 2324 1803 2367 existit
1829 2354 1845 2376 ,
1877 2323 1943 2367 seu
1972 2325 2122 2374 existit,
2157 2323 2227 2367 sed

1252 2391 1368 2425 extra
1382 2382 1540 2425 ltaliam
1555 2413 1571 2436 ,
1598 2384 1729 2427 eidem
1753 2385 2010 2427 procuratori
2033 2384 2225 2428 Generali

1254 2441 1319 2484 vel
1353 2441 1425 2484 soli
1441 2470 1455 2492 ,
1486 2442 1551 2485 vel
1584 2442 1737 2485 insimul
1767 2442 1892 2484 etiam
1917 2444 2118 2485 nonnullis
2128 2442 2217 2485 aliis

1251 2497 1430 2554 ejusdem
1444 2501 1611 2544 Ordinis
1626 2501 1907 2556 Superioribus
1938 2500 1999 2544 seu
2018 2501 2194 2544 Praelatis
2207 2530 2222 2554 ‚

1251 2557 1404 2601 tametfi
1432 2559 1471 2600 in
1493 2559 1658 2602 diverfis
1686 2559 1786 2602 locis
1811 2560 1851 2601 in
1867 2559 1982 2603 Italia
1994 2560 2057 2603 seu
2078 2571 2225 2604 extra.»

1250 2630 1336 2663 eam
1361 2618 1575 2673 respective
1587 2645 1602 2667 ,
1616 2628 1659 2660 ut
1674 2618 1885 2674 praesertur
1896 2647 1911 2670 ,
1926 2618 2223 2660 commoranti-

1251 2677 1350 2724 bus,
1379 2677 1547 2719 arbitrio
1570 2676 1737 2733 semper·
1750 2676 1966 2730 cujuslibet
1992 2690 2043 2720 ex
2058 2676 2227 2731 praesatis

1249 2733 1531 2779 cardinalium
1560 2736 1959 2791 congregationibus
1972 2763 1988 2786 ,
2018 2736 2130 2791 juxta
2161 2748 2226 2778 re-

1252 2806 1341 2835 rum
1351 2818 1368 2841 ,
1383 2792 1568 2837 locorum
1583 2824 1599 2846 ,
1611 2797 1650 2838 δι
1665 2794 1923 2850 personarum
1935 2795 2170 2848 qualitates,
2183 2795 2225 2835 δι

1250 2851 1560 2894 circumstantias
1592 2852 1814 2907 respective
1836 2879 1852 2902 ,
1882 2850 2116 2895 informatio
2140 2881 2156 2904 ,
2185 2854 2225 2893 &

1253 2909 1428 2959 Votum,
1441 2918 1486 2951 ut
1501 2908 1728 2964 prefertur,
1742 2921 1900 2950 necnon
1916 2913 2137 2965 exequutio
2151 2913 2226 2951 hu·

1248 2962 1423 3021 jusmodi
1438 2994 1453 3017 ‚
1479 2980 1658 3023 congrua
1684 2966 1875 3022 congruis
1904 2964 2117 3010 referendo
2140 2995 2155 3019 ,
2183 2969 2225 3010 ὰ

1250 3024 1408 3067 servata
1423 3025 1670 3082 ceteroquin
1684 3023 1826 3080 quoad
1859 3025 2034 3078 singulos
2049 3025 2224 3067 Ordines

1251 3081 1381 3125 forma
1397 3085 1566 3140 propria
1581 3083 1760 3139 Regulae,
1777 3082 2014 3126 statutorum
2030 3110 2046 3134 ,
2078 3081 2142 3126 seu
2158 3085 2226 3126 ln-

1251 3141 1378 3183 stituti
1391 3168 1405 3192 ,
1418 3142 1652 3186 remittatur
1664 3170 1680 3194 ,
1695 3141 1909 3197 delegetur
1925 3170 1939 3194 ,
1953 3139 2020 3185 scu
2034 3143 2223 3185 commit-

1257 3208 1368 3243 tatur
1383 3228 1396 3242 .

1371 3258 1673 3316 Perpendentes
1686 3259 1810 3303 etiam
1823 3259 2054 3304 Chriffianae
2073 3260 2228 3315 Reipu-

1255 3316 1368 3360 blicae
1392 3332 1470 3375 prae
1496 3319 1645 3362 eaeteris
1673 3317 1867 3373 expedire
1880 3347 1894 3370 ,
1925 3328 1970 3361 ut
1999 3317 2223 3361 Ordinibus

1252 3375 1521 3432 Regularibus
1536 3370 1691 3420 Praelati
1708 3377 1916 3433 inculpate
1933 3377 2225 3426 vite-,morum-

1252 3449 1333 3491 que
1346 3436 1606 3492 integritate,
1621 3436 1836 3478 virtutibus
1851 3464 1866 3487 ,
1878 3435 2050 3485 meritis,
2066 3448 2221 3478 rerum-

1253 3508 1332 3550 que
1350 3495 1594 3550 experientia
1625 3493 1921 3551 praestantiores
1943 3522 1958 3545 ,
1987 3496 2026 3537 δι
2043 3494 2221 3550 aptiores

1252 3549 1518 3606 preficiantur
1531 3581 1548 3605 ,
1576 3554 1617 3595 δι
1629 3553 1681 3595 ad
1700 3554 1804 3596 bunc
1818 3552 2003 3597 effectum
2012 3553 2219 3597 omnimo·

1250 3609 1345 3652 dam
1357 3636 1372 3659 ,
1382 3613 1421 3652 &
1434 3611 1484 3654 ab
1499 3612 1682 3653 humanis
1698 3611 1937 3666 respectibus
1950 3612 2219 3669 undequaque

1258 3669 1471 3712 immunem
1485 3697 1501 3719 ,
1520 3670 1560 3712 δι
1583 3668 1866 3713 sacrosanfiam
1902 3671 2130 3715 libertatem
2151 3672 2220 3712 in..-

1256 3727 1418 3770 illorum
1459 3727 1720 3772 electionibus
1751 3757 1766 3781 ,
1807 3729 1955 3774 nedum
1987 3729 2221 3772 mirabiliter

1262 3787 1473 3838 conferre,
1487 3787 1553 3830 sed
1568 3788 1742 3845 requiri,
1757 3802 1996 3833 memoratos
2010 3786 2219 3830 Protecto-

1259 3846 1375 3889 resin
1392 3847 1569 3891 Domino
1585 3848 1794 3891 hortamur
1806 3876 1822 3900 ,
1850 3850 1890 3891 &
1904 3845 2021 3891 enixe
2034 3842 2219 3885 obsecra-

1682 3908 1717 3949 L
1731 3905 1744 3948 l
1762 3906 1775 3948 l
2045 3912 2133 3943 mus
2147 3927 2161 3951 s
