2444 4192
879 149 1039 230 Sub
1103 148 1242 232 Pia
1305 145 1478 232 IV

208 294 296 334 {earuv
307 281 450 330 Paulus
463 284 539 327 lv.
551 286 597 327 ut
613 284 894 341 premittitur,
906 295 1024 348 quam
1038 296 1155 337 etiam

208 343 404 391 Martinus
419 344 494 385 tv.
526 343 566 383 δι
580 345 776 389 Martinus
795 348 855 398 AV,
886 363 932 391 ac
949 352 1153 406 Eugenius

203 405 283 448 JV.
296 413 342 444 ac
362 401 558 444 Nicolaus
574 404 624 445 V.
641 405 679 446 &
693 404 830 447 Sixtus
844 406 922 447 1v.
954 409 994 448 δι
1007 410 1156 451 diverti

207 459 277 503 alii
306 460 480 502 Romani
508 460 725 524 lffontifices
751 463 1059 507 Praedeceffores
1086 479 1158 507 no-

203 517 273 562 ssri
285 542 301 565 ι,
315 517 531 574 respective
544 533 617 575 per
633 519 806 563 diversas
831 532 972 563 eorum
997 523 1157 564 litteras

205 591 251 619 ac
265 577 563 629 concelliones,
585 579 703 622 etiam
730 579 826 623 vivat
856 580 965 622 vocis
988 579 1157 622 oraculo

198 636 328 679 istiuas
344 663 358 687 ,
390 635 609 693 respective
637 651 683 680 ac
709 636 977 682 diversimode
990 666 1006 690 ,
1035 639 1076 680 δι
1090 636 1154 678 di-

204 692 324 737 verfis
339 694 586 752 temporibus
599 724 620 747 ,
637 695 777 739 eadem
790 698 1030 741 auctoritate
1044 698 1156 752 Apo-

200 751 344 796 stolica
372 752 606 797 facultatem
634 753 909 800 concesserunt
922 785 938 809 ‚
968 766 1088 812 prout
1116 754 1156 798 in

200 810 365 865 singulis
379 811 692 858 concessionibus
705 813 905 859 &litteris
920 814 1157 859 eorumdem

198 867 535 924 J’raedecelsorum
549 871 708 928 plenius
733 874 885 919 dicitur
897 873 1098 918 contineri
1113 901 1128 917 .

315 930 423 971 Cum
454 938 588 974 autem
618 958 635 984 ,
663 933 762 976 ficut
797 934 935 978 eadem
961 931 1156 989 expositio

197 984 463 1053 :subjungebat
477 1018 494 1040 ‚
507 1002 555 1031 ea
568 1017 584 1044 ,
597 994 681 1048 'quat
697 991 828 1049 saepius
840 992 1074 1049 Apostolica
1089 1003 1157 1032 au·

200 1048 391 1090 &oritate
405 1045 570 1103 prefata
583 1050 735 1094 munita
744 1052 945 1102 existunt,
957 1049 1154 1107 majorem

193 1104 414 1148 'obtineant
428 1107 593 1152 roboris
603 1108 837 1155 firmitatem
851 1140 867 1164 ,
894 1111 1022 1154 dictus
1039 1111 1158 1151 Fran-

197 1162 329 1208 ciscus
357 1165 544 1208 Minister
568 1170 703 1224 cupiat
730 1170 943 1226 privilegia
958 1195 972 1218 ‚
987 1168 1155 1211 faculta-

198 1230 262 1264 tes
274 1248 290 1271 ,
305 1220 576 1267 conceffiones
589 1251 604 1273 ,
621 1226 779 1269 indulta
793 1254 808 1276 ,
833 1226 1157 1283 dispensationes,

196 1293 243 1322 ac
268 1279 440 1334 singulas
464 1282 562 1325 alias
586 1283 738 1338 gratias
769 1282 993 1338 hujusmodi
1010 1284 1156 1336 ,etiam

197 1351 272 1398 per
289 1341 377 1384 Nos
393 1340 609 1398 approbari
621 1370 636 1393 ,
648 1342 830 1384 innovari
842 1343 883 1385 δι
896 1340 1127 1384 confirmari
1146 1368 1161 1391 ,

195 1397 1161 1515 {iz‘fssit‘ffuffiiiisssfgffiisssfm‘ffi‘ssaffi

198 1514 425 1573 privilegiis
440 1542 456 1566 ,
475 1517 811 1569 immunitatibus,
821 1518 1159 1573 exemptionibus,

204 1575 462 1618 libertatibus
473 1601 488 1624 ,
501 1572 704 1620 favoribus
714 1602 728 1625 ‚
743 1574 1069 1627 conservatoriis,
1086 1575 1160 1619 de-

200 1632 494 1678 clarationibus
510 1663 526 1686 ‚
546 1631 829 1686 facultatibus,
856 1634 1157 1691 dispensationi-

196 1694 280 1741 ,bus
294 1719 310 1744 ,
322 1692 460 1746 gratiis
473 1717 488 1741 a
503 1691 815 1736 conceffionibus
828 1721 843 1744 ,
870 1693 1128 1748 indulgentiis
1142 1720 1156 1743 ,

197 1753 247 1805 ,δι
270 1749 466 1803 indultis,
491 1750 748 1807 proillorum
774 1750 1028 1795 observantia
1054 1751 1155 1796 viri—

198 1810 312 1854 diori
326 1808 492 1864 ,nostrgoe
505 1810 804 1867 approbationis
831 1811 954 1854 robur
970 1810 1159 1863 adjicere,

203 1866 379 1922 aliasque
393 1869 432 1909 in
447 1867 645 1923 praemiflis
657 1870 883 1926 opportune
910 1869 1127 1925 providere
1143 1897 1157 1921 ,

188 1924 263 1979 ‚de
275 1924 520 1979 benignitate
536 1927 768 1982 Apostolica
794 1926 1071 1983 dignaremur.

333 1987 420 2027 Nos
438 1981 562 2037 igitur
575 2011 591 2036 ,
604 1985 671 2040 qui
684 1984 868 2026 omnium
894 1986 1003 2028 votis
1016 2014 1031 2037 ,
1064 1995 1162 2039 pm-

151 2083 156 2091 ,
210 2042 356 2090 sertim
373 2041 456 2084 illis
470 2068 485 2092 ,
499 2042 640 2098 quibus
654 2039 725 2085 sub
746 2041 851 2084 suavi
866 2041 1088 2097 Religionis
1105 2041 1163 2095 ju-

208 2116 269 2159 go
283 2129 299 2153 ,
317 2099 471 2151 Divinis
487 2099 670 2144 laudibus
681 2125 697 2149 2
713 2101 754 2142 δι
767 2100 996 2143 Christiane
1010 2094 1162 2156 pro'fes-

203 2160 328 2204 fionis
341 2169 558 2213 augmento
569 2158 888 2200 incumbentium
901 2158 1160 2212 personarum

199 2214 496 2271 'tranquillitati
515 2239 530 2262 ‚
556 2214 910 2259 commoditatibus
925 2242 941 2265 ‚
961 2216 1001 2255 δι
1015 2214 1157 2255 honori

193 2272 432 2318 ,consulitur
447 2298 462 2323 ,
491 2271 670 2316 libenter
683 2272 894 2315 annuimus
908 2299 925 2322 ,
944 2285 1072 2327 eaque
1103 2268 1158 2312 fa-

198 2333 371 2377 voribus
385 2329 659 2387 prosequimur
674 2330 912 2388 opportunis
923 2355 938 2378 ,
955 2329 1159 2383 hujusmo-

199 2390 251 2435 di
266 2389 626 2447 supplicationibus
638 2389 819 2433 inclinati
832 2415 847 2439 ,
863 2387 1052 2445 praemifl'a
1064 2418 1080 2440 ,
1109 2403 1154 2432 ac

198 2451 344 2502 {omnia
368 2451 405 2492 δι
426 2450 574 2507 fingula
594 2448 672 2493 alia
694 2447 938 2505 privilegia,
965 2448 1156 2491 immuni·

198 2519 338 2559 «tates,
367 2509 669 2566 exemptiones,
692 2507 814 2552 etiam
836 2508 884 2549 ab
911 2506 1161 2564 inquisitori-

195 2569 282 2614 ὧν
297 2566 469 2625 prefatis
480 2594 496 2620 ,
513 2568 722 2611 libertates
734 2595 750 2620 ,
774 2566 1057 2623 prerogativas
1072 2595 1086 2618 ,
1103 2564 1162 2609 sa-

198 2639 327 2678 nores
338 2653 357 2677 ,
369 2623 691 2672 conservatorias
703 2655 721 2677 ,
747 2624 1047 2669 declarationes
1064 2654 1079 2676 ,
1099 2621 1161 2667 fa-

196 2686 381 2735 cultates
396 2712 415 2736 ,
436 2683 767 2741 dispensationes,
792 2685 972 2740 gratias,
997 2681 1161 2727 conces-

198 2743 360 2794 fiones,
387 2741 684 2798 indulgentias,
706 2742 917 2785 &indulta
939 2743 1159 2798 spiritualia

205 2803 251 2845 ἃ.
275 2800 518 2856 temporalia
530 2826 546 2849 a
568 2799 689 2844 etiam
719 2815 791 2856 per
804 2799 968 2843 modum
982 2815 1161 2843 commu·

202 2858 422 2904 nicationis
455 2859 497 2901 δι
517 2856 759 2901 extenfionis
774 2858 881 2902 inter
895 2856 960 2908 se,
985 2860 1025 2901 δι
1039 2873 1161 2904 cum...

208 2915 299 2963 aliis
311 2914 532 2960 Ordinibus
545 2913 884 2968 Mendicantibus,
899 2917 937 2958 &
953 2930 1032 2960 non
1048 2921 1164 2960 Men-

205 2975 461 3025 dicantibus,
481 2973 625 3019 eisdem
652 2974 835 3019 Fratrum
863 2974 1061 3019 Minorum
1080 2977 1163 3018 Re·

202 3035 361 3096 gularis
387 3031 659 3079 Observantiae
675 3058 691 3082 ,
714 3047 759 3075 ac
775 3035 925 3076 Sanam
934 3033 1092 3082 Clare,
1123 3034 1165 3075 δε

205 3098 263 3140 de
280 3092 531 3139 Poenitentia
547 3091 694 3136 Tertio
718 3090 939 3135 Ordinibus
951 3118 966 3141 ,
988 3092 1110 3135 etiam
1121 3092 1164 3134 in

200 3153 540 3210 —Congregatione
554 3151 624 3195 sub
639 3151 766 3196 trium
784 3158 972 3192 votorum
990 3149 1164 3193 substan·

186 3211 368 3261 rzinlium
383 3208 620 3268 profeflione
632 3238 647 3262 ,
673 3207 959 3254 &eorundem
977 3209 1167 3265 Superio-

188 3279 302 3318 .zr‘um
316 3270 481 3314 Ordinis
493 3268 697 3314 Minorum
716 3267 929 3324 Regularis
942 3266 1168 3311 Observan-

208 3320 519 3387 &hujusmodi
534 3326 767 3371 obedientia
781 3326 1024 3382 degentibus
1039 3355 1053 3378 ,
1067 3324 1170 3380 ipso·

211 3396 383 3444 nuque
391 3388 656 3446 superiorum
672 3386 876 3430 Fratribus
890 3411 906 3432 ,
919 3383 1173 3436 Monialibus,

220 3445 428 3491 Sororibus
438 3476 458 3499 ,
469 3461 516 3490 ac
534 3445 743 3502 utriusque
759 3442 872 3487 sexfis
885 3467 901 3492 2
926 3444 1046 3486 etiam
1059 3441 1172 3485 saecu-

220 3500 368 3550 latibus
391 3504 568 3561 personis
586 3533 601 3557 ,
627 3517 779 3549 necnon
797 3502 1073 3552 Monasteriis,
1090 3503 1169 3543 Do.

221 3558 353 3603 mibus
365 3562 580 3614 ,Eccleiiis
590 3591 608 3615 ,
629 3565 670 3606 ἃ.
681 3563 783 3606 locis
797 3561 1166 3618 quibuscumque-³

219 3618 262 3660 in
285 3622 534 3672 generemus
551 3623 676 3677 specie
690 3651 706 3675 ‚
736 3621 856 3665 etiam
876 3635 946 3677 per
973 3618 1097 3664 solam
1120 3617 1166 3658 fi-

217 3686 459 3732 gnaturam,
473 3680 603 3728 ‚etiam
637 3681 735 3724 rivae
766 3679 874 3723 vocis
892 3676 1091 3728 oraculo,
1120 3682 1168 3718 ut

215 3734 426 3836 praeserIt-ur
439 3746 534 3837 ,xit
550 3737 645 3785 alias
660 3767 676 3792 ‚
699 3748 782 3798 tam
799 3753 869 3797 per
886 3736 1068 3797 praefatos
1080 3763 1096 3786 ,
1121 3747 1167 3776 ac

373 3806 444 3835 om.
501 3823 512 3836 .
586 3821 595 3829 x

1941 173 2098 241 251

1207 297 1490 350 ⁴quoscumque
1501 291 1606 334 alios
1621 289 1828 333 Romanos
1841 294 2055 338 Pontifices
2072 303 2172 355 Prg-

1213 349 1441 393 decefl’ores
1454 350 1612 390 nostros
1625 373 1639 395 ,
1665 361 1710 387 ac
1736 352 1820 388 Nos
1834 374 1848 395 ,
1869 352 1908 389 δι
1923 354 2061 394 sedem
2074 369 2167 407 prae.

1218 407 1365 448 dietam
1379 430 1394 452 ,
1408 407 1531 459 quam
1546 407 1812 457 Imperatores
1825 430 1840 452 ‚
1870 409 2058 459 Reges,&
2070 411 2169 453 alios

1219 462 1427 515 Principes
1460 459 1528 501 sub
1548 474 1799 516 quacumque
1825 460 1953 503 forma
1966 466 2003 504 &
2018 471 2173 517 expres-

1219 521 1329 562 fione
1353 520 1566 562 verborum
1583 518 1764 561 conceffa
1779 548 1794 571 ,
1821 532 1865 560 ac
1886 522 2005 562 etiam
2021 522 2172 564 iteratis

1220 579 1376 620 vicibus
1389 580 1614 634 approbata
1626 605 1639 628 ,
1655 592 1810 621 necnon
1826 592 1921 619 cum
1937 581 2120 620 omnibus
2133 582 2174 621 &

1217 635 1375 692 singulis
1401 637 1438 679 in
1471 637 1527 678 eis
1553 638 1758 678 contentis
1785 635 1999 688 clausulis,
2027 637 2174 679 decre-

1216 696 1268 737 tis
1283 698 1322 738 &
1335 694 1698 747 declarationibus,
1709 695 1881 750 lingulas
1894 696 2059 750 desuper
2073 710 2173 736 con-

1220 752 1344 797 sectas
1370 754 1527 798 litteras
1542 755 1609 805 ,δι
1635 757 1672 796 in
1696 755 1752 796 eis
1769 764 1962 797 contenta
1978 783 1993 806 ,
2015 754 2173 797 etiam-a

1217 821 1341 869 prout
1361 812 1421 856 lar
1452 813 1511 855 ius
1537 813 1576 854 in
1603 813 1803 868 aliquibus
1830 828 1966 856 earum
1990 813 2045 856 eis
2075 826 2175 855 con-

1217 870 1362 914 ceffum
1389 887 1412 914 e
1459 901 1474 924 ,
1502 872 1806 927 interpretando
1820 898 1833 920 a
1846 874 1886 914 δι
1900 872 1994 915 inde
2007 873 2174 915 secuta-s

1215 943 1475 988 qoaecumque
1499 959 1514 983 ‚
1548 930 1710 972 illorum
1735 932 1919 974 omnium
1949 943 2110 973 tenores
2136 930 2177 971 ἃ.

1216 990 1369 1034 formas
1383 1017 1399 1042 ‚
1423 989 1539 1032 datas
1555 1017 1570 1040 ,
1591 987 1752 1032 effeetus
1766 1016 1781 1040 ,
1803 990 1841 1030 δι
1856 990 2022 1033 decreta
2042 992 2079 1032 in
2097 988 2175 1031 illis

1217 1047 1391 1105 appofita
1407 1074 1423 1097 s
1447 1063 1492 1091 ac
1509 1051 1536 1090 fi
1548 1047 1600 1090 de
1616 1048 1747 1091 verbo
1775 1048 1826 1090 ad
1845 1050 2009 1092 verbum
2025 1050 2175 1090 insere-

1218 1118 1358 1151 rentur
1371 1136 1386 1160 ,
1399 1106 1652 1163 presentibus
1666 1122 1743 1163 pro
1761 1105 2001 1151 sufficienter
2012 1104 2175 1161 expres-

1219 1168 1264 1209 fis
1278 1167 1473 1210 habentes
1486 1193 1501 1217 ,
1529 1166 1632 1208 dieta
1654 1167 1892 1210 aufitoritate
1914 1166 2144 1222 Apostolica
2164 1192 2178 1216 ,

1218 1233 1366 1268 tenore
1379 1224 1627 1279 praesentium
1643 1253 1658 1276 ,
1672 1240 1722 1268 ex
1736 1234 1847 1269 certa
1860 1225 2022 1267 scientia
2036 1254 2051 1276 ,
2066 1238 2109 1265 ac
2125 1223 2178 1266 de

1223 1283 1466 1338 Apostolicae
1497 1283 1708 1339 potestatis
1738 1284 1990 1340 plenitudine
2031 1280 2178 1325 confir·-

1223 1354 1370 1383 mamus
1386 1342 1677 1383 &innovamus
1689 1371 1704 1392 ,
1730 1356 1777 1384 ae
1793 1353 2031 1396 perpetuam
2049 1340 2177 1383 robo-

1221 1400 1276 1443 ris
1301 1398 1532 1441 firmitatem
1562 1400 1773 1450 obtinere,
1801 1401 1840 1441 δι
1866 1398 2034 1442 firmiter
2047 1398 2180 1440 obser·

1208 1459 1303 1503 -vari
1317 1470 1334 1510 3
1346 1470 1508 1500 necnon
1523 1457 1742 1501 Ordinibus
1765 1459 1952 1501 Fratrum
1970 1458 2177 1501 Minorum

1224 1516 1440 1571 Regularis
1454 1514 1741 1564 Observantiae,
1755 1518 1793 1558 δι
1809 1520 1956 1561 Sanctae
1969 1517 2118 1567 Clarae,
2132 1530 2178 1556 ac

1224 1575 1368 1619 Tertio
1381 1574 1433 1617 de
1451 1574 1699 1618 Poenitentia
1716 1587 1950 1631 nuncupato
1962 1602 1976 1624 ‚
1998 1577 2120 1618 etiam
2138 1574 2176 1616 in

1222 1633 1552 1688 congregatione
1565 1633 1636 1676 sub
1658 1635 1890 1677 obedientia
1907 1637 2091 1678 fratrum
2108 1633 2182 1675 Mi-

1218 1705 1361 1735 norum
1379 1690 1657 1735 Observantiae
1671 1691 1898 1748 hujusmodi
1923 1692 2182 1747 degentibus,

1219 1751 1521 1806 Superioribus,
1531 1752 1764 1803 Fratribus,
1780 1751 2042 1802 Monialibus,
2057 1752 2181 1794 etiam

1221 1810 1433 1851 Tertiariis
1447 1810 1686 1863 nuncupatis
1704 1838 1717 1860 ,
1730 1811 1963 1858 Sororibus,
1981 1809 2179 1857 Personis,

1219 1867 1502 1916 Monasseriis,
1528 1868 1726 1910 Domibus
1747 1896 1762 1918 ‚
1788 1867 1973 1910 Ecclefiis
1989 1894 2003 1916 ,
2020 1870 2056 1909 δι
2076 1866 2178 1909 locis

1221 1925 1393 1986 praesatis
1404 1955 1420 1979 ,
1432 1927 1548 1969 etiam
1577 1940 1649 1984 per
1663 1927 1823 1968 modum
1841 1926 2180 1968 communicatio-

1223 1988 1283 2028 nis
1295 2009 1310 2030 ,
1322 1987 1360 2026 δι
1377 1984 1617 2027 οιιωίίοηὶι
1646 1983 1874 2040 hujusmodi
1889 1983 2086 2041 suffragari
2099 2012 2115 2034 ,
2130 1983 2181 2025 il-

1225 2042 1348 2095 lisque
1375 2038 1483 2085 frui,
1509 2042 1596 2090 uti,
1624 2042 1663 2080 δι
1684 2042 1863 2093 gaudere
1876 2070 1892 2094 ‚
1918 2043 2082 2097 quando
2094 2068 2109 2089 ,
2139 2043 2178 2082 δε

1223 2099 1380 2156 quoties
1393 2110 1494 2152 opus
1508 2095 1635 2140 fuerit
1651 2124 1666 2147 ,
1681 2095 1790 2151 poffe
1804 2099 1843 2139 δι
1864 2099 2014 2142 debere
2026 2129 2042 2150 ,
2057 2100 2096 2140 in
2116 2098 2179 2152 ju-

1222 2159 1333 2200 dicio
1343 2184 1358 2207 ,
1380 2156 1419 2197 &
1432 2165 1546 2197 extra
1558 2182 1573 2204 ,
1601 2170 1647 2197 ac
1660 2156 1781 2200 etiam
1806 2157 1846 2197 in
1872 2153 1963 2198 foro
1976 2156 2180 2200 conscien-

1222 2216 1302 2264 tiae,
1317 2214 1354 2254 in
1369 2215 1556 2254 omnibus
1569 2215 1609 2255 δι
1621 2227 1694 2267 per
1709 2215 1863 2265 omnia,
1877 2215 2041 2270 perinde
2054 2241 2068 2264 ,
2090 2228 2135 2256 ac
2153 2213 2179 2256 fi

1219 2270 1446 2328 specialiter
1459 2299 1473 2321 ,
1486 2272 1526 2312 8ι
1539 2270 1724 2326 expresse
1738 2270 1885 2314 eisdem
1899 2275 2086 2314 Fratrum
2103 2272 2185 2315 Mi.

1210 2343 1362 2375 norum
1375 2330 1416 2370 8ι
1430 2333 1577 2372 Sancta:
1602 2330 1736 2372 Clarae
1750 2359 1764 2382 ,
1789 2331 1829 2371 ἃ,
1850 2332 1994 2373 Tertio
2007 2333 2060 2374 de
2079 2333 2176 2374 Poe-

1218 2388 1389 2432 nitentia
1410 2398 1638 2444 nuncupato
1666 2388 1890 2431 Ordinibus
1914 2419 1930 2440 ,
1957 2386 2176 2433 concessa„

1224 2447 1380 2491 fuiffent
1397 2476 1411 2499 ,
1426 2447 1680 2490 deceruimus
1693 2473 1707 2495 ,
1731 2446 1957 2502 supplentes
1970 2461 2109 2490 omnes
2138 2448 2179 2489 δι

1224 2507 1395 2563 fingulos
1408 2505 1508 2560 juris
1523 2508 1560 2547 &
1575 2504 1667 2548 faeti
1681 2504 1864 2548 defet‘tus
1877 2532 1892 2556 ,
1919 2506 1944 2547 fi
1959 2506 2026 2562 qui
2049 2502 2178 2547 forsan

1222 2566 1521 2611 intervenerint
1538 2564 1579 2606 in
1593 2564 1743 2607 eisdem
1756 2591 1767 2603 .
1919 2564 1921 2567 ’

1338 2626 1393 2678 Et
1408 2624 1668 2666 nihilominus
1680 2638 1757 2679 pro
1783 2622 1930 2678 potiori
1945 2623 2100 2666 cautela
2117 2649 2130 2671 ,
2143 2624 2182 2663 δι

1222 2683 1410 2740 ampliori
1426 2682 1540 2724 dono
1554 2684 1689 2739 gratiae
1704 2711 1718 2733 ‚
1733 2681 1800 2724 illa
1813 2683 1949 2724 omnia
1963 2683 2003 2724 δι
2016 2683 2182 2737 lingula,

1223 2743 1335 2801 juxta
1361 2742 1598 2797 ampliorem
1613 2743 1652 2783 δι
1666 2738 1995 2784 favorabiliorem
2010 2740 2177 2782 illorum

1221 2801 1533 2856 intelligentiam
1548 2802 1587 2843 &
1604 2800 1977 2856 interpretationem
1994 2826 2007 2850 ‚
2021 2808 2064 2840 ut
2080 2812 2180 2854 prae·

1222 2860 1350 2903 fertur
1361 2888 1375 2910 ,
1387 2861 1428 2901 &
1452 2856 1666 2914 prasertim
1681 2886 1696 2909 ,
1711 2868 1757 2900 ut
1774 2871 1848 2910 pro
1861 2868 2046 2912 tempore
2062 2860 2086 2901 ὲ
2103 2855 2178 2898 suis

1225 2918 1532 2972 Superioribus,
1547 2925 1592 2957 ut
1606 2915 1730 2956 moris
1746 2916 1825 2966 est,
1840 2914 2055 2968 deputatos
2070 2919 2183 2956 Con-

1225 2975 1388 3020 fefl'ores
1414 2978 1573 3018 Fratres
1598 2973 1762 3015 Ordinis
1800 2972 2003 3015 Minorum
2033 2971 2180 3014 Obser-

1226 3034 1369 3077 vantiae
1400 3031 1626 3087 hujusmodi
1646 3057 1660 3079 ,
1686 3032 1867 3074 omnium
1899 3043 2180 3086 quarumcum-

1225 3107 1302 3147 que
1317 3090 1622 3135 Provinciarum
1637 3118 1654 3140 ,
1680 3091 1904 3134 Civitatum
1921 3118 1935 3141 ‚
1956 3090 1996 3129 δι
2012 3089 2178 3130 Dioece·

1225 3152 1308 3194 sum
1324 3178 1339 3201 ,
1354 3164 1424 3205 per
1437 3158 1570 3190 totum
1587 3148 1738 3190 Orbem
1751 3177 1765 3200 ,
1779 3149 1954 3191 omnium
1972 3143 2178 3246 utriuspue

1227 3210 1340 3252 sexils
1362 3205 1691 3251 Christifidelium
1714 3221 1789 3262 pro
1811 3217 1992 3261 tempore
2016 3219 2094 3248 con
2114 3204 2175 3247 es-

1231 3268 1357 3311 fiones
1382 3266 1504 3310 etiam
1530 3264 1778 3309 infirmorum
1819 3265 1988 3307 ubilibet
2013 3293 2028 3316 ,
2059 3266 2178 3306 etiam

1234 3334 1351 3370 extra
1365 3325 1511 3368 domos
1525 3325 1565 3367 δε
1581 3324 1808 3367 habitacula
1833 3323 2069 3366 eorumdem
2086 3324 2177 3366 Fra-

1234 3395 1345 3428 trum
1358 3411 1374 3434 ,
1398 3398 1445 3428 ac
1457 3384 1580 3427 etiam
1594 3382 1642 3425 ad
1656 3396 1724 3424 eos
1741 3397 1816 3438 pro
1842 3392 2023 3437 tempore
2044 3395 2178 3424 recur-

1231 3445 1403 3488 rentium
1427 3442 1566 3486 audire
1577 3467 1592 3490 ,
1606 3440 1750 3497 eosque
1761 3442 1882 3484 etiam
1895 3441 1934 3482 in
1955 3441 2101 3483 cafibus
2116 3441 2179 3489 ,&

1230 3503 1404 3546 censuris
1427 3528 1444 3553 ,
1473 3501 1618 3557 quibus
1647 3502 1704 3542 eis
1730 3513 1800 3554 per
1822 3498 2031 3555 privilegia
2060 3498 2171 3542 Sedis

1229 3559 1465 3615 Apostolicae
1501 3558 1687 3612 praedie’tae
1713 3583 1728 3606 ‚
1768 3558 1887 3600 etiam
1915 3571 1986 3614 per
2012 3558 2173 3599 modum

1228 3616 1604 3661 communicationis
1630 3617 1670 3657 δι
1699 3615 1962 3666 extenfionis,
1987 3626 2173 3673 quorum-

1227 3690 1397 3732 cumque
1409 3674 1747 3726 Ordinum,etiam
1763 3673 2173 3725 minimorummaac-

1228 3748 1299 3778 nus
1323 3733 1545 3778 conceffum
1577 3734 1655 3784 est,
1677 3732 1786 3832 ρῗίξὲ
1810 3733 2018 3779 absolvere
2032 3756 2065 3825 ,s
2070 3727 2170 3824 1(licut

1742 3805 1756 3833 ι
1785 3808 1812 3837 2
2055 3799 2067 3824 1
2094 3804 2114 3813 ·
