2444 4192
385 154 560 236 206

295 311 438 367 quibus
449 342 467 364 ,
478 312 687 371 postquam
703 313 777 370 per
786 318 946 361 aetatem
958 318 1115 378 aliquid
1128 322 1269 380 sapere

289 372 410 416 licuit
423 401 439 425 ,
472 372 630 429 semper
661 372 810 417 suimus
834 375 1027 423 delectati
1040 409 1053 423 .
1082 382 1272 426 Audive-

243 484 250 489 ι
289 445 426 476 ramus
445 445 610 488 quoque
622 432 675 475 ab
687 434 989 491 antiquioribus
1000 439 1172 495 praefatas
1185 444 1273 486 Re·

292 492 457 547 [igionis
474 492 745 542 Fratribuffi&
758 495 954 550 gravibus
961 498 1128 556 quidem
1141 500 1271 552 Viris,

290 553 362 608 qui
387 551 428 592 δι
444 550 514 607 ipfi
529 552 553 594 ὲ
563 552 789 609 majoribus
802 563 900 599 natu
915 567 1161 614 acceperant
1172 587 1189 613 ,
1219 560 1275 604 de

286 610 551 654 sanctimonia
579 612 672 655 vita:
695 611 814 670 ejus3
842 616 1096 662 constantem
1126 618 1272 663 famam

286 667 369 712 effe
382 671 606 717 sciebamus
618 698 633 721 ‚
651 672 705 716 de
719 672 861 718 multis
871 676 1135 736 maximisque
1144 678 1270 723 mira·

288 729 396 773 culis
411 743 425 773 ε
449 746 525 775 nec
540 742 629 774 erat
643 740 841 788 praeterea
853 735 959 792 apud
974 739 1067 782 Nos
1075 739 1265 791 dubium,

289 791 389 847 quin
419 791 460 831 in
488 792 769 848 triumphante
793 794 977 840 Ecclefia
992 796 1268 856 triumpharet

286 851 332 893 in
348 848 463 892 coelo
475 875 491 898 ,
510 850 550 891 &
564 853 868 899 venerationem
881 865 1111 902 mereretur
1126 858 1167 901 in
1180 868 1267 900 ter-

282 911 344 954 :is
359 939 369 950 .
402 907 484 967 Sed
501 922 704 956 memores
716 941 733 965 ‚
748 915 839 957 Nos
850 916 1041 960 eumdem
1055 918 1266 961 Minorum

286 969 494 1012 Ordinem
509 982 560 1012 ex
576 981 678 1015 voto
691 972 882 1028 ingreffos
893 999 909 1024 2
923 975 963 1018 in
976 990 1059 1033 quo
1071 1005 1086 1028 ‚
1111 974 1264 1018 Divina

287 1027 484 1071 affistente
495 1029 644 1085 gratia,
659 1030 700 1074 in
718 1031 839 1075 fieris
853 1033 1002 1077 litteris
1017 1037 1059 1078 ἃ.
1072 1032 1266 1087 religiofis

289 1087 471 1132 moribus
497 1097 715 1145 utcumque
735 1090 1011 1147 profecimus,
1041 1093 1264 1148 eademque

288 1146 585 1191 ministeriatus
596 1148 730 1193 officia
742 1152 1022 1206 exercuimus,
1034 1160 1160 1209 atque
1172 1150 1270 1195 inde

291 1205 343 1248 ad
359 1205 647 1251 cardinalatus
659 1208 903 1267 dignitatem
917 1240 932 1263 ,
949 1212 1005 1256 ita
1020 1220 1067 1256 ut
1080 1226 1153 1269 per
1163 1225 1267 1255 con·

287 1264 438 1308 fimiles
451 1267 603 1323 gradus
614 1269 665 1311 ad
678 1269 950 1315 Pontificati'is
962 1271 1124 1315 culmen
1134 1270 1269 1314 suble·

285 1334 406 1367 vatos
421 1327 512 1369 Nos
527 1324 642 1371 fuiffe
655 1355 670 1379 ,
694 1329 940 1398 disponente
958 1332 1140 1374 Domino
1151 1358 1168 1384 ‚
1195 1340 1267 1373 co-

287 1381 529 1440 gnoscamus
538 1414 553 1438 ‚
571 1400 647 1443 per
660 1401 763 1443 quos
774 1387 859 1445 ipse
873 1391 980 1433 Boua
990 1399 1168 1434 ventura
1182 1388 1269 1432 san·

286 1446 376 1486 elus
402 1442 453 1485 ad
464 1445 755 1502 triumphantis
770 1448 965 1493 Eccleliae
991 1448 1269 1494 immarcesci-

282 1501 412 1544 bilem
423 1502 599 1575 gloriam
612 1509 774 1573 eve-Cius
788 1508 871 1560 σῆς
898 1522 951 1552 ne
972 1508 1024 1550 ad
1040 1508 1084 1550 id
1099 1508 1266 1550 videre-

280 1562 780 1687 εῗςεῖῑεεῑηῑῑξῑξεεςῑ
790 1564 1268 1665 samaritum:

281 1686 464 1733 gentiam
477 1691 525 1721 ac
546 1688 796 1733 gravitatem
809 1709 825 1732 ,
842 1694 965 1738 quam
979 1683 1042 1725 rei
1061 1680 1268 1739 magnitu-

280 1737 340 1777 do
354 1736 543 1791 poscebat
555 1765 573 1776 .
603 1739 893 1784 commisimus
921 1741 1030 1785 enim
1055 1741 1188 1788 taibus
1211 1753 1265 1784 ex

280 1791 601 1838 Venerabilibus
614 1797 824 1841 Fratribus
836 1798 983 1843 nostris
996 1801 1266 1846 S.R.E.Car-

277 1853 502 1900 dinalibus,
515 1862 560 1895 ut
573 1853 627 1898 de
638 1856 817 1901 veritate
828 1858 1128 1911 miraculorum
1145 1872 1265 1902 mau-

279 1912 429 1956 darent
443 1911 595 1968 inquiri
609 1940 622 1953 .
652 1917 843 1972 Cumque
871 1930 972 1960 unus
1002 1931 1054 1961 ex
1085 1918 1144 1961 eis
1157 1946 1172 1970 ‚
1202 1919 1264 1962 in-

280 1972 438 2015 choato
451 1969 633 2026 proceffi!
647 2001 662 2024 ,
676 1985 721 2017 ut
733 1975 829 2019 Deo
842 1976 999 2030 placuit
1013 2004 1028 2025 ‚
1040 1978 1090 2017 ab
1105 1977 1179 2016 hac
1196 1976 1264 2016 lu-

280 2045 332 2075 ce
343 2029 575 2085 αὐδήσει,
599 2028 725 2072 alium
746 2031 787 2073 in
814 2034 954 2074 locum
978 2030 1155 2073 defuncti
1169 2030 1262 2073 sub-

274 2090 509 2143 rogavimus
521 2086 812 2143 cardinalem3
825 2103 909 2147 quo
918 2088 1047 2133 etiam
1059 2088 1264 2137 deceden-r

275 2159 324 2192 te
336 2175 351 2200 ,
365 2145 488 2189 alium
503 2145 776 2193 substituimus
788 2177 803 2190 .
834 2152 925 2195 Nec
956 2148 1019 2192 his
1035 2151 1230 2195 contenti
1242 2178 1262 2205 ,

276 2221 373 2252 eum
386 2206 466 2260 jam
481 2204 684 2262 processus
698 2207 781 2265 ipse
793 2222 902 2266 pene
924 2206 1124 2265 perfectus
1134 2208 1255 2263 effet,

276 2269 318 2309 δι
346 2266 402 2314 hi,
418 2266 489 2321 qui
501 2264 680 2323 delegati
695 2277 813 2312 erant
826 2298 841 2322 ‚
856 2266 1084 2314 fidelill‘imc
1095 2266 1260 2314 retulis-

270 2325 364 2373 sent
386 2337 403 2377 3
423 2334 575 2375 tamen,
589 2326 683 2382 quia
696 2340 780 2372 non
794 2327 1016 2372 videbatur
1038 2329 1081 2373 in
1109 2343 1258 2388 proce·-

268 2382 418 2428 'dendo
432 2392 545 2427 tanta
558 2395 708 2443 quanta
722 2387 946 2445 requiritur
965 2386 1181 2435 obst-mr·
1194 2387 1257 2434 so-

273 2444 469 2489 lemnitas
481 2470 497 2495 ,
514 2444 633 2488 illum
646 2445 839 2489 reiterari
846 2445 1024 2504 juffimus
1034 2477 1049 2490 .
1078 2449 1253 2492 Demum

274 2517 372 2547 cum
384 2516 438 2544 ex
448 2501 636 2545 uberiori
649 2501 853 2549 relatione
876 2506 919 2548 δι
939 2503 1021 2548 fide
1033 2504 1254 2563 dignorum

263 2561 442 2614 ‚senium
454 2564 573 2617 (uper
589 2561 668 2606 boc
692 2565 931 2623 receptione
955 2577 1255 2622 compertum.-

265 2617 437 2671 sumet,
460 2620 591 2664 multa
614 2622 657 2664 ὰ
681 2635 825 2679 magna
852 2625 879 2670 a
906 2624 1000 2668 Deo
1021 2637 1096 2682 per
1125 2626 1137 2667 i
1167 2626 1252 2671 sum

269 2680 467 2726 Sanflum
494 2678 688 2724 miracula
712 2679 801 2726 fieri
816 2711 833 2737 ,
862 2696 951 2742 qu·
977 2682 1016 2728 in
1036 2697 1116 2730 con
1134 2688 1251 2743 pediu

269 2736 547 2785 multitudinis
560 2739 866 2787 cernebantur=
893 2743 983 2787 Nos
1006 2756 1059 2787 ne
1082 2744 1251 2802 Spiritui

268 2800 423 2845 Saudo
439 2796 615 2842 relinere
631 2797 869 2847 videremur
880 2830 896 2855 ,
922 2802 991 2857 qui
1001 2815 1078 2860 per
1088 2818 1134 2847 os
1149 2806 1251 2849 Pro·

270 2859 403 2916 phere
419 2855 606 2902 Laudare
620 2858 751 2902 Deua
777 2859 822 2903 In
833 2861 994 2905 sums
1003 2861 1250 2930 ῥώμης

269 2921 311 2964 in
325 2915 580 2963 Conlillorio
593 2915 732 2961 nostro
742 2917 903 2963 secreto
917 2948 932 2973 ,
947 2920 1067 2978 hujus
1078 2923 1138 2967 rei
1152 2937 1251 2967 cau·

268 2979 309 3023 sa
332 2976 476 3021 habito
500 3006 515 3029 ,
552 2976 792 3022 corumdem
823 2979 1129 3027 Venerabilium
1154 2983 1251 3026 Fra·

266 3050 382 3083 trum
409 3034 639 3079 nostrorum
653 3037 697 3081 S·
714 3038 769 3080 ll.
789 3038 837 3081 E.
853 3037 1137 3086 Cardinalium
1153 3050 1253 3085 vota

268 3100 385 3154 supa
399 3092 629 3153 hujusmodi
641 3095 961 3143 canonizatione
989 3088 1123 3145 firmus
1137 3098 1248 3144 scru-

268 3158 346 3201 tati
359 3169 374 3210 ς
388 3168 565 3213 cumque
578 3155 767 3200 omniurn
783 3170 859 3202 una
874 3158 1101 3218 eademque
1116 3156 1249 3206 suiss'et

269 3215 471 3259 sententia
486 3244 501 3268 ,
515 3224 559 3259 us
575 3212 618 3258 in
632 3216 874 3261 Sannorum
890 3231 1101 3263 numerum
1117 3216 1248 3265 refer·

269 3278 302 3319 ri
320 3275 520 3326 deberet,
539 3273 836 3319 Conlissorium
867 3276 1077 3334 publicum
1093 3277 1246 3325 deinde

271 3336 480 3378 habuimus
493 3359 508 3383 ‚
528 3333 571 3376 in
582 3347 669 3391 quo
683 3363 701 3387 ,
729 3348 875 3392 magna
892 3337 1159 3384 multitudine
1169 3339 1247 3384 ad-

270 3395 395 3438 lhnie
407 3422 421 3444 ‚
448 3393 486 3435 in
502 3391 686 3437 triduum
698 3395 910 3440 orationes
936 3394 1166 3456 jejuniaque
1179 3398 1244 3443 in-

268 3452 442 3496 diximus
458 3480 471 3503 ,
487 3463 529 3494 ut
549 3454 659 3497 Deus
673 3454 945 3512 Omnipotens
961 3458 1120 3507 Nobis,
1132 3457 1244 3516 quod

269 3509 374 3557 fanu
390 3510 587 3565 optimum
601 3513 643 3556 in
662 3512 789 3557 hacrc
802 3513 899 3560 essct
915 3545 929 3568 ‚
953 3515 1167 3563 ostendere
1183 3517 1245 3561 di-

266 3579 463 3631 gnaretur
479 3581 495 3620 ⁰,
513 3583 587 3611 nec
606 3582 818 3626 pateretur
847 3573 1065 3621 Ecclcliam
1097 3574 1241 3624 suam..

1034 147 1197 251 Sub
1262 158 1482 255 Sixio
1547 164 1595 250 I
1623 162 1728 253 V.

1333 322 1499 379 rogati,
1515 320 1615 380 quid
1634 318 1867 364 faciendum
1884 319 2094 363 videretur
2106 345 2121 368 2
2145 316 2186 361 in
2200 320 2322 360 eam-

1331 381 1427 424 dem
1456 381 1700 425 sententiam
1722 389 2031 431 convenerunt,
2062 379 2312 433 beatumque

1333 444 1662 485 Bonaventuram
1685 435 2015 482 canonizandum
2043 438 2315 482 censuerunt.

1332 502 1421 544 Nos
1434 515 1536 558 ergo
1551 499 1636 543 Dei
1649 508 1794 541 nutum
1815 498 1856 538 δι
1872 494 2130 540 voluntatem
2146 495 2317 553 (equen-

1335 570 1415 612 tes‚
1427 559 1761 612 attendentesque
1776 554 1921 611 justum
1948 567 1995 595 ac
2013 555 2196 598 debitum
2207 555 2284 598 effe
2297 561 2317 607 ς

1334 628 1400 671 ut,
1410 633 1512 676 quos
1529 619 1642 661 Deus
1661 616 1838 656 honorat
1851 613 1890 655 in
1911 612 2032 656 coelis
2047 639 2063 662 ,
2077 616 2164 656 Nos
2191 627 2317 657 vene-

1328 679 1501 721 rationis
1515 674 1654 718 officio
1670 670 1883 714 laudemus
1910 673 1950 713 &
1967 669 2246 726 glorificemus
2269 674 2313 718 in

1328 740 1455 779 terris
1466 762 1481 785 ‚
1498 729 1685 787 cumipse
1701 728 1836 786 potius
1850 729 2042 773 laudetur
2054 731 2096 772 δι
2109 729 2314 786 glorifice.

1330 804 1399 838 tur
1415 793 1552 836 inillis
1567 818 1583 841 ‚
1610 791 1679 847 qui
1692 789 1748 832 est
1768 788 1981 833 laudabilis
1997 790 2037 831 &
2051 788 2256 845 gloriosus
2271 790 2316 832 iu

1327 852 1468 897 saecula
1486 864 1502 906 3
1519 852 1630 894 hunc
1644 849 1755 892 diem
1770 847 2090 892 canonizationis
2101 846 2221 905 ipfius
2233 846 2318 891 san-

1328 912 1382 954 c'ti
1396 914 1718 960 Bonaventurae‚
1748 909 1789 951 in
1803 906 1945 950 medio
1959 908 2135 952 Bafilicae
2150 906 2316 951 Princi-

1324 971 1387 1024 pis
1398 970 1688 1027 Apostolorum
1705 969 1759 1012 de
1773 968 1890 1012 Urbe
1901 995 1916 1019 ‚
1928 981 2012 1024 quo
2030 968 2203 1012 maxima
2221 979 2315 1012 om-

1326 1029 1390 1072 nis
1404 1030 1569 1087 generis
1583 1026 1821 1084 ordinisque
1847 1026 2074 1071 multitudo
2098 1026 2315 1070 confluxe-

1325 1098 1415 1142 rat,
1446 1086 1739 1132 celebrandum
1771 1086 1978 1131 statuimus
2002 1116 2016 1129 .
2050 1087 2112 1129 Ibi
2145 1084 2314 1143 reliquis

1330 1148 1520 1192 omuibus
1541 1146 1726 1203 legitime
1738 1147 1911 1203 peractis
1923 1172 1939 1196 2
1950 1145 2130 1203 praedicli
2145 1145 2316 1189 Ordinis

1328 1208 1544 1253 Minoi-um
1560 1206 1813 1250 Procurator
1829 1207 1870 1249 in
1885 1205 2026 1250 medio
2036 1204 2315 1258 stan82di6tum

1330 1267 1437 1312 illud
1456 1265 1736 1323 beatiJoanuis
1751 1264 1945 1323 Apostoli
1963 1265 2075 1309 clara
2092 1279 2197 1309 voce
2212 1278 2306 1320 pro-

1327 1340 1483 1384 ponens
1495 1356 1510 1380 ,
1540 1324 1737 1370 videlicet
1753 1338 1768 1369 ε
1798 1324 1997 1382 Ήεεβιηι
2016 1354 2032 1378 ,
2057 1324 2130 1380 qui
2140 1323 2316 1380 testimo-

1331 1389 1446 1431 niam
1459 1387 1559 1429 dent
1571 1386 1616 1428 in
1628 1385 1719 1428 celo
1734 1411 1748 1436 ,
1765 1387 1884 1429 Pate'r
1893 1410 1908 1434 ,
1931 1384 2099 1429 Verbum
2109 1414 2126 1436 ,
2158 1385 2209 1434 (θ’
2223 1384 2317 1438 ,Σω-

1330 1444 1439 1489 ritus
1454 1445 1619 1488 sanetus
1632 1456 1648 1497 ;
1663 1444 1856 1498 probavit
1872 1442 2016 1495 etiam,
2031 1443 2174 1485 habito
2192 1442 2231 1484 su
2237 1454 2311 1496 per

1326 1503 1527 1558 praemiffis
1541 1500 1728 1557 proceffu
1742 1529 1758 1553 ,
1773 1502 1873 1558 ipsas
1884 1500 2111 1545 beatiffimae
2125 1500 2310 1544 Trinita-

1324 1561 1378 1603 tis
1394 1559 1591 1605 Personas
1603 1557 1878 1603 testimonium
1891 1588 1906 1611 ‚
1934 1558 2046 1619 quod
2071 1561 2217 1604 beatus
2232 1561 2313 1603 Bo·

1327 1628 1561 1663 naventura
1577 1620 1619 1662 in
1634 1617 1750 1662 coelo
1763 1617 1838 1670 fit,
1865 1618 2082 1678 prestitisse
2095 1635 2110 1664 s
2143 1622 2310 1664 Patrem
2374 1643 2376 1647 ·

1328 1676 1492 1723 scilicet
1504 1707 1520 1731 ‚
1534 1680 1575 1721 in
1593 1676 1892 1722 miraculorum
1905 1680 2094 1736 potentia
2106 1705 2122 1730 ,
2157 1678 2310 1721 Filium

1325 1738 1370 1782 in
1384 1737 1580 1781 doctrine
1595 1735 1819 1793 sapientia,
1849 1738 1890 1780 δι
1900 1738 2102 1797 Spiritum
2118 1739 2308 1782 sancium

1325 1798 1367 1841 in
1382 1795 1605 1853 vitaeiplius
1619 1796 1879 1840 bonitate-Et
1901 1808 2120 1855 propterea
2148 1811 2228 1840 non
2246 1794 2309 1838 so·

1325 1855 1414 1900 lum
1431 1854 1664 1900 nominibus
1683 1856 1870 1900 omnium
1887 1885 1902 1909 ,
1924 1857 1992 1914 qui
2022 1859 2122 1900 hanc
2139 1854 2307 1909 ipsam-2

1325 1916 1679 1961 canonizationem
1688 1912 1776 1955 fieri
1791 1911 2160 1969 supplicirunhsed
2175 1911 2307 1955 etiam

1324 1987 1377 2015 ex
1407 1981 1526 2026 parte
1557 1969 1774 2013 individuae
1789 1970 2002 2016 Trinitatis
2017 2000 2033 2024 ,
2068 1970 2202 2016 Patris
2215 1999 2232 2023 ,
2262 1971 2306 2015 δε

1323 2027 1451 2078 Filii,
1465 2027 1695 2086 &Spiritus
1709 2027 1843 2073 Sancli
1854 2055 1870 2080 2
1891 2038 1936 2073 ut
1955 2030 2083 2089 ipsum
2099 2031 2307 2084 beatum

1322 2090 1653 2149 Bonaventu‘ram
1672 2086 1848 2132 finctum
1868 2091 2148 2147 pronunciare
2162 2090 2308 2148 digna-i

1320 2162 1490 2199 remur,
1507 2147 1728 2198 instanter,
1753 2146 1963 2194 instantius
1978 2180 1995 2205 ,
2025 2147 2306 2196 instantiffimb

1319 2205 1530 2264 requisivit
1542 2230 1555 2245 .
1586 2203 1856 2251 confidentes
1869 2207 1996 2264 igitur
2013 2209 2149 2265 ‚quod
2164 2210 2206 2252 in
2221 2209 2299 2252 hac

1318 2263 1625 2310 canonizatione
1638 2276 1718 2308 uon
1731 2265 1941 2322 permittet
1960 2269 2048 2311 Nos
2061 2267 2170 2312 Deus
2185 2276 2303 2311 erra-¹

1317 2340 1363 2371 re
1373 2355 1390 2379 ,
1405 2324 1472 2384 qui
1485 2324 1622 2367 omnia
1637 2323 1678 2367 in
1691 2337 1738 2368 ea
1752 2323 2069 2382 quomodolibet
2090 2327 2298 2385 requilita‚

1316 2388 1439 2431 etiam
1453 2382 1829 2443 superabundanter
1851 2382 2058 2430 observari
2072 2383 2240 2432 fecimus
2255 2387 2300 2429 δε

1313 2443 1646 2495 observavimus,
1668 2443 1725 2488 de
1748 2443 1988 2490 eorumdem
2002 2447 2193 2491 Fratrum
2220 2459 2299 2490 no-

1315 2506 1493 2551 strorum
1507 2507 1551 2549 S·
1565 2505 1622 2548 R.
1635 2504 1686 2547 E.
1700 2504 2013 2556 cardinalium,
2027 2506 2298 2563 omniumque

1315 2564 1583 2612 Proelatorum
1598 2563 1640 2607 in
1657 2564 1848 2608 Romana
1862 2564 1990 2609 Curia
2003 2564 2259 2610 exilientium
2277 2594 2300 2619 ,

1314 2622 1495 2670 unanimi
1522 2622 1716 2667 consensu
1744 2623 1786 2666 δι
1815 2633 1976 2666 maturo
2003 2624 2176 2668 confilio
2192 2652 2208 2676 ,
2238 2625 2294 2669 de

1311 2682 1619 2741 omnipotentis
1645 2681 1723 2726 Dei
1745 2711 1763 2734 ,
1787 2694 1837 2725 ac
1861 2682 2077 2727 beatorum
2107 2685 2220 2727 Petri
2251 2685 2294 2728 ds

1312 2743 1428 2789 Pauli
1443 2741 1737 2801 apostolorum
1749 2741 1836 2798 ejus
1854 2742 2099 2785 auctoritate
2117 2741 2261 2786 confifi
2277 2771 2295 2797 ,

1311 2805 1441 2850 beatoe
1465 2800 1666 2845 memorie
1697 2802 2028 2844 bonaventuram
2072 2800 2292 2846 Balneore-

1314 2861 1491 2923 giensem
1503 2889 1519 2913 ‚
1536 2863 1652 2905 Ωιι-τε
1668 2859 1907 2917 Theologioe
1922 2857 2185 2916 profefforem
2198 2887 2213 2911 s
2238 2873 2291 2906 ex

1312 2923 1474 2982 gremio
1488 2918 1590 2964 sacri
1611 2918 1784 2967 Ordinis
1799 2921 2008 2963 Minoi-um
2023 2945 2039 2971 ‚
2069 2920 2110 2963 δι
2134 2935 2184 2964 ex
2201 2919 2291 2964 offi-

1312 2984 1379 3028 cio
1391 2978 1666 3027 Generalsti‘is
1698 2979 1739 3023 in
1756 2979 2001 3037 Episcopum
2017 2977 2286 3023 cardinalem

1311 3041 1553 3098 assumptum
1566 3066 1581 3090 ‚
1596 3041 1787 3084 Sanctum
1804 3036 1881 3082 cll’e
1893 3065 1907 3088 ‚
1933 3052 1978 3082 ac
1993 3037 2167 3083 aliorum
2187 3042 2287 3083 Sau-

1310 3104 1471 3145 &orum
1489 3100 1563 3143 Dei
1577 3099 1802 3156 cathalogo
1814 3096 2124 3143 adscribendum
2139 3095 2284 3152 „adji-

1310 3160 1502 3204 ciendum
1515 3159 1557 3202 δι
1575 3156 1877 3216 aggregandum
1893 3158 1983 3201 sore
1997 3184 2014 3210 ‚
2043 3169 2091 3200 ae
2104 3154 2286 3202 fideliter

1310 3218 1484 3264 firmiter
1515 3233 1566 3263 ue
1591 3218 1721 3262 teneri
1737 3216 1888 3262 debere
1915 3213 2170 3260 decernimus
2184 3242 2198 3266 ,
2222 3215 2285 3273 ip-

1309 3279 1474 3338 sumque
1505 3278 1719 3322 saelorum
1732 3271 2020 3321 consessorum
2037 3271 2283 3319 Pontificum

1308 3341 1347 3382 δι
1363 3341 1587 3383 Doctorum
1598 3348 1726 3395 ,quos
1738 3333 1869 3379 nne:
1883 3332 1959 3378 Dei
1971 3344 2187 3378 veneratur
2203 3335 2282 3378 Ec·
2339 3357 2341 3360 ⁴

1309 3398 1428 3444 clelia
1441 3427 1456 3453 ,
1468 3393 1677 3442 consortio
1691 3393 1924 3441 solemniter
1939 3391 2282 3450 inpresentiarum

1309 3457 1575 3503 adscribimus
1591 3482 1607 3509 ,
1632 3449 1973 3524 aggregamusque
2003 3466 2076 3510 per
2107 3452 2279 3510 presen-

1307 3528 1369 3562 tes
1384 3531 1397 3562 ε
1413 3517 1626 3563 statuentes
1640 3524 1766 3559 etiam
1789 3512 1831 3556 δι
1846 3511 2080 3556 mandantes
2097 3514 2280 3558 Venera-

1304 3577 1452 3622 bilibus
1473 3572 1684 3621 Fratribus
1713 3571 1858 3617 nostris
1887 3572 2132 3617 Patriarchis
2146 3600 2162 3626 ‚
2198 3571 2279 3617 Ar·

270 3629 514 3675 m5¹3⁸⁸⁰⁸⁶m
536 3641 671 3674 “¹³¹⁶
686 3660 701 3684 ω
712 3646 798 3686 ‘³⁰2
812 3634 848 3679 sc
859 3634 1123 3692 triumphanti
1136 3650 1240 3681 con-
1302 3633 1567 3695 chiepiscopls
1578 3659 1594 3686 ,
1617 3629 1824 3691 Episcopis
1835 3660 1849 3685 ,
1863 3646 1910 3677 ac
1926 3631 2083 3678 dilectis
2098 3629 2190 3675 filiis
2205 3630 2277 3676 di-

268 3688 450 3734 formate
477 3685 653 3754 studeret
671 3717 682 3729 .
715 3691 874 3737 Triduo
899 3692 1048 3739 deinde
1075 3696 1239 3754 elaptb,
1302 3700 1494 3747 (iorum,
1519 3705 1566 3736 sc
1594 3691 1924 3737 patriarcharum
1942 3721 1956 3746 ‚
1982 3690 2279 3748 Metropolita-

268 3759 410 3794 omnes
427 3758 523 3803 ,qm
539 3745 579 3788 in
597 3747 777 3790 Romana
788 3752 910 3794 Curia
929 3764 1045 3798 crant
1058 3780 1072 3804 ,
1089 3755 1239 3799 Proela·
1298 3765 1443 3800 narum
1467 3753 1506 3796 δι
1530 3749 1839 3796 cathedralium
1858 3750 2135 3796 Ecclcfiarum
2147 3749 2277 3807 capi-

267 3803 525 3869 rosjuffimus
539 3807 763 3853 convenire
777 3835 792 3862 ,
817 3810 882 3867 qui
899 3811 948 3855 ad
967 3826 1087 3858 unum
1103 3814 1234 3861 inter·
1298 3812 1424 3869 tulis,
1456 3813 1495 3856 dt
1521 3811 1762 3870 quorumvis
1778 3810 1983 3857 ordinum
2012 3820 2096 3872 tam
2117 3807 2280 3856 Mendi-

2135 3881 2231 3919 can-3
