2444 4192
736 226 895 310 suh
956 227 1387 310 Innocentio
1451 190 1543 310 Χ
1560 216 1668 304 II.

1961 255 2126 336 431-

207 384 404 428 cultatum
428 375 709 422 Protectorum
734 377 954 430 hujusmodi
984 407 998 429 ,
1022 396 1067 423 ac
1091 384 1165 425 in„
1226 379 1530 434 quartodecimo
1542 375 1741 419 Kalendas
1765 374 1921 426 Martii,
1936 378 2191 425 Pontificatt'is
2232 401 2239 406 -

209 443 453 486 contrarium
469 436 640 493 desuper
652 438 698 479 ab
711 433 848 476 iisdem
869 437 1165 482 protectoribus
1225 436 1361 479 Nostri
1377 440 1496 477 Anno
1513 436 1657 475 Tertio
1670 460 1682 472 .

208 499 478 554 gerendorum
506 495 732 538 nullitatem
761 520 775 543 ‚
799 491 865 535 seu
897 494 1171 538 irritationem

207 557 414 599 dumtaxat
432 562 706 600 concernunt,
719 551 811 600 ubi,
837 550 878 590 &
891 553 1052 604 quando
1072 567 1171 605 opus

208 615 353 664 fuerit,
368 616 528 671 quoties
548 626 620 669 pro
636 619 746 667 parte
769 620 1172 665 quorumcumque—³

208 675 377 730 desiiper
408 670 592 716 interesse
622 670 850 712 habentium
872 666 1176 720 congregatio,

210 732 277 775 vel
294 732 469 776 Auditor
490 728 642 786 praefati
663 725 808 770 fuerint
823 724 1015 780 requifiti,
1030 723 1174 765 solem-

209 793 315 835 niter
341 789 586 845 publicantes
603 817 617 841 ‚
643 783 773 842 eisque
799 781 963 838 desuper
997 780 1173 825 efficacis

211 849 446 893 defensionis
477 844 656 902 praefidio
686 843 920 892 affistentes,
945 839 1091 884 faciant
1106 852 1180 880 an.

211 907 403 950 ctoritate
434 905 564 947 nostra
594 902 744 947 easdem
776 899 981 957 praesentes
1007 899 1046 941 in
1072 896 1177 940 dieta

209 975 325 1022 parte
353 963 564 1005 dumtaxat
579 961 745 1005 firmiter
765 957 983 1009 observari,
996 958 1036 999 δι
1047 957 1179 1012 fingu-

210 1024 275 1067 los
292 1035 417 1078 ,quos
434 1020 577 1064 eaedem
594 1021 739 1063 litterae
755 1020 795 1061 in
814 1017 917 1059 dicta
943 1025 1059 1072 parte
1080 1028 1176 1057 con·

210 1090 384 1123 cernunt
402 1109 417 1132 ,
430 1078 509 1122 iilis
526 1077 689 1134 pacifice
704 1076 881 1133 gaudere
891 1104 905 1126 ,
917 1088 997 1117 non
1011 1073 1177 1129 permit·

211 1148 344 1182 tentes
360 1151 429 1180 eos
453 1136 759 1192 quomodolibet
775 1133 955 1177 indebite
988 1130 1175 1174 molesta-

209 1198 249 1239 ri
263 1225 277 1248 ‚
298 1194 609 1238 contradictores
630 1194 866 1236 auctoritate
882 1191 1027 1238 nostra,
1046 1188 1180 1246 appel·

208 1253 366 1296 latione
382 1251 591 1306 postposita
602 1280 619 1303 ,
633 1249 923 1305 compescendo
937 1275 949 1287 .

330 1313 604 1351 Decernentes
622 1335 638 1358 ,
667 1306 821 1348 easdem
844 1305 1177 1361 praeienteslitte-

212 1381 277 1413 ras
291 1369 368 1410 &e-
401 1367 575 1422 Sitque,
602 1365 642 1406 &
664 1379 741 1406 non
753 1364 870 1407 aliter
893 1378 966 1418 per
981 1360 1177 1418 quoscun-

217 1425 468 1483 queJudices
490 1422 716 1467 ordinarios
733 1451 747 1474 ‚
773 1423 813 1464 δι
825 1421 1051 1476 delegatos,
1062 1421 1182 1463 etiam

221 1484 440 1530 Causarum
455 1481 597 1526 Palatii
619 1480 837 1535 Apostolici
864 1479 1112 1530 Auditores,
1141 1480 1182 1520 δι

220 1541 489 1601 quoscumque
503 1538 708 1587 Nuncios‚
721 1539 758 1580 δι
772 1537 1007 1580 Cardinales
1020 1538 1096 1578 &c-

338 1602 434 1643 Non
451 1597 690 1641 obstantibus
718 1597 930 1649 omnibus,
962 1597 1002 1638 δι
1025 1592 1186 1650 singulis

223 1657 418 1718 proemiffis
432 1686 447 1709 ,
459 1658 513 1709 &‚
527 1666 724 1715 quatenus
739 1668 839 1710 opus
867 1654 916 1696 fit
935 1682 948 1705 ,
963 1653 1102 1696 nostris
1116 1681 1132 1703 ,
1146 1653 1186 1694 δι

220 1715 485 1762 Cancellariae
516 1714 749 1770 Apostolicae
779 1711 930 1768 regulis
943 1739 959 1762 ,
979 1710 1185 1767 &signan-

221 1787 285 1822 ter
304 1773 373 1818 illa
385 1774 437 1816 de
453 1771 538 1816 'ure
551 1774 708 1829 quaestto
723 1785 802 1814 non
816 1770 998 1813 tollendo
1010 1796 1025 1819 ‚
1039 1770 1078 1811 δι
1091 1768 1185 1821 alia,

221 1833 329 1893 quod
346 1787 583 1876 Carciimles
599 1830 636 1872 in
650 1828 1015 1874 constitutionibus
1031 1856 1045 1880 ,
1056 1829 1091 1869 8<
1105 1829 1184 1870 Re·

224 1891 329 1950 gulis
343 1905 413 1948 per
435 1893 524 1933 Nos
544 1887 708 1932 edendis
731 1902 813 1931 non
839 1886 1183 1942 comprehendan-

225 1964 293 1995 tur
308 1977 322 2002 ,
339 1948 409 1992 nifi
434 1947 510 1990 illae
522 1948 757 1991 eorumdem
773 1945 1048 1990 cardinalium
1069 1943 1184 1987 favo-

157 2007 160 2011 ’
226 2023 312 2054 rem
333 2014 579 2050 concernant
594 2034 609 2058 ,
641 2004 703 2048 vel
719 2003 804 2061 ipsae
816 2002 979 2046 edendae
989 2003 1191 2046 Constitu-

229 2069 360 2112 tiones
374 2067 424 2108 de
439 2065 600 2107 illorum
610 2094 624 2115 ,
638 2061 702 2105 seu
717 2061 880 2118 majoris
895 2062 1019 2116 partis
1046 2075 1189 2104 eorum

229 2124 399 2170 consilio
423 2122 537 2166 editae
563 2120 739 2172 fuerint,
769 2119 931 2175 aliisilue
953 2120 1194 2176 quibuscun-

230 2198 327 2240 que,
343 2183 462 2225 e'tiam
480 2182 518 2223 in
534 2178 797 2224 Generalibus
810 2207 824 2229 ,
844 2178 1164 2220 Provincialibus
1180 2205 1196 2228 ,

230 2245 271 2286 ἃ.
284 2239 552 2296 synodalibus
568 2237 764 2282 Conciliis
781 2236 901 2278 editis
917 2236 1194 2291 generalibus,

231 2300 297 2344 vel
315 2297 546 2354 specialibus
560 2294 924 2340 constitutionibus
938 2297 1015 2337 διε.
1030 2295 1192 2355 Qibus

231 2357 414 2404 omnibus
427 2357 465 2398 &
480 2354 641 2410 (iugulis
654 2381 668 2404 ‚
681 2355 830 2396 etiamsi
844 2355 927 2395 &c.
959 2354 1007 2396 ad
1025 2351 1192 2408 praemis-

231 2416 366 2461 sorum
390 2413 567 2458 effectum
599 2414 734 2455 harum
764 2411 860 2455 serie
877 2410 1097 2467 specialiter
1110 2442 1124 2462 ‚
1154 2412 1195 2453 8ο

233 2471 419 2531 expresse
434 2501 448 2524 ,
474 2487 519 2514 ac
537 2470 751 2527 plenissime
767 2472 806 2512 δι
819 2470 1052 2524 ampliffime
1078 2472 1194 2513 dero·

233 2545 372 2590 gamus
388 2561 402 2584 ,
413 2532 452 2574 δι
472 2531 710 2586 derogatum
724 2527 798 2570 effe
814 2529 1011 2577 volumus,
1026 2530 1065 2571 δι
1080 2542 1192 2570 man-

233 2593 374 2636 damus
384 2618 398 2642 ,
409 2587 633 2644 ceterisque
645 2587 858 2630 contrariis
873 2587 1196 2642 quibust-umque.

231 2649 430 2695 Volumus
454 2657 585 2689 autem
597 2674 615 2699 ,
630 2656 675 2689 ut
690 2643 921 2688 earumdem
947 2643 1199 2701 presentium

236 2707 468 2751 litterarum
482 2704 734 2759 transumptis
746 2705 827 2746 &c-

296 2763 412 2808 Nulli
426 2775 525 2817 ergo
547 2762 714 2804 omnino
737 2760 942 2804 hominnm
957 2760 1079 2805 liceat
1093 2763 1195 2805 hanc

237 2821 424 2881 paginam
440 2819 657 2862 nostrarum
687 2818 983 2873 approbationis
1008 2847 1024 2871 ,
1049 2818 1197 2862 confir-

240 2877 453 2929 mationis,
465 2875 736 2919 innovationis
750 2901 765 2925 ,
795 2874 1070 2919 redufflonum
1087 2905 1104 2929 ,
1133 2891 1201 2920 re·

238 2933 519 2994 integrationis
534 2961 550 2985 ,
565 2935 733 2976 §anetina
741 2934 787 2984 is,
803 2932 1097 2984 mandatorum,
1110 2948 1202 2990 pro-

240 2994 452 3040 hibitionis
464 3018 480 3043 ,
491 2991 627 3038 statuti
642 3020 656 3044 ,
669 2992 922 3034 decretorum
933 3018 947 3041 ‚
966 2992 1204 3048 derogatio-

243 3067 338 3099 num
351 3081 368 3106 ,
389 3050 642 3094 voluntatum
657 3077 672 3102 ,
685 3049 981 3104 ademptionum
991 3080 1011 3103 ,
1030 3050 1204 3094 restitio—

243 3125 341 3157 num
353 3139 368 3163 ,
384 3107 672 3152 eonceffionum
685 3134 699 3156 ‚
710 3107 1033 3152 consolidationis
1044 3137 1059 3160 ,
1085 3123 1205 3151 anne-

243 3168 377 3215 xionis
393 3196 408 3220 ,
437 3167 595 3211 unionis
611 3192 625 3215 2
656 3165 902 3209 hortationis
917 3193 932 3216 ,
960 3166 1205 3210 obsecratio-

243 3229 307 3274 nis
318 3258 336 3282 ,
351 3225 536 3284 precepti
549 3254 565 3276 ,
579 3223 856 3281 renovationis
867 3253 882 3275 ,
905 3225 1205 3274 annuilationis,

248 3285 472 3331 ‹affationis
485 3308 500 3336 ,
513 3283 749 3326 irritationis
760 3308 774 3331 ,
787 3281 1089 3334 declarationis,
1104 3296 1205 3326 one·

247 3344 432 3396 rationis,
446 3341 766 3392 moderationis„
783 3342 826 3382 de
840 3339 1131 3384 reformationis
1145 3342 1206 3383 in-

251 3400 454 3457 fringere,
484 3399 552 3443 vel
577 3400 614 3443 ei
630 3396 720 3442 ausu
747 3400 968 3441 temerario
982 3401 1206 3442 contraire.

252 3459 297 3504 Si
319 3459 405 3515 quis
418 3468 554 3504 autem
583 3460 656 3502 hoc
679 3467 879 3500 attentare
906 3456 1210 3513 praesumpserit,

255 3515 571 3570 indignationem
594 3516 893 3571 Omnipotentis
923 3515 1024 3566 Dei,
1047 3531 1093 3559 ac
1111 3519 1208 3559 Bea-

255 3585 394 3617 torum
418 3575 599 3627 Petri,&
627 3574 738 3618 Pauli
765 3573 1045 3629 Apostolorum
1071 3574 1156 3630 ejus
1172 3573 1210 3616 se

255 3631 415 3675 noverit
437 3630 672 3676 incursurum
689 3662 703 3675 .

333 3746 343 3755 ·
375 3691 524 3730 Datum
545 3691 685 3733 Romoe
706 3691 814 3747 apud
834 3694 1012 3735 Sanctam
1040 3690 1211 3734 Mariam

257 3751 461 3802 Majorem
499 3748 615 3788 Anno
645 3751 933 3794 lucarnationis
967 3751 1208 3804 Dominicae,

259 3803 414 3906 millefiT
403 3814 470 3845 mo
483 3801 761 3906 fiffsscentefikno
790 3811 1040 3866 nonagesimo
1057 3809 1180 3854 tertio
1191 3838 1208 3864 ,

410 3875 481 3903 om.
541 3888 553 3903 .

1288 548 1443 590 Bullar.
1459 548 1623 604 Romen.
1634 543 1850 602 tom.9.fbl.
1857 560 1876 602 3
1884 557 1956 602 44.

1456 786 1503 832 D
1538 786 1578 832 E
1615 784 1658 832 C
1695 785 1739 831 R
1775 784 1813 830 E
1850 781 1897 830 T
1933 781 1983 830 Ο

1324 953 1330 959 .
1377 910 1642 962 Arctior-itate
1665 907 1919 975 SanHt'ffi'mi
1943 907 2051 957 edito
2065 943 2080 958 .

1236 1038 1377 1090 Circa
1396 1036 1728 1109 incorrigibiles
1758 1054 1898 1086 annus
1923 1035 2200 1104 poenitentiae

1301 1109 1361 1160 ad
1377 1109 1450 1160 sex
1479 1106 1651 1159 menses
1676 1105 1957 1176 restringitur
1977 1127 1991 1166 ;
2014 1104 2202 1155 facultas

1310 1180 1612 1231 Generalibus
1652 1178 1889 1228 Ordinum
1923 1177 1981 1226 de
2017 1173 2204 1226 confilio

1308 1247 1383 1300 sex
1417 1252 1688 1319 graviorum
1720 1244 2061 1317 Religiosorum
2093 1246 2206 1295 tales

1306 1320 1512 1382 ejiciendi
1532 1320 1588 1368 ad
1611 1319 1915 1368 Provinciales
1929 1317 2212 1369 extenditur3

1308 1387 1533 1456 processus
1550 1393 1681 1451 juxta
1703 1385 1878 1452 stylum
1905 1383 2210 1449 cujuscunque

1311 1456 1505 1508 Ordinis
1533 1454 1695 1507 confici
1724 1454 1989 1524 indulgetur
2006 1490 2022 1512 ,
2051 1471 2103 1503 ac
2126 1457 2211 1502 De·

1312 1540 1436 1577 creta
1465 1530 1621 1577 omnia
1655 1525 1711 1575 de
1748 1527 1830 1576 hac
1858 1543 1904 1574 re
1938 1525 2059 1575 edita
2075 1524 2142 1573 bis
2166 1526 2212 1573 in

1314 1613 1432 1646 anno
1463 1597 1583 1665 legi,
1602 1594 1683 1646 sub
1703 1597 1850 1663 poenis
1865 1596 2141 1645 mandatur.

1316 1714 1546 1759 Nssantibus
1580 1716 1915 1759 Procuratoribus
1944 1711 2214 1756 Generalibus

1335 1774 1635 1830 Religiosorum
1650 1774 1851 1816 Ordinum
1876 1788 1949 1829 pro
1965 1771 2213 1813 moderatio-

1245 1843 1296 1872 ne
1315 1832 1584 1875 Decretorum
1599 1832 1652 1874 de
1667 1831 1867 1887 Apossatis
1881 1860 1895 1882 ,
1910 1832 1947 1871 &
1968 1830 2113 1884 Ejeetis
2126 1829 2213 1870 edi-

1245 1891 1379 1932 torum
1392 1891 1415 1933 ὲ
1429 1890 1545 1935 sacra
1561 1891 1891 1946 Congregatione
1902 1887 2081 1929 Concilii
2096 1915 2111 1938 ‚
2135 1887 2177 1926 &
2191 1887 2215 1928 “a

1248 1948 1300 1991 sa:
1319 1961 1397 1991 me:
1417 1949 1586 1992 Urbano
1602 1950 1706 2004 Papa
1725 1951 1843 1991 vill.
1861 1959 1966 1990 anno
1986 1947 2104 1997 ¹624.
2121 1957 2217 1987 eon—

1250 2004 1499 2050 firmatorum
1513 2032 1528 2054 ‚
1560 2016 1602 2047 ut
1622 2005 1781 2048 facilior
1795 2008 1938 2048 modus
1959 2003 2217 2058 Incorrigibi·

1254 2063 1311 2105 les
1342 2063 1530 2117 ejiciendi
1552 2062 1828 2117 proestribatur
1843 2091 1859 2114 ,
1881 2067 2002 2106 saera
2033 2062 2220 2116 Congre-

1255 2123 1367 2177 gatio
1391 2121 1411 2163 i
1439 2120 1682 2165 Sanctiffimo
1711 2122 1888 2164 Domino
1915 2118 2064 2162 Nostro
2095 2121 2221 2161 Inno-

1255 2182 1391 2222 centio
1408 2181 1512 2237 Papa
1535 2182 1628 2222 xli.
1649 2179 1760 2235 super
1773 2177 1969 2235 praemiffis
1996 2176 2220 2233 particula-

1252 2240 1347 2280 riter
1361 2237 1573 2293 deputata,
1594 2237 2003 2280 Eminentiffimorum
2028 2239 2069 2280 S.
2089 2236 2140 2278 R.
2171 2236 2220 2277 F..

1252 2296 1531 2340 Cardinalium
1546 2298 1735 2351 Carpinei
1749 2325 1764 2348 ,
1777 2295 1992 2346 Casanate,
2009 2292 2221 2338 Mariscot-

1254 2355 1282 2396 ti
1301 2354 1381 2407 ,de
1408 2354 1612 2398 Norsolcia
1630 2384 1645 2407 ,
1660 2356 1711 2397 de
1729 2357 1889 2398 Lauraea
1909 2383 1923 2406 ,
1953 2354 2004 2396 de
2018 2353 2191 2408 Aguirre
2204 2381 2221 2403 ,

1253 2415 1291 2454 8t
1320 2412 1558 2465 Colloredi,
1588 2413 1787 2469 perpenfis
1812 2413 2049 2454 eorumdem
2072 2413 2226 2455 Procu-

1253 2480 1438 2514 ratorum
1472 2473 1733 2515 Generalium
1767 2472 1903 2523 votis,
1933 2484 1984 2512 ne
2010 2468 2221 2512 consortio

1256 2530 1531 2574 morbidarum
1556 2533 1754 2587 pecudum
1787 2540 1936 2573 caeterae
1963 2541 2226 2582 corrumpan-
2284 2571 2316 2588 *-

1257 2599 1323 2631 tur
1341 2618 1356 2640 ,
1372 2590 1410 2630 8(
1427 2589 1603 2631 remedia
1627 2590 1828 2645 hucusque
1852 2590 1901 2630 ad
1928 2586 2135 2630 sanitatem
2149 2586 2226 2626 ob-

1257 2647 1339 2689 lata
1355 2647 1458 2689 male
1471 2647 1619 2690 affectis
1637 2648 1814 2690 officiant
1834 2649 1975 2702 magis,
1991 2648 2108 2699 quam
2131 2658 2225 2700 pro·

1256 2706 1530 2756 fint‚maturo
1557 2708 1768 2755 examine,
1789 2704 1884 2747 zelo
1912 2704 2123 2759 Regularis
2152 2698 2229 2744 dis-

1256 2763 1409 2818 ciplinae
1422 2764 1729 2816 conservande,
1745 2762 1894 2807 censuit
1912 2792 1929 2817 ,
1944 2763 2092 2813 statuit,
2105 2762 2225 2803 &au-

1258 2823 1448 2865 &oritate
1463 2823 1636 2878 ejusdem
1653 2821 1886 2867 sanetiffimi
1904 2821 2067 2864 Domini
2089 2819 2223 2862 Nostri

1260 2879 1328 2922 fibi
1344 2878 1570 2934 specialiter
1587 2879 1783 2923 attributi
1799 2904 1815 2928 ,
1842 2880 1923 2921 haec
1937 2877 2229 2933 imposterum-⁴

1262 2938 1456 2981 servanda
1472 2936 1652 2980 decrerit
1669 2967 1681 2979 .

1327 3010 1363 3037 ι.
1422 2996 1545 3054 Qod
1568 2995 1694 3038 firmis
1710 3024 1724 3047 ,
1751 2992 1849 3037 acin
1865 2990 1935 3033 suo
1957 2991 2108 3034 robore
2131 2989 2229 3034 sem·-

1266 3068 1338 3108 per
1360 3054 1612 3096 manentibus
1628 3053 1818 3109 predictis
1846 3050 2029 3094 Decretis
2050 3049 2103 3092 de
2118 3053 2230 3105 Apo-

1264 3113 1406 3164 θεαῖς,
1424 3113 1545 3155 etiam
1571 3110 1782 3155 secundnm
1807 3123 1896 3152 eam
1921 3118 2074 3164 partem
2102 3136 2118 3159 ,
2161 3108 2228 3152 ubi

1266 3171 1399 3226 agitur
1412 3172 1463 3213 de
1480 3171 1645 3226 menis,
1665 3172 1703 3212 Sc
1720 3166 1938 3226 Ejicieudis
1954 3194 1968 3217 ,
1996 3177 2229 3220 tamquam...

1266 3231 1398 3274 Sacris
1417 3230 1648 3272 Canonibus
1664 3257 1679 3280 ,
1706 3230 1746 3271 δι
1767 3225 2034 3270 communiori
2063 3227 2230 3267 Sant‘to-

1266 3301 1356 3330 rum
1372 3290 1535 3330 Patrum
1551 3288 1675 3331 menti
1690 3284 1968 3330 conformibus
1989 3282 2124 3337 quoad
2143 3281 2232 3339 Eje-

1265 3347 1350 3388 &os
1365 3346 1502 3390 eadem
1519 3345 1726 3390 serventur
1739 3374 1755 3397 ,
1767 3358 1853 3400 quae
1867 3342 1905 3385 in
1920 3342 2003 3384 alio
2015 3340 2131 3383 fimili
2148 3343 2231 3383 De-

1268 3414 1385 3447 creto
1414 3406 1487 3447 hac
1503 3404 1681 3458 praesenti
1697 3403 1763 3446 die
1781 3408 1970 3446 emanato
1989 3399 2042 3444 de
2064 3398 2231 3454 Aposta-

1269 3463 1348 3513 tis,
1369 3464 1409 3504 δι
1431 3463 1625 3518 Fugitivis
1653 3463 1798 3506 statuta
1823 3460 1911 3502 sunt
1930 3485 1945 3509 ,
1968 3459 2007 3500 &
2034 3458 2223 3508 indulta;

1268 3521 1476 3577 Quodque
1499 3522 1551 3565 ad
1581 3520 1845 3577 praescriptam
1870 3517 2001 3571 legem
2028 3515 2082 3559 sa:
2106 3528 2223 3558 mem:

1270 3579 1459 3633 Gregorii
1485 3581 1558 3621 lx.
1572 3581 1610 3620 in
1623 3593 1655 3621 c.
1658 3577 1834 3633 final-de
1852 3577 1985 3630 Regul.
2017 3573 2227 3620 annuatim

1271 3636 1447 3691 Fugitivi
1461 3638 1738 3693 requirantur,
1751 3638 1792 3678 δε
1805 3633 2016 3690 respective
2029 3642 2227 3691 cogantur

1270 3696 1320 3738 ad
1333 3694 1515 3738 Claustra
1535 3695 1714 3738 reverti.

1324 3770 1364 3797 2.
1423 3754 1549 3814 Qod
1572 3754 1886 3808 annusinteger,
1900 3753 1970 3809 qui
1986 3752 2023 3793 in
2039 3745 2225 3810 praedic‘iis

1270 3813 1456 3872 Decretis
1473 3812 1566 3857 anni
1594 3813 1711 3868 1624.
1737 3810 2002 3868 prescribitur
2027 3809 2068 3849 in
2100 3816 2228 3858 poeni-

1705 3871 1796 3915 Lll
1828 3882 1851 3911 2
2086 3871 2172 3903 ten-
