2444 4192
836 150 994 233 Sub
1053 151 1366 237 ‘Urbano
1434 148 1526 234 V
1545 145 1590 229 I
1616 144 1659 227 I
1686 145 1740 228 I.

288 311 360 352 bus
380 310 568 348 tenentur
582 298 713 342 Minas
725 296 931 343 celebrare
947 304 1105 347 ratione
1120 308 1241 348 bene-

287 364 396 413 ficii,
412 359 473 404 seu
486 356 803 415 capellae,legati
817 367 910 406 ,aut
926 357 1072 420 salarii,
1089 363 1112 403 fi
1130 364 1239 405 elec-

288 420 466 476 mosynas
487 432 559 475 pro
574 417 662 459 aliis
690 417 810 459 etiam
830 414 951 457 Miffis
979 417 1236 461 celebrandis

285 478 531 534 susceperint
545 504 559 527 ‚
575 489 655 518 non
672 473 774 531 posse
786 472 924 517 eadem
949 473 1060 517 Missa
1074 478 1236 532 utrique

285 537 523 594 obligationi
539 532 764 578 satisfacere
778 561 791 573 .

400 595 468 638 Ad
480 594 664 651 quintum
678 622 694 646 ,
707 588 857 636 censuit
868 617 883 642 ‚
897 588 964 632 ubi
979 587 1134 631 nullam
1144 602 1235 631 cer-

283 664 366 697 tam
381 651 677 708 eleemosynam
693 651 858 699 testator
870 647 1030 702 reliquit
1042 673 1056 695 ,
1083 644 1159 695 else
1186 646 1235 688 ab

283 713 487 769 Episcopo
533 710 862 767 praestribendam
904 704 1234 760 eleemosynam-a

283 785 495 827 congruam
508 799 523 821 ,
538 784 623 826 quae
640 767 874 825 respondeat
891 765 1077 810 oneribus
1102 762 1234 806 Miffa-

282 843 371 871 rum
390 828 725 872 celebrandarum
739 823 974 880 ,secundum
994 836 1144 866 morem
1155 822 1231 866 Ci-

281 887 419 930 vitatis
433 917 449 939 ,
464 887 529 929 vel
547 885 769 930 Provincia
782 914 794 925 .

395 946 461 989 Ad
478 945 631 989 sextum
644 971 658 994 ,
673 945 731 987 ita
744 941 817 989 esse
831 938 1094 998 intelligenda
1110 968 1123 980 .

398 1003 464 1046 Ad
480 1003 688 1057 septimum
704 1031 717 1054 ,
747 1000 950 1058 respondit
965 1028 980 1052 ‚
1007 998 1238 1055 permitten-

282 1060 379 1104 dum
395 1076 477 1105 non
487 1058 563 1105 esse
579 1090 594 1113 ,
610 1070 654 1104 ut
672 1060 856 1104 Ecclefiae
869 1086 884 1110 ,
899 1074 946 1102 ac
968 1059 1060 1101 loca
1073 1056 1158 1104 Pia,
1173 1056 1238 1101 seu

280 1118 444 1163 illorum
471 1119 824 1164 Administratores
850 1146 866 1171 ‚
892 1132 943 1161 ex
969 1114 1235 1169 eleemosynis

279 1176 481 1220 Miffarum
496 1177 833 1222 celebrandarum
848 1177 972 1221 ullam
984 1202 999 1225 ,
1013 1184 1231 1231 utcumque

277 1235 482 1278 minimam
497 1263 511 1286 ,
524 1234 756 1290 portionem
769 1236 972 1277 retineant
987 1233 1144 1278 ratione
1163 1244 1236 1273 ex-

277 1294 486 1350 pensarum
501 1320 515 1343 ‚
543 1305 639 1348 quas
657 1289 824 1333 subeunt
851 1292 889 1333 in
907 1288 1109 1334 Miffirum
1122 1287 1234 1331 ecle-

279 1353 476 1403 bratione,
491 1349 559 1392 nifi
574 1363 664 1392 cum
680 1348 878 1398 Ecclesiae,
889 1349 930 1390 δι
943 1348 1031 1390 loca
1041 1344 1121 1402 ipsa
1133 1346 1232 1387 alios

278 1422 361 1454 uon
384 1410 530 1452 habent
544 1407 726 1452 redditus
741 1435 756 1460 ‚
777 1420 878 1463 quos
895 1407 935 1450 in
950 1403 1060 1449 usum
1074 1417 1234 1447 earum—

281 1470 372 1512 dem
388 1465 640 1524 expensarum
656 1479 827 1521 erogare
852 1464 967 1508 licite
992 1462 1135 1520 poffint
1149 1491 1165 1514 ,
1193 1463 1234 1504 δι

282 1536 406 1580 tunc,
428 1539 546 1582 quam
570 1524 800 1580 portionem
826 1522 1084 1574 retinebunt,
1102 1519 1233 1564 nulla-

282 1596 398 1630 tenus
421 1584 574 1628 debere
605 1583 803 1628 excedere
840 1581 1019 1625 valorem
1045 1577 1234 1645 expensa—

279 1660 374 1745 ἑὲῗέ
387 1641 956 1746 ἒὲἓῖηξὶῗὸ“ἷῖἰῗἰἷῖ,ἔῐ’ὲ“ἒὲ
968 1637 1099 1739 ’ἕέἷῆ
1105 1640 1235 1738 {1¹53ss

280 1761 352 1804 nus
368 1774 417 1802 eo
433 1760 557 1801 etiam
571 1758 665 1801 casu
678 1755 896 1800 curandum
918 1753 994 1799 else
1006 1785 1023 1807 ,
1037 1763 1084 1797 ut
1097 1768 1146 1797 ex
1161 1767 1231 1809 pe-

277 1819 404 1864 cuniis
417 1847 431 1871 ‚
442 1830 529 1875 qua
542 1816 761 1871 supersunt,
774 1814 970 1871 expensis,
981 1823 1025 1857 ut
1040 1811 1244 1870 supr32de-

281 1878 409 1921 dufftis
442 1870 458 1927 '‚
488 1873 670 1919 absolute
709 1882 771 1916 tot
803 1871 921 1916 Miffae
951 1872 1236 1920 celebrentur,

283 1947 383 1994 quot
399 1933 631 1993 prascriptae
640 1931 785 1982 suerint
799 1930 851 1975 ab
861 1928 1120 1975 offerentibus
1133 1929 1238 1974 elee-

281 1997 378 2041 mos
401 2008 469 2038 nas
483 2021 496 2034 .

371 2008 468 2097 yAd
484 2054 672 2095 octavum
686 2075 701 2098 ,
725 2063 808 2092 non
825 2049 969 2096 habere
983 2045 1114 2091 locum
1128 2073 1144 2097 ,
1173 2045 1238 2089 sed

285 2112 378 2156 satis
393 2110 467 2156 effe
479 2141 495 2163 ,
521 2119 565 2152 ut
589 2111 743 2152 Refior
768 2106 952 2151 beneficii
972 2136 986 2158 ‚
1015 2106 1082 2162 qui
1112 2103 1239 2160 potest

283 2170 439 2216 Missam
451 2183 522 2225 per
541 2167 664 2211 alium
682 2167 908 2214 celebrare,
920 2167 1074 2207 tribuat
1093 2168 1239 2207 Sacer-

283 2229 371 2273 doti
385 2226 610 2271 celebranti
633 2225 929 2279 eleemosynam
957 2234 1207 2277 congruam-2
1223 2248 1238 2271 ,

280 2286 498 2332 secundum
517 2296 668 2327 morem
683 2282 896 2333 Civitatis,
913 2280 977 2324 vel
996 2279 1232 2330 Provinciae,

276 2345 353 2392 nifi
369 2347 405 2388 in
418 2342 654 2390 fundatione
674 2340 789 2399 ipsius
812 2338 994 2386 beneficii
1020 2336 1131 2382 aliud
1144 2351 1238 2380 cau-

282 2416 369 2450 tum
383 2402 502 2447 fuerit
517 2431 530 2443 .

399 2462 463 2507 Ad
480 2474 624 2504 nonum
637 2490 654 2511 ,
667 2458 818 2503 debere
830 2458 1013 2502 absolute
1035 2457 1237 2514 integram

281 2521 573 2576 eleemosynam
589 2519 768 2563 tribuere
791 2517 1002 2562 Sacerdoti
1025 2515 1234 2559 celebran-

279 2582 340 2632 ti·,
361 2595 436 2624 nec
456 2578 580 2622 ullam
612 2575 722 2620 illius
736 2586 894 2633 partem
921 2574 987 2618 fibi
1001 2575 1236 2620 retineru

337 2638 388 2684 ffe
400 2668 414 2682 .

281 2654 336 2698 9⁰
396 2696 460 2741 Ad
474 2695 674 2739 decimum
688 2721 703 2744 ,
716 2692 934 2750 respondit,
947 2707 1026 2736 non
1042 2692 1232 2750 prohibe-

283 2770 331 2804 re
354 2753 559 2800 absolute:
589 2754 651 2795 Ac
674 2761 887 2812 propterea
898 2780 915 2803 ,
941 2753 1012 2795 etsi
1039 2750 1230 2795 oneribus

1002 2902 1220 2966 ΝΟ

2039 179 2196 265 395

1298 304 1381 360 jam
1396 302 1583 357 susceptis
1598 314 1678 343 non
1702 298 1990 347 satisfecerint,
2002 306 2107 352 poffe
2121 316 2253 349 tamen

1298 373 1403 402 nova
1426 362 1552 403 etiam
1575 371 1701 400 onera
1715 354 1909 408 suscipere
1922 355 2120 400 Miffarum
2146 365 2254 405 cele-

1297 415 1537 457 brandarum
1553 441 1569 464 ‚
1580 415 1803 454 dummodo
1816 411 1917 452 infra
1935 414 2136 457 modicum
2146 428 2252 460 tem-

1293 486 1369 528 pus
1383 471 1529 528 poffint
1541 471 1727 512 omnibus
1746 468 1972 512 satisfacere
1986 495 1999 509 .

1411 529 1476 571 Ad
1492 528 1750 570 undecimum
1763 554 1777 577 ‚
1793 529 1974 582 quamvis
1987 542 2111 570 onera
2131 528 2252 572 susce-

1300 598 1367 646 pta
1390 586 1491 629 infra
1519 586 1722 629 modicum
1751 596 1908 640 tempus
1946 585 2153 639 adimpleri
2189 602 2257 628 ne-

1297 656 1475 703 queant,
1495 643 1519 687 fi
1534 655 1667 688 tamen
1682 645 1861 690 tribuens
1874 645 2168 700 eleemosynam
2183 659 2256 699 pro

1295 704 1466 748 aliarum
1482 703 1688 748 Miffarum
1702 703 1975 747 celebratione
1989 731 2003 754 ‚
2019 704 2061 745 id
2087 701 2202 754 sciat,
2215 706 2255 745 δε

1293 761 1518 806 consentiat
1532 792 1547 813 ,
1568 772 1610 804 ut
1633 762 1709 804 inae
1736 771 1832 804 tunc
1858 762 2023 806 demum
2045 762 2256 804 celebren-

1296 832 1389 870 tur,
1416 835 1508 864 cum
1536 819 1724 876 susceptis
1748 822 1938 863 oneribus
1963 819 2256 863 sarissaaumd·

1296 879 1421 922 fuerit
1450 878 1682 932 ,decretum
1709 894 1788 922 non
1812 880 2027 935 prohibere
2045 908 2059 931 ‚
2086 881 2250 937 quomi-

1298 953 1369 982 nus
1402 952 1451 985 eo
1476 936 1567 981 casu
1590 938 1839 995 eleemosyna
1862 939 2079 994 accipiatur
2104 953 2177 992 pro
2192 939 2252 980 iis-

1299 998 1395 1043 dem
1422 995 1545 1040 Minis
1569 995 1675 1051 juxta
1697 996 1959 1040 benefactoris
1983 996 2254 1041 consensum-a

1299 1055 1551 1100 celebrandis
1566 1083 1578 1096 .

1412 1115 1479 1158 Ad
1492 1113 1799 1166 duodecimum,
1816 1115 1885 1157 has
1906 1126 2046 1168 poenas
2073 1127 2155 1156 non
2185 1113 2257 1155 ha-

1297 1176 1390 1217 bere
1414 1173 1549 1217 locum
1574 1200 1589 1224 ,
1619 1172 1687 1214 nifi
1717 1175 1755 1215 in
1794 1172 2093 1229 suscipientibus
2126 1185 2253 1214 onera

1293 1243 1491 1288 perpetua
1519 1228 1718 1278 Miffarum
1738 1231 2074 1277 celebrandarum
2101 1230 2181 1273 fine
2205 1229 2258 1272 li-

1295 1291 1430 1333 centia
1452 1291 1666 1346 Episcopi,
1681 1290 1747 1333 vel
1769 1290 1854 1346 ejus
1869 1290 2065 1346 generalis
2082 1290 2253 1336 vicarii,

1293 1356 1362 1390 aut
1375 1347 1591 1390 Generalis
1604 1375 1620 1397 ‚
1637 1348 1699 1389 vel
1712 1347 1978 1390 Provincialis
1990 1377 2004 1389 .

1409 1404 1475 1448 Ad
1490 1404 1691 1447 decimum
1704 1405 1870 1447 tertium
1883 1432 1897 1455 ‚
1913 1403 2223 1459 comprehendi.

1411 1461 1695 1507 Addccimum
1714 1472 1903 1519 quartum
1920 1490 1934 1513 ‚
1948 1477 2026 1505 non
2046 1463 2170 1560 posse,
2185 1461 2257 1505 nisi

1293 1521 1345 1564 de
1371 1520 1560 1565 consensu
1582 1535 1726 1567 eorum
1748 1550 1763 1574 ,
1821 1521 1862 1565 ui
1884 1520 2043 1565 eleemo
2062 1535 2159 1577 ynas
2184 1523 2260 1565 tri-

1291 1579 1444 1630 buunt,
1468 1589 1512 1623 ut
1537 1578 1653 1634 supra
1684 1579 1723 1622 in
1752 1593 1795 1623 re
1811 1581 1998 1637 ponfione
2020 1579 2071 1623 ad
2098 1580 2258 1624 duode-

1293 1650 1443 1683 cimum
1458 1666 1471 1679 .

1416 1695 1482 1739 Ad
1512 1697 1711 1740 decimum
1725 1697 1936 1755 quintum,
1962 1699 2256 1755 comprehendi

1305 1756 1424 1800 ctiam
1440 1758 1619 1811 privatos
1633 1757 1871 1801 Sacerdotes
1886 1788 1898 1800 .

1417 1814 1480 1856 Ad
1496 1814 1697 1858 decimum
1719 1817 1871 1857 sextum
1900 1845 1916 1867 ‚
1949 1816 2104 1858 numeri
2132 1814 2256 1869 praefi·

1300 1873 1462 1916 xionem
1474 1871 1550 1916 effe
1571 1874 1714 1915 iterum
1730 1872 1971 1922 faciendam,
1986 1872 2148 1916 servata
2169 1872 2256 1915 sor-

1302 1946 1367 1975 ma
1381 1932 1515 1974 ultimi
1534 1935 1704 1974 Decreti
1720 1933 1794 1974 hac
1810 1930 1863 1974 de
1876 1945 1920 1974 re
1936 1931 2064 1975 editi.

1414 1989 1482 2031 Ad
1508 1989 1711 2031 decimum
1736 1987 1978 2043 legitimum,
2002 1988 2079 2033 effe
2108 1991 2257 2033 admit-

1300 2046 1448 2089 tendos
1470 2046 1523 2090 ad
1536 2045 1832 2102 profeffionem,
1850 2046 1874 2088 fi
1890 2048 1988 2089 aliis
2003 2048 2153 2090 habiles
2167 2050 2257 2091 exi-

1299 2105 1424 2154 stant,
1451 2119 1495 2147 ac
1513 2104 1659 2148 deinde
1683 2105 1725 2146 in
1752 2104 1887 2161 aliquo
1909 2105 1988 2148 alio
2011 2106 2255 2150 Monasterio

1303 2163 1485 2220 ejusdem
1513 2164 1738 2218 Religionis
1763 2163 1840 2207 effe
1866 2164 2155 2219 collocandos,
2186 2166 2256 2210 ubi

1298 2222 1515 2266 commode
1533 2223 1585 2264 ali
1602 2221 1746 2277 possint
1759 2249 1775 2263 .

1415 2282 1481 2323 Ad
1503 2280 1704 2324 decimum
1715 2282 1900 2325 oaavum
1916 2312 1931 2337 ‚
1960 2281 2111 2326 censuit
2139 2293 2254 2327 com·'

1298 2340 1575 2396 prehendere.

1411 2398 1480 2440 Ad
1498 2398 1686 2440 ultimum
1706 2426 1722 2451 ‚
1755 2398 1903 2445 babere
1927 2400 2067 2443 locum
2095 2402 2252 2447 etiam...

1300 2467 1415 2502 extra
1436 2457 1636 2505 ltaliam„

1355 2577 1576 2630 Exemplar«
1587 2578 1716 2617 Rome
1736 2574 1958 2635 impreffl'am
1983 2573 2025 2618 in
2039 2576 2156 2619 Arcb.
2167 2593 2254 2634 gen.

1413 2635 1680 2678 Ord.Amar.
1698 2637 1946 2679 Authentica
1963 2663 1976 2676 .
1998 2635 2112 2676 Plura
2125 2636 2169 2678 de
2182 2638 2255 2681 hac

1404 2707 1448 2736 re
1474 2702 1700 2735 coacervata
1725 2694 1837 2737 dabit
1854 2694 1973 2738 ludex
1988 2693 2106 2753 hujus
2129 2698 2224 2741 tomi
2241 2727 2253 2740 .

1407 2753 1540 2798 verb.
1555 2751 1667 2799 Miffa
1683 2781 1696 2794 .

1311 2905 1559 2970 TA.

284 3088 376 3177 D
391 3087 580 3147 Ubitaturn·
595 3098 735 3143 quoque
762 3086 826 3123 suit
839 3110 854 3130 ,
871 3096 915 3144 an
941 3096 1008 3122 nos
1023 3085 1195 3133 capucini
1220 3087 1262 3125 ad
1282 3088 1425 3126 dandam
1449 3089 1527 3125 Sac.
1538 3085 1824 3145 congregationi·
1839 3085 1882 3123 de
1905 3085 2093 3145 casualibus
2105 3088 2255 3126 Fratmm

403 3137 648 3174 mutationibus
667 3144 766 3182 Juxta
787 3134 1013 3182 prescriptum
1039 3134 1295 3192 suprafil.392.
1320 3135 1514 3185 exprefl'um
1535 3135 1648 3172 forent
1672 3135 1964 3184 obitr26n‚quem
1989 3146 2023 3172 in
2052 3135 2152 3174 finem
2177 3139 2255 3187 sup-

285 3186 409 3235 plicem
428 3187 582 3223 libellum
609 3193 834 3231 porrexerunt
858 3183 982 3220 tenoris
1004 3182 1198 3232 sequentiae

383 3233 593 3272 niustriffimi
617 3233 654 3269 δε
678 3229 959 3268 Reverendiffimi
984 3230 1130 3267 Domini
1153 3254 1164 3263 -
1190 3232 1330 3279 Religio
1356 3234 1423 3271 FF.
1447 3233 1711 3281 Capueinorum
1733 3235 1849 3272 humil.
1877 3236 2065 3272 oratorum
2093 3235 2254 3284 exponit,

288 3283 403 3331 quod,
426 3293 659 3331 quantumque
683 3279 841 3317 Familias
864 3279 1114 3316 conventuum
1138 3278 1188 3318 ita
1211 3281 1368 3330 disponat
1392 3306 1406 3323 ,
1430 3291 1469 3318 ut
1494 3283 1528 3319 in
1550 3284 1707 3330 quolibet
1735 3294 1895 3321 numerus
1920 3287 2071 3321 Fratrum
2101 3286 2144 3322 ad
2169 3296 2250 3332 por-

291 3331 391 3368 tanda
411 3332 662 3378 Conventuum
689 3340 794 3366 onera
817 3326 1037 3372 necessarius,
1061 3328 1097 3364 &
1122 3339 1169 3365 ex
1197 3330 1442 3380 eleemosynis,
1466 3343 1542 3379 quae
1565 3343 1679 3370 amore
1706 3333 1774 3369 Dei
1797 3333 2253 3376 congeruntur,sustenian-

291 3378 357 3417 dus
377 3381 566 3416 collocetur
581 3401 594 3422 ‚
618 3377 836 3414 nihilominus
860 3387 1036 3412 numerum
1060 3375 1251 3424 hujusmodi
1275 3380 1431 3427 quotidie
1457 3381 1595 3418 alterare
1619 3390 1748 3418 tenetur
1772 3405 1785 3426 ‚
1825 3390 1896 3416 tum
1919 3381 2049 3418 Fratres
2069 3381 2249 3430 infirmos,

293 3425 338 3462 ad
362 3428 627 3470 valetudinaria,
651 3425 953 3467 convalescentes,
975 3423 1095 3467 sena,
1118 3424 1154 3461 ἃ
1179 3427 1223 3462 ad
1247 3438 1352 3464 onera
1372 3427 1409 3464 ἃ
1427 3429 1537 3465 studia
1565 3430 1732 3467 inhabiles
1756 3429 1804 3466 ad
1818 3428 2013 3466 salubrioris
2036 3431 2121 3468 aeris
2147 3432 2220 3468 loca
2237 3460 2248 3476 ‚

298 3477 370 3509 'tum
395 3473 666 3512 Concionatores
689 3474 730 3511 ad
754 3473 888 3519 gustum
914 3472 1216 3510 communitatum
1238 3475 1272 3510 ἃ
1298 3476 1527 3512 Βοωίηοτυπι
1554 3479 1711 3514 locorum
1737 3501 1752 3522 ‚
1775 3476 1810 3513 in
1837 3477 1962 3524 quibus
1989 3479 2167 3525 pradicare
2191 3481 2249 3518 de-

293 3522 402 3564 bent,
417 3529 487 3558 tum
510 3523 597 3560 alios
621 3523 664 3560 ad
686 3522 794 3560 studia
809 3547 820 3565 ,
845 3522 947 3558 etiam
970 3518 1155 3568 aliquoties
1177 3534 1255 3558 cum
1281 3523 1420 3559 transitu
1445 3525 1601 3561 Fratrum
1624 3535 1682 3572 per
1707 3526 1791 3562 alias
1819 3524 2018 3563 Provincias
2038 3551 2051 3571 ,
2074 3539 2144 3564 tum
2164 3530 2250 3566 alior

294 3571 343 3606 ob
365 3567 599 3616 professionem
618 3595 631 3615 ,

655 3582 756 3618 quam
783 3570 925 3606 Novitii
949 3571 1132 3610 emittunt,
1155 3569 1191 3606 ἃ
1219 3582 1286 3618 qua
1309 3572 1428 3608 emissa
1451 3574 1494 3608 ad
1515 3573 1580 3609 alia
1605 3574 1680 3609 loca
1704 3584 1803 3610 extra
1831 3573 2052 3612 Novitiatum
2078 3577 2165 3612 mitti
2186 3579 2246 3614 de-

294 3618 408 3660 bent,
434 3625 505 3652 tum
525 3618 610 3655 alios
630 3620 677 3655 ob
699 3620 787 3655 alios
809 3618 903 3655 casus
927 3619 971 3655 ad
991 3619 1197 3654 Conventus
1222 3619 1434 3663 ablegando,
1457 3621 1479 3655 a
1506 3622 1631 3668 quibus
1657 3621 1794 3658 Fratres
1809 3644 1823 3664 ‚
1847 3621 1893 3658 ibi
1919 3625 2189 3669 'inexistentem
2211 3626 2246 3661 8<

291 3667 340 3702 ob
381 3675 482 3702 onera
516 3664 552 3700 ἃ
586 3666 671 3702 alias
695 3667 809 3704 causas
850 3665 1021 3704 neceffarii
1046 3690 1060 3709 ,

1104 3676 1164 3712 per
1197 3667 1325 3703 Fratres
1356 3668 1443 3704 alios
1483 3669 1518 3704 δε
1557 3668 1718 3706 ιᾱιιιξὶος
1743 3693 1757 3710 ,
1782 3671 1840 3706 vel
1866 3670 1915 3706 ob
1937 3671 2205 3720 impotentiam-0
2233 3699 2243 3712 ‚

293 3714 351 3750 vel
376 3712 460 3748 alias
480 3713 714 3758 occupationes
745 3715 890 3763 suppleri
921 3727 989 3751 non
1015 3714 1147 3762 poliunt
1164 3739 1172 3748 .
1194 3715 1267 3751 Ubi
1293 3726 1402 3752 tamen
1427 3715 1554 3764 semper
1585 3719 1731 3755 attendit
1754 3742 1769 3761 ,
1794 3729 1831 3754 ut
1856 3718 1886 3756 is
1908 3723 2128 3758 constituatur
2147 3721 2180 3754 in
2203 3722 2244 3755 iis

296 3771 458 3801 numerus
492 3759 645 3801 Fratrum
677 3784 691 3805 ,
715 3763 775 3809 qui
802 3775 848 3800 ex
869 3763 1071 3811 quotidiana
1102 3763 1312 3814 eleemosyna
1338 3763 1507 3804 sustentari
1531 3778 1633 3812 queat
1656 3790 1671 3812 ‚
1705 3767 1742 3805 ἃ
1766 3767 2008 3817 consequenter
2038 3794 2053 3815 ,
2082 3777 2244 3821 cum-nec

389 3804 548 3845 TomVI.

1503 3816 1606 3853 Ddd
1632 3827 1652 3853 a
2168 3823 2202 3849 m
