2444 4192
312 200 476 288 332

252 392 296 437 ni
310 392 487 449 ejusdem
500 422 515 444 ‚
552 393 612 433 vel
628 390 794 436 alterius
813 391 979 437 Ordinis
1002 394 1214 448 Regulari,

253 452 377 497 etiam
406 446 641 495 Conventus
654 477 669 499 ‚
700 450 740 493 &
770 449 998 497 Monasterii
1011 452 1211 503 Officiali,

254 508 343 553 ullo
368 524 542 566 unquam
573 519 760 563 tempore
774 507 844 552 sub
856 509 999 564 quovis
1013 522 1210 566 praetextu

252 569 386 614 aditus
399 580 533 626 pateat
549 595 565 621 ,
579 578 839 624 praeterquam
861 567 1055 623 Magistro
1068 595 1083 619 ,
1111 567 1213 626 ejus·

251 638 333 681 que
346 627 532 678 Socio,ac
545 628 666 672 etiam
686 623 1004 679 Monaflerii,aut
1018 631 1113 672 Con
1119 640 1211 670 ven·

250 682 317 730 tris
331 684 538 740 Superiori
552 712 567 734 ,
599 684 626 727 fi
640 683 966 742 quandocunque
977 686 1209 744 ingredien-

246 743 346 786 dum
360 745 426 786 fibi
435 737 657 788 necefl'ario
669 741 1056 800 existimaverit3quo
1071 754 1210 788 tamen

248 802 339 845 casu
368 801 540 855 aliquem
554 800 708 853 semper
722 815 772 847 ex
782 799 1210 853 seniorffiusconven-

247 858 332 914 tiis,
345 860 410 902 vel
423 856 650 905 Mouafle⁰rii
667 859 851 905 Patribus
868 860 1015 905 socium
1026 860 1206 907 effumat.

363 916 495 974 Hujus
508 916 592 964 loci
603 916 795 966 clausura
805 917 930 965 clavis
952 920 1059 975 apud
1075 921 1209 974 Magi-

244 975 366 1020 strum
387 975 544 1033 semper
561 975 779 1024 afferretur
793 1005 810 1028 ‚
839 976 982 1033 illique
996 975 1069 1021 soli
1086 976 1208 1023 liceat

243 1049 291 1082 ex
305 1035 420 1089 gravi
443 1035 600 1080 tantum
613 1035 727 1082 causa
742 1035 956 1093 ingreffum
978 1036 1078 1080 illue
1091 1035 1208 1081 alicui

249 1094 491 1150 permittere
514 1106 528 1141 t
570 1095 597 1140 fi
626 1095 715 1151 quis
743 1104 880 1142 autem
913 1094 1208 1139 Novitiorum..

243 1152 472 1209 quempiam
495 1150 649 1210 alloqui
679 1152 885 1202 voluerit,
904 1152 1096 1208 Magistro
1110 1165 1207 1213 prae·

243 1214 350 1258 sente
363 1240 379 1264 ‚
391 1213 432 1254 δι
445 1225 528 1254 non
541 1211 661 1261 aliter
674 1212 904 1268 alloquatur
918 1239 930 1254 .

359 1270 626 1316 Novitiorum
661 1270 842 1328 Magistri
875 1269 1008 1316 socius
1032 1298 1048 1325 ‚
1079 1268 1104 1315 fi
1133 1281 1207 1325 per

248 1329 517 1373 Novitiorum
550 1329 873 1376 instruendorum
903 1329 1205 1372 multitudinem

246 1387 487 1433 neceffarins
503 1383 624 1437 suerit
637 1416 654 1440 ‚
678 1388 761 1430 vita
786 1389 827 1431 δε
845 1385 1024 1431 moribus
1037 1384 1203 1443 (quoad

244 1443 331 1490 fieri
350 1444 505 1501 poterit
519 1444 767 1503 )coufimilis
780 1445 1024 1501 deputetur,
1049 1446 1115 1500 qui
1132 1445 1204 1490 in„

245 1505 309 1545 hia
324 1530 339 1554 ‚
368 1516 453 1558 quae
468 1504 520 1547 ad
551 1501 789 1549 Novitiatiis
802 1503 978 1558 regimen
998 1501 1175 1557 spectant
1188 1527 1206 1551 ,

245 1561 358 1603 dieto
369 1561 564 1615 Magistro
578 1561 810 1607 immediate
833 1559 1026 1615 subjectus
1037 1556 1177 1600 existat
1190 1580 1206 1603 ,

246 1619 527 1673 eliganturquc
548 1627 633 1661 tam
664 1616 854 1672 Magister
872 1643 889 1666 ,
921 1613 1041 1673 quim
1073 1611 1206 1659 socius

244 1689 315 1733 per
359 1674 616 1718 Provinciale
659 1670 894 1729 Capitulum
923 1699 940 1723 ‚
970 1685 1042 1728 per
1084 1672 1212 1715 trien·

245 1734 355 1775 nium
386 1731 438 1778 ad
451 1732 585 1779 minus
613 1744 717 1778 onus
744 1729 972 1787 hujusmodi
1003 1729 1203 1776 subituri.

245 1789 370 1848 Quod
388 1818 402 1840 ,
428 1790 455 1833 fi
467 1787 604 1847 aliquo
616 1791 704 1834 casu
719 1799 834 1834 extra
868 1799 1031 1846 tempus
1049 1790 1207 1846 capitu·

244 1852 331 1893 lare
346 1862 451 1895 nova
472 1849 566 1893 loca
597 1845 833 1892 Novitiatfis
859 1848 1031 1893 concedi
1044 1849 1206 1892 contin·

244 1915 313 1964 gat
327 1931 343 1956 ‚
358 1914 457 1951 tnnc
468 1905 705 1950 electionem
730 1905 908 1961 Magistri
930 1907 1212 1956 Novitiorum,

244 1969 286 2009 ἅ
299 1963 396 2007 lbcii
413 1962 639 2021 hujusmodi
657 1965 695 2007 in
710 1965 768 2008 his
789 1964 904 2008 novis
918 1963 1020 2010 locis
1041 1978 1111 2019 per
1124 1966 1210 2007 Ge·

244 2020 450 2071 nei-alem,
465 2021 529 2064 vel
546 2021 869 2068 provincialem,
883 2021 948 2066 seu
965 2022 1213 2071 Ministrum,

242 2093 309 2126 aut
323 2093 463 2122 corum
482 2079 719 2123 Vifitatores
737 2106 753 2128 ,
780 2077 845 2118 seu
864 2078 1048 2123 vicarios
1062 2103 1076 2127 2
1100 2078 1208 2125 ἀς..)

243 2136 518 2183 Diffinitorum
532 2146 664 2180 tamen
681 2163 697 2187 ,
712 2134 774 2182 vel
789 2135 1026 2193 graviorum
1039 2136 1210 2181 aliorum

243 2198 411 2246 Patrum
439 2192 628 2240 consensu
656 2192 742 2238 fieri
760 2193 1047 2251 permittatur:
1079 2194 1208 2239 idem·

248 2268 327 2312 que
344 2255 527 2299 servetur
539 2280 556 2301 ‚
569 2255 595 2296 st
613 2254 716 2299 intra
732 2253 949 2297 triennium
964 2282 979 2305 ,
1007 2255 1179 2297 alterum
1193 2280 1208 2303 ‚

243 2313 307 2357 rel
323 2322 538 2368 utrumque
553 2312 713 2372 urgenti
744 2311 878 2367 aliqua
900 2310 952 2354 dc
964 2310 1077 2356 causa
1092 2325 1140 2356 ex
1157 2312 1206 2355 il·

241 2370 289 2419 lia
308 2372 410 2416 locis
423 2371 632 2420 amoveri,
650 2371 713 2414 vel
738 2370 842 2415 mori
855 2371 1074 2427 contigerit
1087 2396 1104 2422 2
1133 2370 1206 2413 in..

245 2430 388 2536 fugm’
419 2428 689 2532 vcgeggprpm
719 2429 855 2477 locum
884 2428 954 2475 alii
983 2427 1208 2476 consimiles

264 2506 288 2533 u
320 2503 367 2535 ro
398 2503 453 2533 art
593 2501 616 2529 n
652 2514 665 2533 0

364 2502 467 2594 ‘gam
482 2547 747 2593 Novitiorum
765 2545 953 2609 Magister
970 2575 986 2602 ,
1014 2546 1131 2605 quim
1146 2544 1208 2592 so·

246 2607 335 2653 eiut
345 2606 396 2649 ab
412 2605 459 2647 iit
473 2605 659 2651 omnibus
682 2604 827 2653 officiis
842 2632 858 2658 ,
887 2605 1209 2665 oneribusque„

247 2663 502 2710 vacationem
519 2664 687 2711 babeant
703 2693 719 2716 ,
749 2677 836 2723 qun
857 2665 1125 2711 Novitiorum
1137 2677 1210 2710 cu·

250 2736 336 2771 ram
349 2722 389 2765 ἅ
402 2723 585 2779 regimen
607 2722 805 2778 impedire
820 2724 978 2770 valeant
992 2751 1004 2765 .
1023 2723 1110 2781 lpse
1127 2725 1210 2769 Ma·

253 2782 373 2842 giller
394 2779 631 2827 sacerdotali
649 2781 808 2829 Ordine
821 2783 868 2827 lit
882 2782 1062 2827 initiatus
1073 2809 1088 2834 ,
1110 2796 1156 2826 ac
1169 2781 1208 2826 in

253 2841 399 2899 quinto
424 2837 563 2885 saltem
584 2838 696 2897 supra
721 2839 969 2899 trigefimum
994 2843 1118 2887 aetatia
1139 2838 1211 2889 sun

253 2911 362 2943 anno
375 2897 640 2952 constitutus,
655 2898 692 2943 δι
705 2912 780 2967 per
791 2900 1036 2949 decennium
1063 2901 1085 2945 a
1113 2910 1211 2958 pro·

259 2955 418 3004 fcll'ione
429 2954 561 3002 emilia
586 2956 626 3001 in
639 2955 836 3017 religione
865 2959 1077 3018 perstiterit
1092 2971 1116 3009 t·
1134 2958 1212 3003 So-

253 3018 338 3062 ciut
353 3016 450 3059 vcro
460 3014 705 3073 trigelimum
726 3029 876 3064 annum
892 3019 1093 3072 excedat,
1116 3017 1212 3063 lint-

254 3088 332 3132 que
346 3073 469 3118 ambo
479 3073 689 3126 doarium
702 3076 744 3122 δι
757 3087 979 3135 ,quantum
996 3089 1067 3135 per
1088 3081 1214 3133 Supe-

256 3136 407 3182 riorum
418 3132 672 3193 diligentiam
687 3161 703 3186 ‚
730 3136 771 3180 δι
786 3136 890 3183 viret
913 3135 1000 3180 fieri
1029 3136 1207 3195 poterit,

256 3196 343 3236 vit:
368 3192 491 3236 etiam
518 3196 705 3239 anteaeioe
736 3194 926 3252 exemplo
952 3195 1205 3252 prestantes,

257 3251 452 3296 orationi·
573 3264 665 3297 crea
693 3253 731 3297 δι
760 3253 1208 3312 mortificatioisoperi·

258 3312 327 3355 bur
340 3310 475 3355 addici
501 3337 517 3363 ‚
531 3310 743 3368 prudentia
760 3340 775 3365 ,
788 3313 1067 3372 charitateque
1085 3312 1210 3359 reser-

257 3371 318 3421 ti,
334 3383 412 3411 non
439 3369 518 3415 fine
532 3368 766 3415 affabilitate
791 3371 1109 3430 gravandum
1134 3374 1210 3418 Dei

256 3442 345 3472 cum
361 3428 663 3474 mansuetudine
686 3429 979 3487 preset'erentea
997 3460 1011 3485 ,
1038 3433 1089 3477 ab
1100 3433 1210 3478 orntii

260 3488 395 3531 cordis
409 3514 424 3539 ‚
448 3501 494 3531 ac
515 3488 637 3533 animi
668 3489 976 3557 perturbatione
992 3518 1008 3545 ‚
1038 3491 1095 3535 ira
1109 3505 1208 3548 proe·

257 3540 390 3610 sertim
405 3546 783 3604 ,Giindignattonn
806 3549 943 3608 quain
957 3546 1022 3603 sc,
1050 3551 1089 3594 δι
1114 3563 1208 3606 erga

256 3601 359 3646 alnoo
388 3604 629 3650 charitatem
660 3607 858 3664 impedire
888 3609 1211 3661 consueverunt,

255 3673 376 3718 quam
401 3660 620 3727 longilfime
650 3666 798 3722 alienu
825 3670 867 3714 ec
892 3666 995 3712 tale·
1018 3669 1211 3722 demum,

252 3720 320 3777 qm
346 3721 387 3763 in
418 3721 603 3764 omnibu·
631 3723 774 3780 seipso·
797 3729 995 3773 bonorum
1010 3742 1210 3785 operum„

256 3777 483 3843 exemplum
493 3778 694 3838 prebeant
710 3808 725 3835 ,
744 3796 789 3828 ut
801 3786 827 3828 ii
840 3812 857 3841 ,
869 3786 938 3843 qui
950 3800 1093 3831 eorum
1106 3800 1208 3833 eura

771 169 926 262 Sub
996 169 1370 266 Clemente
1437 176 1703 269 VIII.

367 333 433 379 Ad
444 330 659 389 hujusmodi
674 331 812 374 locum
832 330 1064 379 Novitiatt'is
1085 334 1219 379 nemi-

1277 334 1462 389 subsunt,
1478 336 1568 381 illos
1591 344 1770 379 nontam
1793 338 2001 382 metuant,
2027 331 2145 388 quam
2159 342 2226 375 re·

1276 408 1490 441 vereantur
1506 422 1519 445 ³
1530 409 1603 439 nec
1614 395 1696 439 illis
1710 405 1882 452 unquam
1894 392 2108 438 detrahere
2122 389 2230 447 quic·

1271 470 1389 513 quam
1406 453 1548 508 poffint
1563 481 1575 495 .

1384 515 1541 560 Habeat
1572 511 1692 555 etiam
1711 506 1900 563 Magister
1927 506 2084 562 plenam
2098 509 2139 550 Bt
2155 508 2224 548 ab·

1270 571 1440 617 solutam
1460 572 1691 630 potestatem
1716 569 1823 611 circa
1839 566 2098 609 Novitiorum
2116 565 2226 610 insti-

1270 633 1471 674 tutionem
1482 659 1496 681 ,
1520 645 1567 674 ac
1583 624 1817 671 Novitiatfis
1833 623 2008 679 regimen
2021 652 2039 674 ,
2051 624 2106 666 ita
2125 633 2170 665 ut
2188 624 2226 666 in

1267 690 1348 734 illis
1363 689 1543 746 nemini(
1560 685 1846 730 Vilitatoribus
1859 709 1875 734 ,
1886 694 1932 723 ac
1947 682 2227 737 Superioribus

1268 746 1484 803 majoribus
1505 776 1520 798 ,
1546 745 1609 787 vel
1642 745 1763 786 etiam
1795 737 1984 787 localibus
2014 740 2227 801 exceptis)

1270 807 1412 862 quovis
1428 804 1569 848 colore
1590 804 1626 846 se
1640 802 1821 858 ingerere
1834 799 1980 842 liceat.

1384 866 1538 906 Curam
1555 861 1744 903 adhibeat
1758 858 1994 912 diligentem
2009 864 2084 907 ,ut
2099 857 2226 914 Novi·-

1268 923 1314 966 tii
1331 935 1469 965 omnes
1481 914 1520 964 in
1536 919 1712 975 regulari
1728 916 1934 972 disciplina
1947 913 2088 959 sedule>
2108 929 2228 961 exet·-

1268 990 1437 1023 ceantur
1461 1008 1476 1030 ‚
1505 978 1800 1034 agnoscantque
1831 974 2025 1040 praecipue
2054 974 2199 1018 divinae
2211 1002 2226 1026 ‚

1269 1053 1346 1094 qua
1377 1037 1489 1092 digni
1521 1035 1612 1081 faeti
1642 1036 1731 1079 sunt
1744 1062 1759 1086 ,
1791 1033 2020 1080 vocationis
2050 1032 2228 1087 praestan-

1269 1098 1395 1147 tiam,
1419 1098 1460 1142 δι
1475 1091 1760 1139 excellentiam
1775 1122 1790 1146 ‚
1815 1105 1900 1151 qua:
1928 1102 2024 1134 vera
2048 1090 2090 1133 fit
2109 1099 2229 1147 atque

1267 1153 1445 1212 perfecta
1458 1164 1653 1197 votorum
1665 1153 1905 1196 solemnium
1917 1177 1932 1200 ‚
1962 1151 2003 1195 δι
2025 1148 2142 1206 quam
2159 1163 2230 1195 ne-

1266 1211 1428 1261 ceffaria
1450 1212 1634 1269 cujustque
1672 1211 1837 1258 Ordinis
1882 1208 2228 1255 constitutionum

1264 1270 1513 1319 observantia
1530 1298 1546 1321 ‚
1571 1270 1741 1314 modum
1755 1270 1795 1312 in
1810 1269 2022 1317 oratione,
2049 1277 2139 1310 tum
2154 1281 2228 1311 vo·

1262 1330 1344 1375 cali
1359 1359 1373 1382 ,
1389 1338 1476 1372 tum
1490 1328 1659 1375 mentali
1689 1326 1890 1373 fructuose
1915 1324 2230 1381 perfistendi,il·

1264 1389 1396 1437 licitas
1413 1386 1603 1443 pastiones
1616 1416 1632 1438 ‚
1656 1388 1697 1428 δι
1724 1387 1826 1430 vitia
1841 1412 1855 1435 2
1877 1384 1927 1430 ad
1954 1397 2037 1444 quae
2053 1394 2227 1429 natura-a

1264 1461 1334 1505 per
1366 1456 1573 1501 peccatum
1602 1443 1835 1490 labesaetata
1860 1444 1973 1487 omni
2004 1454 2229 1498 temporea

1264 1516 1391 1558 prona
1404 1502 1476 1552 est,
1489 1511 1612 1556 atque
1626 1501 1817 1554 proclivis
1833 1525 1847 1548 ‚
1862 1513 1934 1556 per
1950 1498 2130 1545 sensuum
2155 1512 2228 1544 cu-

1263 1559 1432 1604 stodiam
1448 1586 1463 1609 ,
1477 1559 1517 1602 δι
1529 1555 1884 1603 mortificationem
1899 1555 2118 1599 cohibendi
2135 1581 2150 1604 2
2161 1569 2231 1602 au.

1270 1616 1493 1660 steritatem
1509 1643 1524 1667 ,
1553 1614 1731 1673 jejunia,
1762 1615 1895 1660 cilicia
1916 1641 1932 1666 ‚
1962 1614 2189 1669 disciplinas
2210 1640 2226 1668 ⁵

1268 1675 1524 1721 conscientie
1543 1675 1759 1730 puritatem
1774 1703 1790 1726 ‚
1818 1674 2003 1722 crebram
2033 1673 2142 1720 illius
2155 1672 2231 1717 dis·

1267 1732 1483 1781 cuffionem
1507 1757 1524 1782 ‚
1548 1737 1902 1777 sacramentorum
1934 1731 2229 1788 frequentiam,

1267 1789 1518 1837 eonfeflionis
1547 1789 1787 1846 prasertim,
1818 1803 1903 1847 quae
1927 1789 1989 1834 bis
2002 1790 2140 1837 (altem
2158 1790 2231 1835 lin.

1270 1850 1377 1908 gulis
1390 1849 1590 1895 menlibus
1605 1848 1674 1893 fiat
1685 1878 1700 1901 ‚
1723 1863 1796 1906 per
1818 1848 2080 1905 aperitionem
2095 1849 2229 1904 quoti·

1270 1911 1428 1954 dianam
1451 1918 1630 1950 motuum
1643 1909 1902 1951 internorum
1918 1908 2070 1955 cordis,
2085 1908 2228 1953 &ten-

1270 1967 1468 2011 tationum
1490 1964 1874 2013 manifestationem,
1904 1977 1974 2019 per
1987 1965 2228 2014 exercitium

1270 2023 1508 2067 humilitatis
1523 2022 1629 2065 circa
1648 2022 1791 2064 viliora
1809 2023 2036 2076 ministeria,
2053 2037 2126 2081 per
2139 2037 2230 2069 mo-

1269 2082 1434 2125 destiam
1447 2081 1489 2122 in
1502 2082 1688 2128 omnibus
1708 2081 1931 2127 actionibus
1945 2109 1961 2138 ‚
1978 2083 2240 2132 diuturnum».

1268 2155 1345 2200 que
1362 2139 1603 2187 silentium,

1383 2198 1575 2257 Qilibet
1592 2198 1782 2243 Novitius
1798 2198 1858 2243 bis
1871 2200 2056 2258 quotidie
2070 2199 2226 2244 oratio·

1265 2257 1308 2313 ni
1325 2256 1507 2309 mentali,
1519 2258 1559 2300 δι
1572 2258 1698 2300 vocali
1718 2258 1922 2303 incumbat
1936 2287 1949 2311 ,
1964 2258 2227 2316 unusquisque

1267 2315 1486 2361 secundum
1518 2318 1716 2373 propriam
1745 2331 1791 2362 ca
1822 2319 2038 2373 achatem,
2062 2316 2230 2362 &ordi-

1268 2390 1360 2420 nem
1375 2376 1444 2422 fibi
1458 2378 1480 2420 a
1498 2376 1686 2431 Magistro
1701 2389 1780 2432 ρει
1796 2377 1992 2433 criptum,
2011 2391 2059 2421 ac
2073 2375 2227 2435 pluries

1267 2436 1308 2479 in
1332 2434 1399 2477 die
1418 2435 1621 2492 propriam
1650 2434 1933 2481 conscientiam
1959 2434 2225 2492 unusquistmc

1266 2494 1493 2537 examinare
1517 2493 1763 2537 contendat.
1795 2494 1870 2550 lpst
1889 2504 2022 2540 autem
2036 2493 2231 2552 Magistro

1266 2549 1342 2598 soli
1361 2550 1624 2609 Novitiorum
1651 2551 1914 2597 confeffiones
1926 2553 2116 2599 audiendi
2132 2565 2230 2597 cura

1265 2609 1710 2657 committatur.l..iceat
1725 2620 1859 2653 tamen
1875 2611 2230 2668 Superiori‚etiam

1267 2668 1419 2719 locali,
1445 2667 1471 2712 li
1489 2668 1543 2711 ita
1568 2667 2040 2726 expedirejudicaverit‚
2069 2668 2134 2715 vel
2157 2682 2229 2725 per

1266 2726 1450 2786 seipsum,
1461 2725 1524 2770 vel
1548 2740 1620 2783 per
1634 2726 1760 2771 aliurn
1783 2728 1832 2770 ab
1845 2741 1897 2772 eo
1921 2726 2197 2785 deputandum
2212 2752 2228 2781 ,

1270 2785 1389 2831 semel
1405 2814 1420 2839 ,
1432 2794 1499 2827 aut
1522 2785 1583 2829 bit
1606 2786 1647 2829 in
1660 2798 1767 2830 anno
1781 2787 2018 2832 eorumdem
2032 2786 2230 2831 novitio·

1271 2859 1360 2891 rum
1387 2840 1655 2890 consesssonet
1686 2842 1850 2899 audire·

1386 2903 1587 2960 Quotidie
1601 2900 1720 2948 Milic
1751 2902 1947 2950 sacrificio
1961 2902 2145 2949 interlint
2162 2931 2176 2956 ,
2191 2902 2231 2949 δι

1271 2962 1427 3009 statutis
1449 2962 1559 3006 horis
1586 2962 1624 3005 in
1652 2961 1825 3016 Choro,
1847 2963 2080 3020 nocturnis,
2113 2961 2229 3009 diur-

1272 3020 1563 3080 nisquedivinia
1576 3018 1730 3067 Officiis
1742 3019 1911 3066 affillant
1924 3046 1939 3067 0

1402 3079 1773 3128 Exercitationibua
1799 3080 1924 3125 etiam
1950 3077 2227 3139 corporalibus

1270 3148 1417 3185 vacent
1432 3168 1446 3192 ,
1460 3139 1596 3197 legant
1611 3169 1626 3192 ,
1643 3137 1707 3183 vel
1723 3134 1897 3185 scribant
1909 3153 1970 3185 rea
1986 3136 2227 3197 spiritualer,

1271 3198 1489 3244 modestam
1501 3198 1623 3243 animi
1640 3198 1930 3243 recreationem
1943 3199 2221 3255 interponant,

1267 3272 1352 3315 quoe
1377 3259 1416 3301 in
1445 3256 1624 3303 solitario
1655 3257 1748 3303 loco
1762 3285 1777 3312 ,
1797 3256 2067 3303 &commodo
2079 3263 2226 3302 extra.»

1270 3315 1527 3364 Novitiatum
1546 3314 1662 3361 semel
1680 3317 1718 3360 in
1733 3313 1986 3365 hebdomada
1997 3340 2013 3366 ‚
2034 3312 2096 3359 vel
2113 3314 2152 3356 in
2167 3313 2226 3357 al·

1271 3377 1397 3422 ternis
1413 3375 1550 3422 saltem
1566 3374 1888 3422 hebdomadibua
1900 3371 2060 3430 longior
2086 3372 2226 3418 statua·

1272 3448 1336 3481 tur
1348 3461 1364 3486 2
1377 3432 1527 3493 fiatque
1543 3431 1699 3493 semper
1715 3430 1905 3493 Magistro
1919 3430 2104 3488 ptest-nte
2119 3460 2134 3484 ,
2165 3429 2225 3474 vel

1268 3494 1403 3548 socio,
1431 3496 1500 3555 qui
1528 3494 1700 3538 multum
1729 3488 1939 3547 invigilent
1957 3518 1971 3543 ,
1998 3505 2049 3536 ne
2073 3491 2159 3536 duo
2173 3490 2222 3534 ab

1268 3554 1354 3598 aliia
1366 3562 1669 3601 commorentur
1689 3547 1875 3606 «injuncti
1890 3577 1906 3600 ‚
1917 3559 2034 3605 atque
2050 3563 2100 3594 eo
2115 3560 2219 3594 tem·

1272 3611 1631 3672 pore‚eujusque.
1657 3608 1697 3652 in
1722 3621 1844 3667 quam
1869 3618 2014 3654 natura
2031 3608 2186 3654 feratur
2203 3633 2220 3663 2

1270 3671 1573 3732 propensionem
1588 3666 1821 3714 scrutentur
1832 3695 1847 3713 .

1387 3732 1481 3774 Non
1512 3727 1631 3771 liceat
1650 3727 1736 3779 eit,
1760 3728 1934 3772 durante
1962 3723 2221 3775 Novitiatila,

1268 3790 1308 3834 δι
1328 3785 1576 3846 probationis
1599 3796 1782 3846 tempore
1803 3814 1818 3839 ,
1850 3786 1928 3833 uni
1951 3801 2046 3834 eum
2065 3782 2221 3888 Pfoses·

2103 3857 2135 3886 Ι.
2151 3870 2166 3897 2
