2444 4192
401 195 573 279 394

442 329 602 373 octavo
614 357 628 379 ,
654 340 703 367 an
719 326 794 365 hoc
809 321 1025 365 decretum
1055 320 1202 365 habeat
1230 322 1296 365 lo-

328 391 475 433 cumin
489 386 688 431 beneficiis
701 411 716 434 ,
741 395 826 437 quae
850 379 1112 424 conferuntur
1140 383 1180 424 in
1195 383 1294 424 titu-

326 448 413 490 lnm
426 479 442 502 ,
456 448 554 491 idest
569 473 582 494 2
598 459 646 486 an
664 442 814 485 Rec‘tor
828 438 1019 483 Beneficii
1034 466 1049 489 ,
1081 440 1150 497 qui
1165 441 1296 496 potest

326 521 403 563 per
418 509 539 552 :ilium
550 502 753 547 celebrare
765 526 782 549 ,
795 509 982 542 teneatur
997 499 1212 544 Sacerdoti
1224 515 1294 543 ce-

324 567 501 609 lebranti
513 565 608 606 dare
626 558 861 616 stipendium
889 557 941 600 ad
969 559 1171 603 rationem
1196 560 1293 602 red-

328 624 486 668 dituum
502 619 718 665 Beneficii?

441 685 561 728 Νοιιὸ
575 710 591 733 ,
600 693 648 721 an
665 675 908 722 Sacerdotes
919 705 937 728 ,
950 677 1091 734 quibus
1106 676 1187 734 aliq
1194 690 1292 719 uan-

322 742 383 784 do
394 744 558 786 offertur
571 735 825 792 eleemosyna
838 733 964 783 maior
987 734 1103 779 solita
1129 749 1205 793 pro
1220 750 1289 778 ce-

324 802 550 843 lebratione
565 795 682 840 Miffae
696 824 712 848 ,
735 795 911 838 debeant
938 795 1037 838 date
1058 796 1284 838 eamdem)

322 861 521 914 integram
545 854 837 910 eleemosynam
862 854 911 897 iis
933 883 949 906 ,
977 854 1120 911 quibus
1148 849 1280 896 Missas

318 918 583 960 celebrandas
594 916 852 958 committunt
867 926 881 956 ε
895 914 960 954 An
978 915 1075 958 vero
1101 913 1196 954 satis
1220 910 1284 962 fit,

318 988 362 1018 nt
379 976 476 1019 dent
490 974 794 1018 celebrantibus
805 970 1102 1027 eleemosynam
1115 969 1293 1015 consue·¹

322 1044 405 1077 tam
417 1037 433 1078 Ξ
672 1047 675 1050 ·

436 1094 636 1141 Decimo,
658 1092 779 1149 super
807 1091 954 1148 quinto
980 1088 1158 1146 ejusdem
1174 1090 1286 1132 Con-

315 1154 561 1209 gregationis
573 1153 745 1196 decreto
761 1179 777 1203 ,
804 1165 889 1207 quo
917 1149 1022 1191 inter
1043 1158 1189 1191 caetera
1208 1145 1285 1188 sta·

317 1214 446 1256 tuitur
470 1213 509 1254 in
526 1213 605 1255 haec
619 1212 741 1255 verba
762 1205 1072 1263 (eleemosynas
1089 1207 1189 1250 vero
1202 1219 1285 1248 ma·

310 1273 452 1316 riuales
465 1298 482 1322 ,
503 1273 542 1313 δι
556 1269 813 1327 quotidianas
834 1282 908 1325 pro
923 1265 1047 1310 Miffis
1072 1266 1282 1310 celebran-

312 1331 410 1387 dis)
437 1336 492 1372 ita
518 1329 682 1372 demum
700 1329 824 1371 iidem
850 1326 1036 1380 accipere
1049 1325 1192 1380 poffint
1207 1351 1223 1375 ,
1253 1323 1282 1364 st

311 1390 500 1434 oneribus
517 1398 637 1430 antea
651 1385 843 1442 impolitis
858 1385 917 1427 ita
929 1381 1191 1427 satisfecerint
1204 1409 1219 1433 ,
1233 1390 1282 1423 ut

310 1461 421 1491 nova
432 1460 597 1503 quoque
607 1458 732 1488 onera
747 1443 862 1487 obire
876 1442 1039 1485 valeant
1055 1453 1071 1494 3
1088 1440 1279 1496 Alioquin

308 1506 480 1549 omnino
489 1504 711 1547 abstineant
734 1504 787 1545 ab
799 1500 1028 1558 hujusmodi
1055 1497 1279 1550 eleemosy-

308 1563 680 1617 nis‚etiamsponte
692 1561 840 1601 oblatis
854 1585 870 1607 ,
894 1557 935 1598 in
957 1556 1141 1597 futurum
1166 1557 1278 1596 reci·

309 1621 469 1680 piendis
481 1648 497 1669 ,
509 1620 552 1659 δι
570 1616 746 1673 capsula‘s
759 1613 943 1657 auferant
961 1641 977 1664 ,
986 1613 1049 1654 &c
1058 1640 1072 1653 .

421 1676 634 1734 Quaritur
646 1704 663 1728 ‚
687 1687 738 1715 an
773 1674 852 1716 hoc
883 1670 1102 1715 decretum
1131 1669 1278 1727 prohi-

304 1740 395 1783 beat
416 1724 601 1778 abffilute
625 1762 641 1786 ‚
674 1733 888 1789 quominus
916 1730 1118 1786 accipiant
1141 1742 1275 1772 novas

304 1792 646 1847 eleemosynam,
676 1792 743 1850 qui
770 1790 945 1847 acceptis
961 1803 1043 1833 non
1067 1786 1272 1831 satisfece-

304 1867 431 1901 runt=
460 1853 501 1895 δι
527 1850 694 1907 quid‚fi
718 1862 896 1905 congruo
910 1859 1095 1905 tempore
1123 1846 1271 1905 poffiut

309 1913 499 1959 omnibus
516 1906 740 1953 satisfacere
754 1910 770 1951 2

422 1970 653 2015 Undecimo
671 1966 796 2021 ‚quid
810 1992 826 2015 ‚
849 1967 877 2006 ft
889 1964 1062 2008 offerens
1080 1964 1266 2008 eleemo-

302 2033 416 2087 synas
427 2055 441 2077 ,
457 2028 598 2069 audito
610 2024 909 2079 impedimento
920 2050 936 2074 ‚
954 2022 1175 2065 consentiat
1193 2052 1208 2074 ,
1223 2034 1267 2066 ut

299 2086 501 2133 sacerdos
515 2080 670 2129 Missam
682 2080 889 2134 celebret,
902 2094 995 2124 cum
1008 2081 1183 2138 primum
1197 2096 1270 2139 po-

302 2151 399 2193 terit
413 2150 429 2191 ἓ

425 2201 683 2250 Duodecimn
697 2228 713 2254 ,
735 2214 785 2245 an
810 2213 932 2257 poena
959 2198 1193 2253 intes-dini,
1225 2202 1266 2245 &

300 2267 387 2311 alia:
413 2262 599 2323 appolitae
633 2261 675 2305 in
703 2259 850 2304 eodem
869 2257 1042 2302 decreto
1085 2257 1263 2304 afficiant

296 2340 381 2371 tam
404 2338 472 2369 eoa
487 2322 583 2377 ‚qui
598 2319 805 2375 accipiunt
823 2317 1095 2373 eleemosynas
1120 2328 1263 2363 contra

297 2385 471 2429 formam
487 2380 540 2425 ibt
554 2378 819 2437 prescriptam
831 2405 847 2430 ‚
858 2379 978 2433 quam
995 2390 1083 2431 eor,
1096 2378 1165 2433 qui
1178 2391 1259 2422 non

297 2442 484 2489 auferunt
499 2437 679 2494 capsulas
691 2440 742 2481 ab
763 2435 953 2480 Ecclesiis
966 2462 982 2485 ,
1011 2445 1058 2481 ut
1073 2436 1263 2483 ibidem-a

297 2503 525 2561 precipitur
539 2502 555 2541 Ξ

418 2557 588 2602 Decimo
617 2554 745 2600 tertib
773 2584 791 2610 ,
816 2569 867 2600 an
899 2553 938 2598 in
971 2553 1049 2598 hoc
1089 2554 1260 2599 decreto

296 2613 795 2721 3230'55322‘2‘1212293.
808 2612 1260 2716 3ῗέῗέξίηὲἓὲἒῖ

297 2737 359 2779 nis
370 2734 560 2778 Ocnnium
575 2732 809 2774 sanctorum
824 2757 840 2782 ,
867 2730 907 2773 α
922 2728 1048 2787 vulgo
1061 2729 1256 2775 dicuntur

297 2795 316 2852 (
333 2793 430 2853 affl
441 2791 500 2835 Ae·
516 2792 643 2834 uem
658 2790 677 2846 )
690 2790 705 2830 ι

414 2849 587 2895 Decimo
600 2848 748 2904 quarto
769 2872 786 2896 ‚
813 2860 865 2889 an
893 2846 1250 2892 Administratores

296 2908 483 2955 Ecclesia
512 2920 661 2962 magne
699 2904 929 2947 devotionis
957 2907 998 2949 de
1026 2905 1246 2951 concurso·

295 2969 436 3027 possint
461 2964 733 3019 eleemosynas
752 2975 824 3019 pro
850 2963 971 3008 Minis
995 2964 1245 3010 celebrandis

291 3030 475 3085 accipere
493 3053 508 3078 ‚
534 3024 559 3068 fi
575 3023 714 3068 iisdem
730 3020 852 3066 Minis
875 3024 1027 3068 nunniti
1046 3024 1132 3083 post
1153 3026 1247 3069 lon-

290 3102 384 3147 gum
416 3097 571 3142 tempus
597 3079 821 3127 satisfacere
853 3081 1040 3136 valeant,
1070 3099 1120 3129 ne
1147 3084 1245 3129 aliis

291 3148 425 3192 cultus
444 3141 653 3194 Ecclesia,
680 3142 723 3184 dt
737 3139 938 3197 devotio,
966 3157 1013 3187 ac
1035 3139 1253 3189 concursus

295 3206 472 3250 fidelium
484 3228 499 3253 ‚
514 3200 716 3257 uniunt,
736 3199 993 3247 minuantur?

403 3262 573 3307 Decimo
587 3258 732 3318 quinto
744 3288 760 3313 ‚
785 3258 879 3316 quia
907 3260 1130 3319 prohibitio
1155 3262 1253 3307 dini

292 3323 452 3369 Decreti
469 3321 630 3366 videtur
641 3317 841 3387 aliquibus
857 3318 1010 3364 directa
1027 3319 1254 3379 solisCapi-

290 3377 1254 3437 tuli⁸,Collegiit‚Soc=etatlbut‚Congregationi·

292 3446 534 3488 bunnecnon
547 3436 793 3489 omnibuastt
807 3435 1250 3492 fingulitEccleiiarum

289 3502 331 3545 ει
353 3512 506 3553 paurum
522 3499 732 3549 locorum,
758 3507 842 3540 tam
856 3496 1117 3548 secularium,
1126 3501 1247 3554 quam

292 3558 553 3613 Regularium
568 3555 844 3614 superioribus
857 3585 874 3611 ,
890 3556 943 3599 de
963 3557 1104 3615 quibua
1119 3555 1161 3601 fit
1174 3570 1249 3601 ex-

290 3614 415 3677 prelia
430 3618 580 3681 nientlo
590 3642 605 3667 ‚
619 3629 699 3659 non
714 3627 850 3661 autem
874 3617 1036 3671 privatis
1050 3618 1246 3664 Sacerdo-

289 3679 400 3723 tibur
415 3703 430 3724 ‚
441 3686 508 3729 qut
527 3684 657 3717 tamen
671 3676 956 3730 comprehendi
972 3676 1161 3721 videntur
1173 3677 1244 3722 fub

288 3732 463 3781 clausula
476 3732 680 3787 generali(
695 3735 734 3776 et
750 3735 858 3788 aliis,
869 3735 920 3778 ad
934 3749 1032 3792 quoa
1047 3735 1247 3798 pertinet)

288 3793 531 3853 supplicatur
544 3803 620 3848 pro
642 3803 865 3849 opportuna
879 3794 1188 3839 declaratione?

931 165 1097 254 *Sub
1161 164 1476 253 ‘Urbano
1544 163 1679 258 VI
1691 169 1735 255 I
1749 172 1801 258 I.

1469 326 1640 372 Decimo
1653 327 1765 373 sexto
1778 358 1793 381 ,
1826 329 1940 385 super
1953 331 2124 387 septimo
2138 329 2317 389 ejusdem

1353 385 1485 427 Sacrae
1517 387 1860 443 Congregationis
1884 388 2079 439 decreto,
2109 404 2191 447 quo
2204 403 2321 432 cave·

1354 451 1424 485 tur
1434 471 1449 494 ‚
1466 444 1568 487 utin
1582 443 1743 501 fingulis
1755 446 2002 489 Monasteriis
2015 447 2320 504 Religiosorum

1352 500 1577 558 praefigatur
1609 518 1806 548 numerus
1819 533 1835 554 ,
1866 504 1933 559 qui
1949 517 2000 547 ex
2011 507 2212 552 consuetis
2228 507 2322 550 red-

1351 560 1503 604 ditibus
1530 589 1544 614 ,
1570 573 1639 606 aut
1667 558 1928 617 eleemosynis
1956 565 2170 609 commode
2198 564 2317 623 poffit

1352 619 1590 663 sustentari?

1352 733 1363 743 .
1464 680 1675 733 Quaeritur
1690 707 1706 731 ,
1720 693 1770 721 an
1785 706 1800 726 0
1816 679 1883 723 ubi
1898 681 1980 723 haec
1993 678 2170 735 prefixio
2181 679 2314 727 fasta„

1350 749 1428 790 ,am
1443 735 1521 780 fuit
1537 738 1576 778 in
1595 738 1673 780 vim
1689 737 1825 780 fimilis
1837 739 1992 782 decreti
2007 737 2317 782 fanxmem2Pau-

1343 793 1374 836 li
1394 796 1445 838 V.
1461 825 1478 847 ,
1508 796 1654 851 absque
1682 806 1817 840 tamen
1846 799 2151 853 computatione
2175 798 2316 843 reddi-

1342 862 1457 895 tuum
1475 853 1669 910 cujusque
1685 854 1903 912 Religion,
1935 855 1982 899 fit
2007 857 2142 901 denuo
2164 855 2317 900 facien-

1343 911 1393 953 da
1408 940 1424 965 ,
1445 926 1519 955 nec
1532 925 1581 954 ne
1596 915 1612 955 2

1460 974 1631 1015 Decimo
1643 970 1811 1029 septimo
1824 1002 1840 1026 ‚
1853 975 1917 1017 An
1934 973 2094 1018 Novitii
2113 1003 2128 1027 ,
2158 973 2212 1016 ad
2227 975 2310 1017 Ha·-

1346 1028 1475 1071 bitum
1490 1029 1739 1084 Regularem
1767 1031 1949 1084 admiffi,
1976 1031 2120 1088 poffint
2149 1032 2314 1075 admitti

1344 1087 1397 1130 ad
1419 1085 1701 1144 proseffionem
1716 1092 1756 1133 in
1774 1090 2025 1134 Monasteriis
2037 1118 2053 1142 ,
2081 1093 2120 1136 in
2132 1092 2278 1148 quibus
2293 1119 2311 1145 ,

1343 1147 1546 1198 habita,ut
1560 1146 1928 1206 supra,praefixione
1937 1150 2110 1201 numeri,
2124 1163 2306 1195 commo-

1342 1206 1398 1249 de
1415 1206 1471 1249 ali
1484 1219 1568 1250 non
1588 1207 1776 1264 poffuut?

1458 1265 1632 1311 Decimo
1641 1269 1785 1312 octava
1798 1294 1815 1318 ,
1827 1266 1945 1324 ssiper
1959 1267 2123 1320 ultimo,
2136 1281 2218 1324 quo
2235 1281 2307 1311 ca-

1342 1331 1491 1375 vetur,
1519 1334 1566 1368 ut
1593 1324 1739 1369 nullibi
1770 1326 2021 1386 recipiantur
2055 1330 2303 1372 Conventus

1340 1382 1635 1438 Regularum,
1663 1386 1733 1428 uifi
1758 1396 1899 1440 praeter
1925 1386 2003 1429 alia
2016 1384 2119 1428 adid
2146 1385 2311 1441 requisi-

1340 1451 1384 1483 ta
1397 1467 1413 1491 ‚
1427 1441 1648 1485 duodecim
1661 1441 1801 1486 saltem
1825 1446 1989 1488 Fratres
2010 1444 2051 1486 in
2065 1443 2123 1487 eis
2141 1444 2307 1498 degere,

1337 1499 1379 1539 δι
1407 1509 1686 1552 competenter
1712 1500 1920 1543 sustentari
1953 1499 2113 1547 valeant
2139 1528 2155 1553 ,
2177 1501 2233 1542 ita
2259 1511 2306 1544 ut

1341 1554 1522 1609 alioquin
1537 1551 1684 1599 subsint
1697 1556 1971 1614 Jurifdictioni
1993 1557 2207 1601 ordinariae
2218 1570 2234 1600 ε

1453 1613 1691 1673 Qaeritur,
1712 1629 1763 1659 an
1789 1615 1870 1659 hoc
1895 1618 2124 1660 Decretum
2149 1645 2165 1669 ‚
2189 1614 2304 1673 quod

1338 1670 1502 1715 videtur
1513 1671 1670 1716 editum
1690 1674 1730 1718 in
1742 1675 1889 1718 ordine
1912 1675 1962 1719 ad
1977 1675 2302 1720 celebrationem

1337 1728 1546 1775 Miflarum
1558 1755 1575 1780 2
1601 1733 1924 1789 comprehendat
1947 1747 2015 1776 eas
2031 1735 2270 1790 Religiones
2286 1762 2302 1787 ,

1333 1803 1419 1846 quoe
1447 1803 1528 1833 non
1554 1789 1850 1838 consueverunt
1876 1805 2002 1836 onera
2015 1793 2220 1839 Miffarum
2239 1805 2305 1846 re·

1329 1851 1491 1904 cipere,
1525 1860 1571 1896 ut
1584 1849 1675 1894 sunt
1698 1851 1931 1909 Religiones
1961 1853 2272 1909 Capacinorum
2288 1880 2304 1906 2

1328 1924 1375 1952 ac
1389 1910 1601 1954 Societatis
1613 1909 1703 1965 Jesu
1719 1912 1735 1953 ἓ
2066 1912 2071 1917 “

1446 1968 1634 2019 Ultimo,
1655 1983 1706 2011 an
1732 1970 1840 2015 idem
1857 1972 2108 2019 Decretum,
2128 1967 2198 2012 ubl
2213 1966 2296 2010 dis.

1330 2027 1447 2083 ponit
1463 2054 1478 2078 ,
1506 2036 1550 2071 ut
1577 2026 1720 2072 nullibi
1743 2030 1993 2086 recipiantur
2028 2026 2296 2079 Monastetia,

1331 2086 1399 2130 nifi
1415 2087 1494 2129 διε.
1520 2086 1666 2130 habeat
1691 2087 1830 2132 locum
1854 2088 1893 2132 in
1909 2087 2028 2131 Italia
2057 2086 2299 2138 dumtaxat,

1328 2143 1381 2188 ad
1407 2160 1528 2204 quam
1551 2144 1609 2190 est
1633 2146 1853 2192 restrictum
1871 2149 2096 2192 Decretum
2113 2143 2297 2202 proxime

1327 2204 1600 2254 antecedens,
1618 2218 1669 2249 an
1686 2206 1783 2248 vero
1801 2207 1920 2250 etiam
1947 2214 2062 2249 extra
2077 2203 2264 2248 ltaliam?
2287 2232 2289 2235 .

1439 2267 1559 2309 Sacra
1573 2263 1849 2319 congregatio
1871 2261 2157 2308 Cardinalium
2173 2263 2294 2306 Con·

1319 2324 1399 2370 cilii
1417 2319 1647 2368 Tridentini
1663 2324 1938 2379 interpretum
1952 2350 1970 2374 ,
1981 2321 2285 2366 auctoritato

1324 2385 1394 2429 fibi
1407 2386 1431 2430 i
1448 2378 1697 2428 Sanctisiimo
1711 2382 1888 2425 Domino
1907 2379 2058 2426 Nostro
2070 2380 2284 2431 attributa,

1322 2444 1372 2488 ad
1386 2441 1539 2500 lingula
1553 2439 1675 2484 dubia
1697 2438 1873 2497 superius
1895 2440 2100 2497 proposita
2113 2438 2163 2483 ad
2181 2439 2285 2483 huuc

1321 2502 1488 2548 modum
1502 2498 1734 2555 respondit,
1749 2498 1944 2543 videlicet
1961 2511 1971 2540 ε

1433 2560 1499 2606 ad
1513 2558 1712 2613 primum,
1735 2558 1805 2602 etfi
1836 2557 2015 2614 legatum
2040 2556 2086 2601 fit
2103 2555 2209 2601 adeo
2221 2565 2284 2600 te·

1319 2634 1395 2666 nue
1409 2647 1424 2671 ‚
1438 2616 1693 2663 nibilominus
1716 2630 1792 2673 pro
1817 2615 2048 2660 reductione
2062 2615 2219 2666 oneris,
2233 2624 2278 2658 ut

1316 2678 1429 2735 supra
1443 2706 1458 2730 ,
1488 2673 1689 2731 impoliti,
1711 2675 1820 2718 abiis
1834 2701 1849 2726 ,
1874 2674 1924 2718 ad
1938 2687 2039 2732 quos
2061 2673 2247 2731 pertinet
2262 2701 2278 2725 ,

1316 2738 1465 2781 Sedem
1487 2733 1759 2790 Apostolicam
1780 2730 1856 2778 effe
1887 2731 2113 2778 adeundam
2144 2757 2159 2782 ,
2192 2745 2278 2786 qun

1314 2797 1458 2851 absque
1473 2793 1557 2838 ulla
1572 2792 1746 2848 impensa
1760 2791 1800 2835 id
1817 2790 1957 2835 statuet
1972 2816 1987 2840 ,
2011 2790 2121 2846 quod
2155 2791 2278 2846 magis

1313 2855 1353 2898 in
1383 2850 1652 2897 Dominoere
1673 2849 1749 2895 effe
1776 2849 2046 2903 iudicaverit3
2071 2850 2275 2894 Verunta-

1314 2927 1421 2964 men,
1437 2913 1461 2955 li
1486 2911 1526 2954 in
1548 2908 1628 2965 ipsa
1657 2908 1839 2953 beneficii
1865 2909 2070 2954 erectione
2088 2905 2274 2966 expresse

1307 2982 1472 3016 cautum
1487 2969 1628 3021 fuerit,
1643 2979 1687 3012 ut
1705 2969 1825 3013 liceat
1839 2967 2040 3026 Episcopo
2055 2965 2275 3025 injunetum

1306 3044 1410 3075 onus
1433 3028 1653 3080 reducere,
1681 3043 1727 3072 ac
1762 3025 1994 3080 moderari,
2023 3026 2156 3083 legem
2171 3026 2272 3070 hauc

1315 3088 1588 3142 fundationis,
1610 3101 1729 3145 quam
1746 3089 1923 3131 Decreta
1950 3086 2024 3130 hac
2045 3085 2098 3130 de
2113 3099 2154 3128 re
2165 3084 2272 3128 edita

1313 3162 1399 3192 non
1425 3147 1663 3193 stinulerunt
1688 3176 1704 3202 ‚
1728 3143 1804 3190 esse
1831 3144 2005 3190 validam
2032 3170 2048 3199 ,
2071 3144 2112 3187 δι
2133 3141 2271 3189 obser-

1314 3208 1505 3252 vandam-

1430 3266 1498 3312 Ad
1524 3262 1770 3318 secundum,
1792 3258 1868 3307 effe
1894 3256 2154 3318 intelligenda
2175 3260 2268 3307 de,

1314 3324 1470 3384 proefcri
1502 3323 1611 3370 tione
1639 3322 1818 3368 fastrat»
1844 3335 1894 3366 eo
1916 3345 1932 3370 2
1986 3318 2023 3362 ui
2045 3317 2265 3376 eleemosy-

1310 3400 1402 3430 nam
1416 3339 1576 3438 tribuit,
1590 3397 1671 3428 non
1686 3392 1820 3427 autem
1833 3379 1883 3424 ab
1902 3379 1944 3422 Ο
1993 3378 2264 3437 inario.Qod

1311 3443 1336 3488 fi
1366 3444 1547 3490 tribuent
1576 3439 1869 3496 eleemosynam
1895 3449 2104 3481 numerum
2133 3435 2265 3481 Milia-

1308 3517 1398 3547 rum
1411 3501 1737 3548 celebrandarum
1757 3511 1836 3542 non
1848 3493 2126 3554 praescripserit
2139 3525 2154 3548 ,
2171 3504 2267 3541 tunc

1307 3571 1371 3606 tot
1388 3562 1519 3607 Missa·
1533 3556 1729 3607 celebrari
1742 3554 1893 3601 debere
1908 3585 1923 3609 ‚
1943 3566 2041 3612 quot
2059 3553 2264 3614 prascrip-

1306 3620 1398 3665 serit
1412 3619 1652 3666 Ordinariut
1677 3613 1892 3661 seeundum
1913 3628 2069 3659 morem
2104 3610 2174 3657 suoe
2190 3614 2262 3662 Ci-

1306 3681 1445 3725 vitati·
1457 3707 1473 3731 ‚
1487 3678 1552 3723 vel
1569 3675 1787 3721 Provinciae
1802 3702 1815 3716 .

1423 3737 1488 3784 ad
1507 3735 1669 3781 tertium
1686 3762 1700 3787 ‚
1713 3732 1840 3778 teneri
1853 3762 1865 3775 .

1418 3795 1485 3840 Ad
1509 3804 1696 3853 quartum
1711 3820 1726 3847 ,
1749 3790 2163 3896 Sacerdoteaffluibu:²
2174 3790 2260 3837 die·

2167 3866 2211 3895 u}
