<?xml version="1.0" encoding="UTF-8"?>
<!DOCTYPE html PUBLIC "-//W3C//DTD XHTML 1.0 Transitional//EN"
    "http://www.w3.org/TR/xhtml1/DTD/xhtml1-transitional.dtd">
<html xmlns="http://www.w3.org/1999/xhtml" xml:lang="en" lang="en">
 <head>
  <title>
</title>
<meta http-equiv="Content-Type" content="text/html;charset=utf-8" />
  <meta name='ocr-system' content='tesseract 3.04.00' />
  <meta name='ocr-capabilities' content='ocr_page ocr_carea ocr_par ocr_line ocrx_word'/>
</head>
<body>
  <div class='ocr_page' id='page_1' title='image "./bullariumordinis06cath_0271.png"; bbox 0 0 2444 4192; ppageno 0'>
   <div class='ocr_carea' id='block_1_1' title="bbox 856 189 1452 276">
    <p class='ocr_par' dir='ltr' id='par_1_1' title="bbox 856 189 1452 276">
     <span class='ocr_line' id='line_1_1' title="bbox 856 189 1452 276; baseline 0.008 -6"><span class='ocrx_word' id='word_1_1' title='bbox 856 189 1018 270; x_wconf 80' lang='lat' dir='ltr'>Sub</span> <span class='ocrx_word' id='word_1_2' title='bbox 1085 191 1221 270; x_wconf 74' lang='lat' dir='ltr'>Pio</span> <span class='ocrx_word' id='word_1_3' title='bbox 1284 192 1333 271; x_wconf 97' lang='lat' dir='ltr'><em>I</em></span> <span class='ocrx_word' id='word_1_4' title='bbox 1354 189 1452 276; x_wconf 85' lang='lat' dir='ltr'>V·</span> 
     </span>
    </p>
   </div>
   <div class='ocr_carea' id='block_1_2' title="bbox 187 325 1137 454">
    <p class='ocr_par' dir='ltr' id='par_1_2' title="bbox 187 325 1137 454">
     <span class='ocr_line' id='line_1_2' title="bbox 187 325 1137 398; baseline -0.002 -11"><span class='ocrx_word' id='word_1_5' title='bbox 187 327 428 398; x_wconf 83' lang='lat' dir='ltr'>Privilegia</span> <span class='ocrx_word' id='word_1_6' title='bbox 458 325 599 378; x_wconf 88' lang='lat' dir='ltr'>tribus</span> <span class='ocrx_word' id='word_1_7' title='bbox 626 325 879 379; x_wconf 80' lang='lat' dir='ltr'>Ordinibus</span> <span class='ocrx_word' id='word_1_8' title='bbox 894 336 1137 386; x_wconf 89' lang='lat' dir='ltr'>Minorita-</span> 
     </span>
     <span class='ocr_line' id='line_1_3' title="bbox 252 395 1134 454; baseline 0.001 -5"><span class='ocrx_word' id='word_1_9' title='bbox 252 403 320 452; x_wconf 85' lang='lat' dir='ltr'>nis</span> <span class='ocrx_word' id='word_1_10' title='bbox 332 399 358 447; x_wconf 71' lang='lat' dir='ltr'>a</span> <span class='ocrx_word' id='word_1_11' title='bbox 372 399 575 448; x_wconf 85' lang='lat' dir='ltr'><strong>Summis</strong></span> <span class='ocrx_word' id='word_1_12' title='bbox 592 395 878 449; x_wconf 84' lang='lat' dir='ltr'>Pontificibus</span> <span class='ocrx_word' id='word_1_13' title='bbox 891 403 1134 454; x_wconf 75' lang='lat' dir='ltr'>Praedeces-</span> 
     </span>
    </p>
   </div>
   <div class='ocr_carea' id='block_1_3' title="bbox 192 466 1133 822">
    <p class='ocr_par' dir='ltr' id='par_1_3' title="bbox 192 466 1133 822">
     <span class='ocr_line' id='line_1_4' title="bbox 250 466 1131 538; baseline 0.005 -19"><span class='ocrx_word' id='word_1_14' title='bbox 250 467 548 527; x_wconf 82' lang='lat' dir='ltr'>foribus,tum</span> <span class='ocrx_word' id='word_1_15' title='bbox 563 466 710 538; x_wconf 90' lang='lat' dir='ltr'>quoad</span> <span class='ocrx_word' id='word_1_16' title='bbox 727 468 986 534; x_wconf 88' lang='lat' dir='ltr'>Syndicum</span> <span class='ocrx_word' id='word_1_17' title='bbox 1003 479 1047 522; x_wconf 92' lang='lat' dir='ltr'>A</span> <span class='ocrx_word' id='word_1_18' title='bbox 1051 491 1131 538; x_wconf 90' lang='lat' dir='ltr'>po-</span> 
     </span>
     <span class='ocr_line' id='line_1_5' title="bbox 192 537 1130 593; baseline -0.004 0"><span class='ocrx_word' id='word_1_19' title='bbox 192 590 197 593; x_wconf 69' lang='grc'>,</span> <span class='ocrx_word' id='word_1_20' title='bbox 247 537 350 589; x_wconf 84' lang='lat' dir='ltr'>stol.</span> <span class='ocrx_word' id='word_1_21' title='bbox 378 554 478 589; x_wconf 89' lang='lat' dir='ltr'>tum</span> <span class='ocrx_word' id='word_1_22' title='bbox 513 544 910 591; x_wconf 87' lang='lat' dir='ltr'>Sacramentorum</span> <span class='ocrx_word' id='word_1_23' title='bbox 939 540 1130 589; x_wconf 84' lang='lat' dir='ltr'>admini-</span> 
     </span>
     <span class='ocr_line' id='line_1_6' title="bbox 248 607 1133 680; baseline 0 -21"><span class='ocrx_word' id='word_1_24' title='bbox 248 607 515 660; x_wconf 90' lang='lat' dir='ltr'>strationem</span> <span class='ocrx_word' id='word_1_25' title='bbox 524 646 541 670; x_wconf 87' lang='lat'>,</span> <span class='ocrx_word' id='word_1_26' title='bbox 554 608 604 661; x_wconf 73' lang='grc' dir='ltr'><strong>ἃ</strong></span> <span class='ocrx_word' id='word_1_27' title='bbox 618 611 703 660; x_wconf 88' lang='lat' dir='ltr'>alia</span> <span class='ocrx_word' id='word_1_28' title='bbox 719 626 903 677; x_wconf 80' lang='lat' dir='ltr'>quaeque</span> <span class='ocrx_word' id='word_1_29' title='bbox 916 611 1133 680; x_wconf 88' lang='lat' dir='ltr'>generali-</span> 
     </span>
     <span class='ocr_line' id='line_1_7' title="bbox 247 677 1132 748; baseline 0 -18"><span class='ocrx_word' id='word_1_30' title='bbox 247 693 317 730; x_wconf 85' lang='lat' dir='ltr'>ter</span> <span class='ocrx_word' id='word_1_31' title='bbox 329 680 530 731; x_wconf 73' lang='lat' dir='ltr'>concessa</span> <span class='ocrx_word' id='word_1_32' title='bbox 549 677 790 730; x_wconf 87' lang='lat' dir='ltr'>confirmat</span> <span class='ocrx_word' id='word_1_33' title='bbox 803 713 820 738; x_wconf 88' lang='lat'>,</span> <span class='ocrx_word' id='word_1_34' title='bbox 843 680 1031 748; x_wconf 89' lang='lat' dir='ltr'>ampliat</span> <span class='ocrx_word' id='word_1_35' title='bbox 1050 715 1067 738; x_wconf 92' lang='lat'>,</span> <span class='ocrx_word' id='word_1_36' title='bbox 1082 680 1132 735; x_wconf 65' lang='grc' dir='ltr'>ὅ(</span> 
     </span>
     <span class='ocr_line' id='line_1_8' title="bbox 247 749 1128 822; baseline 0.001 -21"><span class='ocrx_word' id='word_1_37' title='bbox 247 749 659 803; x_wconf 88' lang='lat' dir='ltr'>Constitutionibus</span> <span class='ocrx_word' id='word_1_38' title='bbox 676 751 909 800; x_wconf 81' lang='lat' dir='ltr'>contrariis</span> <span class='ocrx_word' id='word_1_39' title='bbox 922 750 1128 822; x_wconf 87' lang='lat' dir='ltr'>derogat.</span> 
     </span>
    </p>
   </div>
   <div class='ocr_carea' id='block_1_4' title="bbox 245 833 1061 969">
    <p class='ocr_par' dir='ltr' id='par_1_4' title="bbox 245 833 1061 969">
     <span class='ocr_line' id='line_1_9' title="bbox 245 833 1061 891; baseline -0.001 -7"><span class='ocrx_word' id='word_1_40' title='bbox 245 835 502 890; x_wconf 84' lang='lat' dir='ltr'>PIUS</span> <span class='ocrx_word' id='word_1_41' title='bbox 581 834 855 886; x_wconf 12' lang='lat' dir='ltr'>PVAPA</span> <span class='ocrx_word' id='word_1_42' title='bbox 927 833 1061 891; x_wconf 91' lang='lat' dir='ltr'>IV,</span> 
     </span>
     <span class='ocr_line' id='line_1_10' title="bbox 327 911 980 969; baseline -0.003 -14"><span class='ocrx_word' id='word_1_43' title='bbox 327 911 397 955; x_wconf 84' lang='lat' dir='ltr'>Ad</span> <span class='ocrx_word' id='word_1_44' title='bbox 406 921 640 969; x_wconf 79' lang='lat' dir='ltr'>perpetuam</span> <span class='ocrx_word' id='word_1_45' title='bbox 664 914 723 955; x_wconf 70' lang='lat' dir='ltr'>res</span> <span class='ocrx_word' id='word_1_46' title='bbox 734 911 954 954; x_wconf 80' lang='lat' dir='ltr'>memoriam</span> <span class='ocrx_word' id='word_1_47' title='bbox 967 941 980 953; x_wconf 91' lang='lat'>.</span> 
     </span>
    </p>
   </div>
   <div class='ocr_carea' id='block_1_5' title="bbox 120 981 1128 2613">
    <p class='ocr_par' dir='ltr' id='par_1_5' title="bbox 169 981 1128 1731">
     <span class='ocr_line' id='line_1_11' title="bbox 275 981 1126 1040; baseline -0.005 -14"><span class='ocrx_word' id='word_1_48' title='bbox 275 984 314 1026; x_wconf 87' lang='lat' dir='ltr'>X</span> <span class='ocrx_word' id='word_1_49' title='bbox 329 981 519 1028; x_wconf 88' lang='lat' dir='ltr'>clementi</span> <span class='ocrx_word' id='word_1_50' title='bbox 539 983 656 1029; x_wconf 88' lang='lat' dir='ltr'>Sedis</span> <span class='ocrx_word' id='word_1_51' title='bbox 669 982 908 1040; x_wconf 81' lang='lat' dir='ltr'>Apostolicae</span> <span class='ocrx_word' id='word_1_52' title='bbox 929 981 1126 1038; x_wconf 88' lang='lat' dir='ltr'>provisio-</span> 
     </span>
     <span class='ocr_line' id='line_1_12' title="bbox 306 1040 1128 1100; baseline -0.004 -16"><span class='ocrx_word' id='word_1_53' title='bbox 306 1055 552 1090; x_wconf 71' lang='lat' dir='ltr'>ne2neenon</span> <span class='ocrx_word' id='word_1_54' title='bbox 570 1040 824 1100; x_wconf 86' lang='lat' dir='ltr'>personarum</span> <span class='ocrx_word' id='word_1_55' title='bbox 847 1042 936 1083; x_wconf 91' lang='lat' dir='ltr'>Deo</span> <span class='ocrx_word' id='word_1_56' title='bbox 962 1040 1128 1082; x_wconf 87' lang='lat' dir='ltr'>devota-</span> 
     </span>
     <span class='ocr_line' id='line_1_13' title="bbox 173 1097 1126 1158; baseline -0.003 -15"><span class='ocrx_word' id='word_1_57' title='bbox 173 1115 270 1143; x_wconf 51' lang='lat' dir='ltr'>rum*</span> <span class='ocrx_word' id='word_1_58' title='bbox 295 1097 470 1157; x_wconf 77' lang='lat' dir='ltr'>profee&#39;tu</span> <span class='ocrx_word' id='word_1_59' title='bbox 484 1128 499 1151; x_wconf 81' lang='lat'>,</span> <span class='ocrx_word' id='word_1_60' title='bbox 511 1101 581 1145; x_wconf 90' lang='lat' dir='ltr'>sub</span> <span class='ocrx_word' id='word_1_61' title='bbox 596 1101 783 1158; x_wconf 80' lang='lat' dir='ltr'>Regulari</span> <span class='ocrx_word' id='word_1_62' title='bbox 799 1100 1028 1144; x_wconf 85' lang='lat' dir='ltr'>castimonia</span> <span class='ocrx_word' id='word_1_63' title='bbox 1045 1101 1126 1141; x_wconf 88' lang='lat' dir='ltr'>Do.</span> 
     </span>
     <span class='ocr_line' id='line_1_14' title="bbox 173 1157 1125 1216; baseline -0.002 -16"><span class='ocrx_word' id='word_1_64' title='bbox 173 1159 289 1200; x_wconf 89' lang='lat' dir='ltr'>mino</span> <span class='ocrx_word' id='word_1_65' title='bbox 307 1157 573 1202; x_wconf 77' lang='lat' dir='ltr'>militantium</span> <span class='ocrx_word' id='word_1_66' title='bbox 586 1158 653 1216; x_wconf 72' lang='lat' dir='ltr'>pis</span> <span class='ocrx_word' id='word_1_67' title='bbox 666 1159 885 1202; x_wconf 90' lang='lat' dir='ltr'>devotione</span> <span class='ocrx_word' id='word_1_68' title='bbox 911 1157 1125 1213; x_wconf 87' lang='lat' dir='ltr'>provenire</span> 
     </span>
     <span class='ocr_line' id='line_1_15' title="bbox 173 1214 1125 1271; baseline -0.003 -12"><span class='ocrx_word' id='word_1_69' title='bbox 173 1215 454 1271; x_wconf 83' lang='lat' dir='ltr'>dignoscitur,</span> <span class='ocrx_word' id='word_1_70' title='bbox 485 1226 529 1259; x_wconf 94' lang='lat' dir='ltr'>ut</span> <span class='ocrx_word' id='word_1_71' title='bbox 555 1220 763 1260; x_wconf 85' lang='lat' dir='ltr'>Romanus</span> <span class='ocrx_word' id='word_1_72' title='bbox 791 1214 983 1260; x_wconf 84' lang='lat' dir='ltr'>Pontifex</span> <span class='ocrx_word' id='word_1_73' title='bbox 998 1229 1125 1270; x_wconf 91' lang='lat' dir='ltr'>quan-</span> 
     </span>
     <span class='ocr_line' id='line_1_16' title="bbox 173 1271 1123 1331; baseline -0.004 -14"><span class='ocrx_word' id='word_1_74' title='bbox 173 1274 310 1330; x_wconf 87' lang='lat' dir='ltr'><strong>doque</strong></span> <span class='ocrx_word' id='word_1_75' title='bbox 339 1288 411 1331; x_wconf 87' lang='lat' dir='ltr'>per</span> <span class='ocrx_word' id='word_1_76' title='bbox 437 1271 744 1318; x_wconf 77' lang='lat' dir='ltr'>Praedeceffores</span> <span class='ocrx_word' id='word_1_77' title='bbox 783 1274 874 1318; x_wconf 85' lang='lat' dir='ltr'>suos</span> <span class='ocrx_word' id='word_1_78' title='bbox 911 1274 1123 1314; x_wconf 83' lang='lat' dir='ltr'>Romanos</span> 
     </span>
     <span class='ocr_line' id='line_1_17' title="bbox 169 1330 1122 1389; baseline -0.004 -13"><span class='ocrx_word' id='word_1_79' title='bbox 169 1330 388 1377; x_wconf 85' lang='lat' dir='ltr'>Pontifices</span> <span class='ocrx_word' id='word_1_80' title='bbox 414 1360 430 1384; x_wconf 92' lang='lat'>,</span> <span class='ocrx_word' id='word_1_81' title='bbox 456 1346 531 1389; x_wconf 91' lang='lat' dir='ltr'>pro</span> <span class='ocrx_word' id='word_1_82' title='bbox 563 1332 790 1387; x_wconf 78' lang='lat' dir='ltr'>Religionis</span> <span class='ocrx_word' id='word_1_83' title='bbox 813 1330 1122 1374; x_wconf 82' lang='lat' dir='ltr'>conservatione</span> 
     </span>
     <span class='ocr_line' id='line_1_18' title="bbox 171 1388 1122 1448; baseline -0.003 -13"><span class='ocrx_word' id='word_1_84' title='bbox 171 1393 210 1435; x_wconf 77' lang='grc' dir='ltr'>δι</span> <span class='ocrx_word' id='word_1_85' title='bbox 237 1392 483 1448; x_wconf 79' lang='lat' dir='ltr'>augmento,</span> <span class='ocrx_word' id='word_1_86' title='bbox 511 1404 558 1432; x_wconf 90' lang='lat' dir='ltr'>ae</span> <span class='ocrx_word' id='word_1_87' title='bbox 573 1388 824 1447; x_wconf 88' lang='lat' dir='ltr'>personarum</span> <span class='ocrx_word' id='word_1_88' title='bbox 851 1388 1122 1432; x_wconf 60' lang='lat' dir='ltr'>earumdem-³</span> 
     </span>
     <span class='ocr_line' id='line_1_19' title="bbox 173 1448 1121 1507; baseline -0.003 -15"><span class='ocrx_word' id='word_1_89' title='bbox 173 1450 308 1507; x_wconf 90' lang='lat' dir='ltr'>quiete</span> <span class='ocrx_word' id='word_1_90' title='bbox 328 1453 368 1494; x_wconf 83' lang='lat'>&amp;</span> <span class='ocrx_word' id='word_1_91' title='bbox 382 1449 601 1494; x_wconf 89' lang='lat' dir='ltr'>commodo</span> <span class='ocrx_word' id='word_1_92' title='bbox 614 1448 792 1493; x_wconf 75' lang='lat' dir='ltr'>concessa</span> <span class='ocrx_word' id='word_1_93' title='bbox 803 1478 819 1500; x_wconf 92' lang='lat'>,</span> <span class='ocrx_word' id='word_1_94' title='bbox 831 1449 1028 1505; x_wconf 84' lang='lat' dir='ltr'>approbet</span> <span class='ocrx_word' id='word_1_95' title='bbox 1043 1476 1058 1499; x_wconf 91' lang='lat'>,</span> <span class='ocrx_word' id='word_1_96' title='bbox 1083 1449 1121 1489; x_wconf 79' lang='grc' dir='ltr'>δι</span> 
     </span>
     <span class='ocr_line' id='line_1_20' title="bbox 170 1507 1123 1566; baseline -0.002 -16"><span class='ocrx_word' id='word_1_97' title='bbox 170 1509 360 1560; x_wconf 81' lang='lat' dir='ltr'>innovet,</span> <span class='ocrx_word' id='word_1_98' title='bbox 383 1510 423 1551; x_wconf 84' lang='lat'>&amp;</span> <span class='ocrx_word' id='word_1_99' title='bbox 439 1510 659 1566; x_wconf 84' lang='lat' dir='ltr'>approbata</span> <span class='ocrx_word' id='word_1_100' title='bbox 677 1534 692 1557; x_wconf 86' lang='lat'>,</span> <span class='ocrx_word' id='word_1_101' title='bbox 717 1507 982 1556; x_wconf 86' lang='lat' dir='ltr'>&amp;innovata,</span> <span class='ocrx_word' id='word_1_102' title='bbox 1008 1509 1123 1562; x_wconf 79' lang='lat' dir='ltr'>Apo-</span> 
     </span>
     <span class='ocr_line' id='line_1_21' title="bbox 170 1562 1124 1617; baseline -0.003 -8"><span class='ocrx_word' id='word_1_103' title='bbox 170 1566 310 1610; x_wconf 84' lang='lat' dir='ltr'>stolica</span> <span class='ocrx_word' id='word_1_104' title='bbox 340 1568 580 1611; x_wconf 65' lang='lat' dir='ltr'>auctoritate</span> <span class='ocrx_word' id='word_1_105' title='bbox 604 1566 851 1610; x_wconf 85' lang='lat' dir='ltr'>communiat</span> <span class='ocrx_word' id='word_1_106' title='bbox 880 1594 894 1617; x_wconf 85' lang='lat'>,</span> <span class='ocrx_word' id='word_1_107' title='bbox 920 1574 964 1607; x_wconf 93' lang='lat' dir='ltr'>ut</span> <span class='ocrx_word' id='word_1_108' title='bbox 986 1578 1032 1607; x_wconf 90' lang='lat' dir='ltr'>ea</span> <span class='ocrx_word' id='word_1_109' title='bbox 1059 1562 1124 1606; x_wconf 85' lang='lat' dir='ltr'>fir-</span> 
     </span>
     <span class='ocr_line' id='line_1_22' title="bbox 173 1621 1121 1682; baseline -0.004 -15"><span class='ocrx_word' id='word_1_110' title='bbox 173 1626 304 1669; x_wconf 88' lang='lat' dir='ltr'>miora</span> <span class='ocrx_word' id='word_1_111' title='bbox 320 1625 552 1682; x_wconf 87' lang='lat' dir='ltr'>persistant,</span> <span class='ocrx_word' id='word_1_112' title='bbox 570 1638 656 1680; x_wconf 83' lang='lat' dir='ltr'>quae</span> <span class='ocrx_word' id='word_1_113' title='bbox 682 1624 815 1682; x_wconf 80' lang='lat' dir='ltr'>saepius</span> <span class='ocrx_word' id='word_1_114' title='bbox 841 1622 991 1668; x_wconf 88' lang='lat' dir='ltr'>fuerint</span> <span class='ocrx_word' id='word_1_115' title='bbox 1018 1621 1121 1680; x_wconf 87' lang='lat' dir='ltr'>ejus·</span> 
     </span>
     <span class='ocr_line' id='line_1_23' title="bbox 169 1681 948 1731; baseline -0.001 -5"><span class='ocrx_word' id='word_1_116' title='bbox 169 1681 267 1726; x_wconf 90' lang='lat' dir='ltr'>dem</span> <span class='ocrx_word' id='word_1_117' title='bbox 279 1684 396 1731; x_wconf 86' lang='lat' dir='ltr'>Sedis</span> <span class='ocrx_word' id='word_1_118' title='bbox 416 1683 647 1726; x_wconf 61' lang='lat' dir='ltr'>auetoritate</span> <span class='ocrx_word' id='word_1_119' title='bbox 665 1681 926 1726; x_wconf 49' lang='lat' dir='ltr'>circumfulta*</span> <span class='ocrx_word' id='word_1_120' title='bbox 938 1709 948 1720; x_wconf 91' lang='lat'>-</span> 
     </span>
    </p>

    <p class='ocr_par' dir='ltr' id='par_1_6' title="bbox 120 1739 1128 2262">
     <span class='ocr_line' id='line_1_24' title="bbox 285 1739 1124 1798; baseline -0.007 -11"><span class='ocrx_word' id='word_1_121' title='bbox 285 1745 410 1792; x_wconf 87' lang='lat' dir='ltr'>Sane,</span> <span class='ocrx_word' id='word_1_122' title='bbox 421 1756 501 1798; x_wconf 90' lang='lat' dir='ltr'>pro</span> <span class='ocrx_word' id='word_1_123' title='bbox 526 1749 639 1796; x_wconf 85' lang='lat' dir='ltr'>parte</span> <span class='ocrx_word' id='word_1_124' title='bbox 654 1741 788 1785; x_wconf 74' lang='lat' dir='ltr'>dilee&#39;ti</span> <span class='ocrx_word' id='word_1_125' title='bbox 814 1740 905 1784; x_wconf 80' lang='lat' dir='ltr'>Filii</span> <span class='ocrx_word' id='word_1_126' title='bbox 928 1739 1124 1784; x_wconf 85' lang='lat' dir='ltr'>Francisci</span> 
     </span>
     <span class='ocr_line' id='line_1_25' title="bbox 173 1799 1126 1846; baseline -0.005 -1"><span class='ocrx_word' id='word_1_127' title='bbox 173 1802 226 1845; x_wconf 78' lang='lat' dir='ltr'>de</span> <span class='ocrx_word' id='word_1_128' title='bbox 241 1802 417 1846; x_wconf 85' lang='lat' dir='ltr'>Zamora</span> <span class='ocrx_word' id='word_1_129' title='bbox 428 1800 596 1843; x_wconf 74' lang='lat' dir='ltr'>Ministri</span> <span class='ocrx_word' id='word_1_130' title='bbox 609 1800 826 1844; x_wconf 81' lang='lat' dir='ltr'>Generalis</span> <span class='ocrx_word' id='word_1_131' title='bbox 842 1799 1012 1844; x_wconf 81' lang='lat' dir='ltr'>Ordinis</span> <span class='ocrx_word' id='word_1_132' title='bbox 1027 1801 1126 1842; x_wconf 79' lang='lat' dir='ltr'>Fra-</span> 
     </span>
     <span class='ocr_line' id='line_1_26' title="bbox 172 1857 1127 1914; baseline -0.004 -12"><span class='ocrx_word' id='word_1_133' title='bbox 172 1861 500 1903; x_wconf 60' lang='lat' dir='ltr'>trum’Minorum</span> <span class='ocrx_word' id='word_1_134' title='bbox 514 1857 728 1914; x_wconf 79' lang='lat' dir='ltr'>Regularis</span> <span class='ocrx_word' id='word_1_135' title='bbox 742 1858 1023 1908; x_wconf 74' lang='lat' dir='ltr'>Observantia,</span> <span class='ocrx_word' id='word_1_136' title='bbox 1038 1861 1127 1900; x_wconf 90' lang='grc' dir='ltr'>Νο-</span> 
     </span>
     <span class='ocr_line' id='line_1_27' title="bbox 174 1916 1126 1974; baseline -0.003 -15"><span class='ocrx_word' id='word_1_137' title='bbox 174 1917 238 1973; x_wconf 82' lang='lat' dir='ltr'>bis</span> <span class='ocrx_word' id='word_1_138' title='bbox 253 1917 558 1974; x_wconf 77' lang='lat' dir='ltr'>nuperexhibita</span> <span class='ocrx_word' id='word_1_139' title='bbox 573 1917 718 1971; x_wconf 83' lang='lat' dir='ltr'>petitio</span> <span class='ocrx_word' id='word_1_140' title='bbox 735 1916 1126 1970; x_wconf 85' lang='lat' dir='ltr'>continebat.Quod,</span> 
     </span>
     <span class='ocr_line' id='line_1_28' title="bbox 177 1973 1128 2031; baseline -0.006 -11"><span class='ocrx_word' id='word_1_141' title='bbox 177 1989 272 2020; x_wconf 84' lang='lat' dir='ltr'>cum</span> <span class='ocrx_word' id='word_1_142' title='bbox 285 1977 391 2019; x_wconf 89' lang='lat' dir='ltr'>inter</span> <span class='ocrx_word' id='word_1_143' title='bbox 405 1973 612 2031; x_wconf 86' lang='lat' dir='ltr'>operarios</span> <span class='ocrx_word' id='word_1_144' title='bbox 625 1998 640 2022; x_wconf 82' lang='lat'><strong>‚</strong></span> <span class='ocrx_word' id='word_1_145' title='bbox 662 1975 729 2030; x_wconf 90' lang='lat' dir='ltr'>qui</span> <span class='ocrx_word' id='word_1_146' title='bbox 758 1975 807 2016; x_wconf 88' lang='lat' dir='ltr'>ad</span> <span class='ocrx_word' id='word_1_147' title='bbox 824 1973 1128 2017; x_wconf 73' lang='lat' dir='ltr'>excolendum..-</span> 
     </span>
     <span class='ocr_line' id='line_1_29' title="bbox 177 2030 1128 2088; baseline -0.007 -11"><span class='ocrx_word' id='word_1_148' title='bbox 177 2035 335 2079; x_wconf 88' lang='lat' dir='ltr'>vineam</span> <span class='ocrx_word' id='word_1_149' title='bbox 350 2033 511 2077; x_wconf 90' lang='lat' dir='ltr'>Domini</span> <span class='ocrx_word' id='word_1_150' title='bbox 526 2031 701 2076; x_wconf 87' lang='lat' dir='ltr'>Sabaoth</span> <span class='ocrx_word' id='word_1_151' title='bbox 715 2059 730 2082; x_wconf 87' lang='lat'>,</span> <span class='ocrx_word' id='word_1_152' title='bbox 745 2032 820 2074; x_wconf 91' lang='lat' dir='ltr'>Dei</span> <span class='ocrx_word' id='word_1_153' title='bbox 837 2031 984 2088; x_wconf 60' lang='lat' dir='ltr'>gratis,</span> <span class='ocrx_word' id='word_1_154' title='bbox 1010 2030 1128 2071; x_wconf 91' lang='lat' dir='ltr'>Ordo</span> 
     </span>
     <span class='ocr_line' id='line_1_30' title="bbox 178 2086 1126 2150; baseline -0.011 -13"><span class='ocrx_word' id='word_1_155' title='bbox 178 2095 260 2150; x_wconf 75' lang='lat' dir='ltr'>ipse</span> <span class='ocrx_word' id='word_1_156' title='bbox 273 2106 436 2149; x_wconf 88' lang='lat' dir='ltr'>magnos</span> <span class='ocrx_word' id='word_1_157' title='bbox 450 2091 662 2148; x_wconf 77' lang='lat' dir='ltr'>probitatis</span> <span class='ocrx_word' id='word_1_158' title='bbox 676 2093 714 2134; x_wconf 86' lang='lat'>&amp;</span> <span class='ocrx_word' id='word_1_159' title='bbox 729 2090 919 2134; x_wconf 68' lang='lat' dir='ltr'>doetrinae</span> <span class='ocrx_word' id='word_1_160' title='bbox 932 2117 947 2140; x_wconf 90' lang='lat'>,</span> <span class='ocrx_word' id='word_1_161' title='bbox 978 2101 1024 2130; x_wconf 91' lang='lat' dir='ltr'>ac</span> <span class='ocrx_word' id='word_1_162' title='bbox 1045 2086 1126 2129; x_wconf 89' lang='lat' dir='ltr'>ani-</span> 
     </span>
     <span class='ocr_line' id='line_1_31' title="bbox 120 2146 1126 2204; baseline -0.004 -13"><span class='ocrx_word' id='word_1_163' title='bbox 120 2189 122 2191; x_wconf 83' lang='grc'><em>,</em></span> <span class='ocrx_word' id='word_1_164' title='bbox 176 2166 335 2196; x_wconf 86' lang='lat' dir='ltr'>marum</span> <span class='ocrx_word' id='word_1_165' title='bbox 355 2149 490 2193; x_wconf 83' lang='lat' dir='ltr'>salutis</span> <span class='ocrx_word' id='word_1_166' title='bbox 507 2149 659 2191; x_wconf 73' lang='lat' dir='ltr'>fruetus</span> <span class='ocrx_word' id='word_1_167' title='bbox 685 2148 840 2204; x_wconf 84' lang='lat' dir='ltr'>semper</span> <span class='ocrx_word' id='word_1_168' title='bbox 863 2149 960 2190; x_wconf 87' lang='lat' dir='ltr'>olim</span> <span class='ocrx_word' id='word_1_169' title='bbox 974 2146 1126 2188; x_wconf 86' lang='lat' dir='ltr'>attule-</span> 
     </span>
     <span class='ocr_line' id='line_1_32' title="bbox 176 2202 1124 2262; baseline -0.009 -11"><span class='ocrx_word' id='word_1_170' title='bbox 176 2210 232 2251; x_wconf 85' lang='lat' dir='ltr'>rit</span> <span class='ocrx_word' id='word_1_171' title='bbox 243 2238 262 2260; x_wconf 84' lang='lat'>,</span> <span class='ocrx_word' id='word_1_172' title='bbox 274 2209 316 2249; x_wconf 76' lang='grc' dir='ltr'>δι</span> <span class='ocrx_word' id='word_1_173' title='bbox 336 2206 518 2262; x_wconf 87' lang='lat' dir='ltr'>quotidie</span> <span class='ocrx_word' id='word_1_174' title='bbox 541 2204 682 2248; x_wconf 81' lang='lat' dir='ltr'>afferre</span> <span class='ocrx_word' id='word_1_175' title='bbox 696 2214 869 2247; x_wconf 90' lang='lat' dir='ltr'>conetur</span> <span class='ocrx_word' id='word_1_176' title='bbox 880 2234 895 2254; x_wconf 92' lang='lat'>,</span> <span class='ocrx_word' id='word_1_177' title='bbox 919 2218 965 2245; x_wconf 91' lang='lat' dir='ltr'>ac</span> <span class='ocrx_word' id='word_1_178' title='bbox 979 2202 1124 2244; x_wconf 86' lang='lat' dir='ltr'>exinde</span> 
     </span>
    </p>

    <p class='ocr_par' dir='ltr' id='par_1_7' title="bbox 170 2259 1125 2613">
     <span class='ocr_line' id='line_1_33' title="bbox 203 2259 1125 2317; baseline -0.01 -8"><span class='ocrx_word' id='word_1_179' title='bbox 203 2279 251 2309; x_wconf 90' lang='lat' dir='ltr'>ro</span> <span class='ocrx_word' id='word_1_180' title='bbox 278 2263 352 2306; x_wconf 89' lang='lat' dir='ltr'>suis</span> <span class='ocrx_word' id='word_1_181' title='bbox 379 2264 514 2306; x_wconf 66' lang='lat' dir='ltr'>sam-‘tis</span> <span class='ocrx_word' id='word_1_182' title='bbox 545 2261 684 2305; x_wconf 83' lang='lat' dir='ltr'>studiis</span> <span class='ocrx_word' id='word_1_183' title='bbox 713 2260 959 2317; x_wconf 83' lang='lat' dir='ltr'>honestisque</span> <span class='ocrx_word' id='word_1_184' title='bbox 972 2259 1125 2301; x_wconf 88' lang='lat' dir='ltr'>labori-</span> 
     </span>
     <span class='ocr_line' id='line_1_34' title="bbox 171 2280 1123 2379; baseline -0.007 -12"><span class='ocrx_word' id='word_1_185' title='bbox 171 2280 272 2376; x_wconf 54' lang='lat' dir='ltr'>ius,</span> <span class='ocrx_word' id='word_1_186' title='bbox 299 2334 450 2379; x_wconf 82' lang='lat' dir='ltr'>proque</span> <span class='ocrx_word' id='word_1_187' title='bbox 462 2319 588 2364; x_wconf 86' lang='lat' dir='ltr'>salute</span> <span class='ocrx_word' id='word_1_188' title='bbox 612 2323 833 2365; x_wconf 87' lang='lat' dir='ltr'>animarum</span> <span class='ocrx_word' id='word_1_189' title='bbox 849 2322 900 2362; x_wconf 83' lang='lat' dir='ltr'>ab</span> <span class='ocrx_word' id='word_1_190' title='bbox 915 2321 948 2362; x_wconf 77' lang='lat' dir='ltr'>A</span> <span class='ocrx_word' id='word_1_191' title='bbox 1013 2317 1123 2360; x_wconf 83' lang='lat' dir='ltr'>stoli·</span> 
     </span>
     <span class='ocr_line' id='line_1_35' title="bbox 171 2377 1125 2437; baseline -0.007 -11"><span class='ocrx_word' id='word_1_192' title='bbox 171 2396 221 2426; x_wconf 84' lang='lat' dir='ltr'>ca</span> <span class='ocrx_word' id='word_1_193' title='bbox 236 2380 363 2430; x_wconf 81' lang='lat' dir='ltr'>Sede,</span> <span class='ocrx_word' id='word_1_194' title='bbox 376 2380 491 2434; x_wconf 85' lang='lat' dir='ltr'>cujus</span> <span class='ocrx_word' id='word_1_195' title='bbox 503 2381 696 2424; x_wconf 75' lang='lat' dir='ltr'>continue</span> <span class='ocrx_word' id='word_1_196' title='bbox 713 2393 849 2437; x_wconf 82' lang='lat' dir='ltr'>pacem</span> <span class='ocrx_word' id='word_1_197' title='bbox 861 2407 876 2432; x_wconf 92' lang='lat'>‚</span> <span class='ocrx_word' id='word_1_198' title='bbox 896 2381 936 2421; x_wconf 71' lang='grc' dir='ltr'>ἃ.</span> <span class='ocrx_word' id='word_1_199' title='bbox 979 2377 1125 2434; x_wconf 85' lang='lat' dir='ltr'>ignita-</span> 
     </span>
     <span class='ocr_line' id='line_1_36' title="bbox 171 2437 1125 2487; baseline -0.009 -1"><span class='ocrx_word' id='word_1_200' title='bbox 171 2451 258 2487; x_wconf 87' lang='lat' dir='ltr'>tem</span> <span class='ocrx_word' id='word_1_201' title='bbox 282 2439 400 2483; x_wconf 90' lang='lat' dir='ltr'>Ordo</span> <span class='ocrx_word' id='word_1_202' title='bbox 423 2438 532 2483; x_wconf 90' lang='lat' dir='ltr'>idem</span> <span class='ocrx_word' id='word_1_203' title='bbox 549 2437 713 2483; x_wconf 87' lang='lat' dir='ltr'>fortiter</span> <span class='ocrx_word' id='word_1_204' title='bbox 726 2448 879 2483; x_wconf 85' lang='lat' dir='ltr'>tutatus</span> <span class='ocrx_word' id='word_1_205' title='bbox 895 2438 948 2481; x_wconf 79' lang='lat' dir='ltr'>est</span> <span class='ocrx_word' id='word_1_206' title='bbox 962 2463 975 2486; x_wconf 85' lang='lat'>,</span> <span class='ocrx_word' id='word_1_207' title='bbox 1003 2448 1125 2478; x_wconf 55' lang='lat' dir='ltr'>tant,</span> 
     </span>
     <span class='ocr_line' id='line_1_37' title="bbox 173 2495 1125 2558; baseline -0.009 -14"><span class='ocrx_word' id='word_1_208' title='bbox 173 2497 415 2558; x_wconf 83' lang='lat' dir='ltr'>spiritualia,</span> <span class='ocrx_word' id='word_1_209' title='bbox 439 2500 558 2553; x_wconf 75' lang='lat' dir='ltr'>quam</span> <span class='ocrx_word' id='word_1_210' title='bbox 581 2499 820 2556; x_wconf 76' lang='lat' dir='ltr'>temporalia</span> <span class='ocrx_word' id='word_1_211' title='bbox 847 2495 1125 2545; x_wconf 85' lang='lat' dir='ltr'>subsidia,or-</span> 
     </span>
     <span class='ocr_line' id='line_1_38' title="bbox 170 2554 1122 2613; baseline -0.007 -11"><span class='ocrx_word' id='word_1_212' title='bbox 170 2565 428 2613; x_wconf 83' lang='lat' dir='ltr'>namentaque</span> <span class='ocrx_word' id='word_1_213' title='bbox 453 2558 651 2613; x_wconf 86' lang='lat' dir='ltr'>acceperit</span> <span class='ocrx_word' id='word_1_214' title='bbox 678 2560 718 2601; x_wconf 82' lang='lat'>&amp;</span> <span class='ocrx_word' id='word_1_215' title='bbox 744 2557 914 2612; x_wconf 82' lang='lat' dir='ltr'>accipiat</span> <span class='ocrx_word' id='word_1_216' title='bbox 940 2584 954 2607; x_wconf 91' lang='lat'>,</span> <span class='ocrx_word' id='word_1_217' title='bbox 980 2554 1122 2611; x_wconf 88' lang='lat' dir='ltr'>quibus</span> 
     </span>
    </p>
   </div>
   <div class='ocr_carea' id='block_1_6' title="bbox 95 2612 1122 2670">
    <p class='ocr_par' dir='ltr' id='par_1_8' title="bbox 95 2612 1122 2670">
     <span class='ocr_line' id='line_1_39' title="bbox 95 2612 1122 2670; baseline -0.007 -9"><span class='ocrx_word' id='word_1_218' title='bbox 95 2629 98 2632; x_wconf 75' lang='grc'>’</span> <span class='ocrx_word' id='word_1_219' title='bbox 170 2618 212 2660; x_wconf 70' lang='grc'>81.</span> <span class='ocrx_word' id='word_1_220' title='bbox 223 2615 350 2659; x_wconf 68' lang='lat' dir='ltr'>saneta</span> <span class='ocrx_word' id='word_1_221' title='bbox 365 2617 430 2658; x_wconf 85' lang='lat' dir='ltr'>sua</span> <span class='ocrx_word' id='word_1_222' title='bbox 443 2615 575 2660; x_wconf 85' lang='lat' dir='ltr'>officia</span> <span class='ocrx_word' id='word_1_223' title='bbox 588 2643 602 2664; x_wconf 85' lang='lat'>,</span> <span class='ocrx_word' id='word_1_224' title='bbox 630 2631 675 2659; x_wconf 88' lang='lat' dir='ltr'>ac</span> <span class='ocrx_word' id='word_1_225' title='bbox 692 2615 814 2659; x_wconf 86' lang='lat' dir='ltr'>vitam</span> <span class='ocrx_word' id='word_1_226' title='bbox 828 2615 934 2658; x_wconf 87' lang='lat' dir='ltr'>suam</span> <span class='ocrx_word' id='word_1_227' title='bbox 949 2612 1122 2670; x_wconf 87' lang='lat' dir='ltr'>Regula-</span> 
     </span>
    </p>
   </div>
   <div class='ocr_carea' id='block_1_7' title="bbox 170 2671 1128 3196">
    <p class='ocr_par' dir='ltr' id='par_1_9' title="bbox 170 2671 1128 3196">
     <span class='ocr_line' id='line_1_40' title="bbox 172 2671 1126 2732; baseline -0.006 -13"><span class='ocrx_word' id='word_1_228' title='bbox 172 2687 257 2719; x_wconf 79' lang='lat' dir='ltr'>rem</span> <span class='ocrx_word' id='word_1_229' title='bbox 287 2671 442 2717; x_wconf 74' lang='lat' dir='ltr'>facilius</span> <span class='ocrx_word' id='word_1_230' title='bbox 463 2701 479 2726; x_wconf 87' lang='lat'>,</span> <span class='ocrx_word' id='word_1_231' title='bbox 503 2684 626 2732; x_wconf 87' lang='lat' dir='ltr'>atque</span> <span class='ocrx_word' id='word_1_232' title='bbox 651 2675 880 2731; x_wconf 65' lang='lat' dir='ltr'>expeditius</span> <span class='ocrx_word' id='word_1_233' title='bbox 907 2674 1051 2729; x_wconf 86' lang='lat' dir='ltr'>exequi</span> <span class='ocrx_word' id='word_1_234' title='bbox 1085 2673 1126 2713; x_wconf 75' lang='grc' dir='ltr'>δι</span> 
     </span>
     <span class='ocr_line' id='line_1_41' title="bbox 170 2731 1127 2788; baseline -0.002 -13"><span class='ocrx_word' id='word_1_235' title='bbox 170 2731 392 2788; x_wconf 69' lang='lat' dir='ltr'>transigere</span> <span class='ocrx_word' id='word_1_236' title='bbox 433 2731 551 2782; x_wconf 83' lang='lat' dir='ltr'>offit,</span> <span class='ocrx_word' id='word_1_237' title='bbox 581 2736 783 2778; x_wconf 81' lang='lat' dir='ltr'>&amp;caeterae</span> <span class='ocrx_word' id='word_1_238' title='bbox 806 2733 1016 2788; x_wconf 87' lang='lat' dir='ltr'>Religiosae</span> <span class='ocrx_word' id='word_1_239' title='bbox 1039 2745 1127 2787; x_wconf 87' lang='lat' dir='ltr'>per·</span> 
     </span>
     <span class='ocr_line' id='line_1_42' title="bbox 175 2788 1126 2846; baseline -0.002 -13"><span class='ocrx_word' id='word_1_240' title='bbox 175 2793 278 2834; x_wconf 81' lang='lat' dir='ltr'>sonae</span> <span class='ocrx_word' id='word_1_241' title='bbox 293 2817 308 2841; x_wconf 86' lang='lat'>,</span> <span class='ocrx_word' id='word_1_242' title='bbox 333 2791 392 2830; x_wconf 91' lang='lat' dir='ltr'>Or</span> <span class='ocrx_word' id='word_1_243' title='bbox 423 2788 585 2844; x_wconf 66' lang='lat' dir='ltr'>inesque&#39;</span> <span class='ocrx_word' id='word_1_244' title='bbox 607 2793 675 2834; x_wconf 88' lang='lat' dir='ltr'>alii</span> <span class='ocrx_word' id='word_1_245' title='bbox 702 2821 718 2843; x_wconf 92' lang='lat'>,</span> <span class='ocrx_word' id='word_1_246' title='bbox 743 2790 927 2846; x_wconf 88' lang='lat' dir='ltr'>exemplo</span> <span class='ocrx_word' id='word_1_247' title='bbox 951 2791 1126 2846; x_wconf 90' lang='lat' dir='ltr'>ipsorum</span> 
     </span>
     <span class='ocr_line' id='line_1_43' title="bbox 171 2846 1127 2906; baseline 0.002 -17"><span class='ocrx_word' id='word_1_248' title='bbox 171 2846 778 2906; x_wconf 85' lang='lat' dir='ltr'>promptiores,alacrioresque</span> <span class='ocrx_word' id='word_1_249' title='bbox 797 2849 846 2892; x_wconf 83' lang='lat' dir='ltr'>ad</span> <span class='ocrx_word' id='word_1_250' title='bbox 875 2851 938 2892; x_wconf 89' lang='lat' dir='ltr'>sua</span> <span class='ocrx_word' id='word_1_251' title='bbox 963 2847 1127 2891; x_wconf 60' lang='lat' dir='ltr'>officia.»</span> 
     </span>
     <span class='ocr_line' id='line_1_44' title="bbox 172 2901 1128 2964; baseline -0.002 -15"><span class='ocrx_word' id='word_1_252' title='bbox 172 2901 440 2964; x_wconf 82' lang='lat' dir='ltr'>persolvenda</span> <span class='ocrx_word' id='word_1_253' title='bbox 468 2904 718 2950; x_wconf 85' lang='lat' dir='ltr'>reddantur.</span> <span class='ocrx_word' id='word_1_254' title='bbox 741 2910 923 2963; x_wconf 82' lang='lat' dir='ltr'>Cumque</span> <span class='ocrx_word' id='word_1_255' title='bbox 948 2906 1128 2950; x_wconf 84' lang='lat' dir='ltr'>etiamex</span> 
     </span>
     <span class='ocr_line' id='line_1_45' title="bbox 177 2963 1127 3022; baseline -0.002 -14"><span class='ocrx_word' id='word_1_256' title='bbox 177 2967 299 3022; x_wconf 86' lang='lat' dir='ltr'>ipsius</span> <span class='ocrx_word' id='word_1_257' title='bbox 319 2963 434 3007; x_wconf 88' lang='lat' dir='ltr'>Sedis</span> <span class='ocrx_word' id='word_1_258' title='bbox 448 2964 702 3018; x_wconf 87' lang='lat' dir='ltr'>provisione,</span> <span class='ocrx_word' id='word_1_259' title='bbox 727 2979 772 3008; x_wconf 88' lang='lat' dir='ltr'>ac</span> <span class='ocrx_word' id='word_1_260' title='bbox 792 2965 960 3021; x_wconf 81' lang='lat' dir='ltr'>benigna</span> <span class='ocrx_word' id='word_1_261' title='bbox 983 2965 1127 3021; x_wconf 88' lang='lat' dir='ltr'>digna-</span> 
     </span>
     <span class='ocr_line' id='line_1_46' title="bbox 174 3021 1122 3080; baseline -0.001 -14"><span class='ocrx_word' id='word_1_262' title='bbox 174 3023 290 3066; x_wconf 81' lang='lat' dir='ltr'>tione</span> <span class='ocrx_word' id='word_1_263' title='bbox 307 3021 522 3078; x_wconf 86' lang='lat' dir='ltr'>provenire</span> <span class='ocrx_word' id='word_1_264' title='bbox 544 3022 799 3080; x_wconf 72' lang='lat' dir='ltr'>dignoscatur</span> <span class='ocrx_word' id='word_1_265' title='bbox 814 3048 828 3071; x_wconf 84' lang='lat'>‚</span> <span class='ocrx_word' id='word_1_266' title='bbox 850 3033 896 3066; x_wconf 91' lang='lat' dir='ltr'>ut</span> <span class='ocrx_word' id='word_1_267' title='bbox 916 3026 1122 3067; x_wconf 89' lang='lat' dir='ltr'>Romanus</span> 
     </span>
     <span class='ocr_line' id='line_1_47' title="bbox 174 3079 1125 3139; baseline -0.002 -13"><span class='ocrx_word' id='word_1_268' title='bbox 174 3080 363 3126; x_wconf 84' lang='lat' dir='ltr'>Pontifex</span> <span class='ocrx_word' id='word_1_269' title='bbox 377 3080 613 3139; x_wconf 89' lang='lat' dir='ltr'>quandoque</span> <span class='ocrx_word' id='word_1_270' title='bbox 627 3079 957 3125; x_wconf 83' lang='lat' dir='ltr'>Praedecefforum</span> <span class='ocrx_word' id='word_1_271' title='bbox 969 3080 1125 3124; x_wconf 89' lang='lat' dir='ltr'>suorum</span> 
     </span>
     <span class='ocr_line' id='line_1_48' title="bbox 175 3139 1127 3196; baseline -0.002 -12"><span class='ocrx_word' id='word_1_272' title='bbox 175 3141 457 3184; x_wconf 76' lang='lat' dir='ltr'>Romanorum</span> <span class='ocrx_word' id='word_1_273' title='bbox 472 3139 715 3196; x_wconf 61' lang='lat' dir='ltr'>Boutificum</span> <span class='ocrx_word' id='word_1_274' title='bbox 741 3139 848 3196; x_wconf 80' lang='lat' dir='ltr'>gesta</span> <span class='ocrx_word' id='word_1_275' title='bbox 864 3139 1030 3182; x_wconf 84' lang='lat' dir='ltr'>innovet</span> <span class='ocrx_word' id='word_1_276' title='bbox 1043 3169 1058 3190; x_wconf 88' lang='lat'>,</span> <span class='ocrx_word' id='word_1_277' title='bbox 1081 3154 1127 3182; x_wconf 89' lang='lat' dir='ltr'>ac</span> 
     </span>
    </p>
   </div>
   <div class='ocr_carea' id='block_1_8' title="bbox 110 3195 1127 3250">
    <p class='ocr_par' dir='ltr' id='par_1_10' title="bbox 110 3195 1127 3250">
     <span class='ocr_line' id='line_1_49' title="bbox 110 3195 1127 3250; baseline -0.002 -8"><span class='ocrx_word' id='word_1_278' title='bbox 110 3209 127 3235; x_wconf 63' lang='grc' dir='ltr'><strong>Ἀ</strong></span> <span class='ocrx_word' id='word_1_279' title='bbox 179 3195 474 3242; x_wconf 76' lang='lat' dir='ltr'>innovationem</span> <span class='ocrx_word' id='word_1_280' title='bbox 488 3228 504 3250; x_wconf 87' lang='lat'>,</span> <span class='ocrx_word' id='word_1_281' title='bbox 521 3213 567 3242; x_wconf 84' lang='lat' dir='ltr'>ac</span> <span class='ocrx_word' id='word_1_282' title='bbox 585 3200 887 3243; x_wconf 81' lang='lat' dir='ltr'>revocationem</span> <span class='ocrx_word' id='word_1_283' title='bbox 907 3198 1098 3240; x_wconf 84' lang='lat' dir='ltr'>restauret</span> <span class='ocrx_word' id='word_1_284' title='bbox 1111 3228 1127 3250; x_wconf 92' lang='lat'>,</span> 
     </span>
    </p>
   </div>
   <div class='ocr_carea' id='block_1_9' title="bbox 180 3255 1130 3780">
    <p class='ocr_par' dir='ltr' id='par_1_11' title="bbox 180 3255 1128 3434">
     <span class='ocr_line' id='line_1_50' title="bbox 180 3255 1128 3313; baseline 0.001 -15"><span class='ocrx_word' id='word_1_285' title='bbox 180 3255 221 3299; x_wconf 66' lang='lat' dir='ltr'>Bt</span> <span class='ocrx_word' id='word_1_286' title='bbox 231 3256 461 3313; x_wconf 74' lang='lat' dir='ltr'>Apostolica</span> <span class='ocrx_word' id='word_1_287' title='bbox 475 3259 715 3303; x_wconf 65' lang='lat' dir='ltr'>auetoritate</span> <span class='ocrx_word' id='word_1_288' title='bbox 731 3259 916 3301; x_wconf 85' lang='lat' dir='ltr'>innovata</span> <span class='ocrx_word' id='word_1_289' title='bbox 925 3258 965 3299; x_wconf 74' lang='grc' dir='ltr'>δε</span> <span class='ocrx_word' id='word_1_290' title='bbox 978 3256 1128 3299; x_wconf 85' lang='lat' dir='ltr'>restau-</span> 
     </span>
     <span class='ocr_line' id='line_1_51' title="bbox 181 3313 1128 3372; baseline 0 -16"><span class='ocrx_word' id='word_1_291' title='bbox 181 3318 269 3357; x_wconf 76' lang='lat' dir='ltr'>rata</span> <span class='ocrx_word' id='word_1_292' title='bbox 283 3315 430 3358; x_wconf 88' lang='lat' dir='ltr'>muniat</span> <span class='ocrx_word' id='word_1_293' title='bbox 449 3318 486 3358; x_wconf 76' lang='grc' dir='ltr'>δι</span> <span class='ocrx_word' id='word_1_294' title='bbox 500 3314 665 3371; x_wconf 78' lang='lat' dir='ltr'>fulciat,</span> <span class='ocrx_word' id='word_1_295' title='bbox 686 3332 733 3361; x_wconf 76' lang='lat' dir='ltr'>ac</span> <span class='ocrx_word' id='word_1_296' title='bbox 761 3317 802 3359; x_wconf 88' lang='lat' dir='ltr'>in</span> <span class='ocrx_word' id='word_1_297' title='bbox 831 3314 1036 3372; x_wconf 85' lang='lat' dir='ltr'>pristinum</span> <span class='ocrx_word' id='word_1_298' title='bbox 1051 3313 1128 3357; x_wconf 87' lang='lat' dir='ltr'>sta-</span> 
     </span>
     <span class='ocr_line' id='line_1_52' title="bbox 186 3376 830 3434; baseline 0.002 -18"><span class='ocrx_word' id='word_1_299' title='bbox 186 3377 273 3434; x_wconf 57' lang='lat' dir='ltr'>tum]</span> <span class='ocrx_word' id='word_1_300' title='bbox 284 3383 454 3431; x_wconf 84' lang='lat' dir='ltr'>reponat</span> <span class='ocrx_word' id='word_1_301' title='bbox 479 3376 519 3418; x_wconf 76' lang='grc' dir='ltr'>δι</span> <span class='ocrx_word' id='word_1_302' title='bbox 532 3376 696 3421; x_wconf 89' lang='lat' dir='ltr'>redueat</span> <span class='ocrx_word' id='word_1_303' title='bbox 712 3404 725 3417; x_wconf 86' lang='lat'><strong>.</strong></span> <span class='ocrx_word' id='word_1_304' title='bbox 826 3427 830 3430; x_wconf 13' lang='grc' dir='ltr'><strong><em>ἢ</em></strong></span> 
     </span>
    </p>

    <p class='ocr_par' dir='ltr' id='par_1_12' title="bbox 186 3429 1130 3780">
     <span class='ocr_line' id='line_1_53' title="bbox 256 3429 1128 3489; baseline -0.001 -15"><span class='ocrx_word' id='word_1_305' title='bbox 256 3432 352 3474; x_wconf 81' lang='lat' dir='ltr'>Et</span> <span class='ocrx_word' id='word_1_306' title='bbox 360 3442 572 3489; x_wconf 79' lang='lat' dir='ltr'>propterea</span> <span class='ocrx_word' id='word_1_307' title='bbox 587 3434 771 3480; x_wconf 87' lang='lat' dir='ltr'>nonnulli</span> <span class='ocrx_word' id='word_1_308' title='bbox 800 3434 969 3476; x_wconf 87' lang='lat' dir='ltr'>Romani</span> <span class='ocrx_word' id='word_1_309' title='bbox 986 3429 1128 3475; x_wconf 87' lang='lat' dir='ltr'>Ponti·</span> 
     </span>
     <span class='ocr_line' id='line_1_54' title="bbox 186 3483 1128 3551; baseline -0.001 -19"><span class='ocrx_word' id='word_1_310' title='bbox 186 3483 290 3551; x_wconf 65' lang='lat' dir='ltr'>fifes‘</span> <span class='ocrx_word' id='word_1_311' title='bbox 302 3488 602 3546; x_wconf 65' lang='lat' dir='ltr'>Rroedecesiores</span> <span class='ocrx_word' id='word_1_312' title='bbox 637 3494 760 3538; x_wconf 76' lang='lat' dir='ltr'>nostri</span> <span class='ocrx_word' id='word_1_313' title='bbox 796 3491 1011 3536; x_wconf 87' lang='lat' dir='ltr'>nonnullas</span> <span class='ocrx_word' id='word_1_314' title='bbox 1037 3503 1128 3546; x_wconf 88' lang='lat' dir='ltr'>gra-</span> 
     </span>
     <span class='ocr_line' id='line_1_55' title="bbox 187 3547 1127 3611; baseline -0.005 -17"><span class='ocrx_word' id='word_1_315' title='bbox 187 3547 587 3611; x_wconf 64' lang='lat' dir='ltr'>t¹a⁸2eoneeffiones,</span> <span class='ocrx_word' id='word_1_316' title='bbox 612 3552 881 3607; x_wconf 81' lang='lat' dir='ltr'>indulgentias</span> <span class='ocrx_word' id='word_1_317' title='bbox 895 3579 908 3601; x_wconf 86' lang='lat'>‚</span> <span class='ocrx_word' id='word_1_318' title='bbox 934 3558 1127 3606; x_wconf 86' lang='lat' dir='ltr'>peccato-</span> 
     </span>
     <span class='ocr_line' id='line_1_56' title="bbox 187 3603 1127 3667; baseline 0.002 -21"><span class='ocrx_word' id='word_1_319' title='bbox 187 3613 277 3666; x_wconf 58' lang='lat' dir='ltr'>rum</span> <span class='ocrx_word' id='word_1_320' title='bbox 292 3603 526 3667; x_wconf 70' lang='lat' dir='ltr'>remissiones</span> <span class='ocrx_word' id='word_1_321' title='bbox 541 3635 556 3659; x_wconf 93' lang='lat'>,</span> <span class='ocrx_word' id='word_1_322' title='bbox 569 3611 839 3655; x_wconf 76' lang='lat' dir='ltr'>absolutiones</span> <span class='ocrx_word' id='word_1_323' title='bbox 857 3608 976 3652; x_wconf 87' lang='lat' dir='ltr'>etiam</span> <span class='ocrx_word' id='word_1_324' title='bbox 989 3607 1127 3664; x_wconf 90' lang='lat' dir='ltr'>plena-</span> 
     </span>
     <span class='ocr_line' id='line_1_57' title="bbox 187 3657 1126 3726; baseline 0.01 -27"><span class='ocrx_word' id='word_1_325' title='bbox 187 3670 270 3726; x_wconf 60' lang='lat' dir='ltr'>rias</span> <span class='ocrx_word' id='word_1_326' title='bbox 287 3683 300 3705; x_wconf 68' lang='lat' dir='ltr'>a</span> <span class='ocrx_word' id='word_1_327' title='bbox 320 3657 523 3724; x_wconf 58' lang='lat' dir='ltr'>libertates</span> <span class='ocrx_word' id='word_1_328' title='bbox 550 3695 566 3718; x_wconf 85' lang='lat'>,</span> <span class='ocrx_word' id='word_1_329' title='bbox 587 3671 864 3724; x_wconf 67' lang='lat' dir='ltr'>prerogativam</span> <span class='ocrx_word' id='word_1_330' title='bbox 892 3695 907 3716; x_wconf 83' lang='lat'>,</span> <span class='ocrx_word' id='word_1_331' title='bbox 936 3667 1095 3710; x_wconf 87' lang='lat' dir='ltr'>favores</span> <span class='ocrx_word' id='word_1_332' title='bbox 1111 3694 1126 3718; x_wconf 92' lang='lat'>,</span> 
     </span>
     <span class='ocr_line' id='line_1_58' title="bbox 189 3724 1130 3780; baseline -0.003 -11"><span class='ocrx_word' id='word_1_333' title='bbox 189 3724 458 3761; x_wconf 64' lang='lat' dir='ltr'>lmmunstatess</span> <span class='ocrx_word' id='word_1_334' title='bbox 468 3737 484 3769; x_wconf 69' lang='lat' dir='ltr'>&#39;s</span> <span class='ocrx_word' id='word_1_335' title='bbox 493 3728 765 3780; x_wconf 79' lang='lat' dir='ltr'>exemptiones</span> <span class='ocrx_word' id='word_1_336' title='bbox 778 3754 793 3776; x_wconf 79' lang='lat'>,</span> <span class='ocrx_word' id='word_1_337' title='bbox 810 3726 1130 3773; x_wconf 82' lang='lat' dir='ltr'>declarationes,</span> 
     </span>
    </p>
   </div>
   <div class='ocr_carea' id='block_1_10' title="bbox 190 3773 1131 3877">
    <p class='ocr_par' dir='ltr' id='par_1_13' title="bbox 190 3773 1131 3877">
     <span class='ocr_line' id='line_1_59' title="bbox 190 3773 1131 3877; baseline 0.016 -62"><span class='ocrx_word' id='word_1_338' title='bbox 190 3773 407 3874; x_wconf 49' lang='lat' dir='ltr'>facultlactgts</span> <span class='ocrx_word' id='word_1_339' title='bbox 423 3790 494 3877; x_wconf 53' lang='lat' dir='ltr'><strong><em>ff</em></strong></span> <span class='ocrx_word' id='word_1_340' title='bbox 506 3784 636 3826; x_wconf 85' lang='lat' dir='ltr'>omnia</span> <span class='ocrx_word' id='word_1_341' title='bbox 662 3785 703 3827; x_wconf 75' lang='grc' dir='ltr'>δι</span> <span class='ocrx_word' id='word_1_342' title='bbox 723 3785 874 3845; x_wconf 79' lang='lat' dir='ltr'>singula</span> <span class='ocrx_word' id='word_1_343' title='bbox 892 3784 1100 3841; x_wconf 82' lang='lat' dir='ltr'>privilegia</span> <span class='ocrx_word' id='word_1_344' title='bbox 1115 3813 1131 3833; x_wconf 85' lang='lat'>‚</span> 
     </span>
    </p>
   </div>
   <div class='ocr_carea' id='block_1_11' title="bbox 1909 227 2075 304">
    <p class='ocr_par' dir='ltr' id='par_1_14' title="bbox 1909 227 2075 304">
     <span class='ocr_line' id='line_1_60' title="bbox 1909 227 2075 304; baseline -0.006 0"><span class='ocrx_word' id='word_1_345' title='bbox 1909 227 2075 304; x_wconf 82' lang='lat'>249</span> 
     </span>
    </p>
   </div>
   <div class='ocr_carea' id='block_1_12' title="bbox 1178 334 2148 3839">
    <p class='ocr_par' dir='ltr' id='par_1_15' title="bbox 1178 334 2148 3839">
     <span class='ocr_line' id='line_1_61' title="bbox 1195 334 2141 400; baseline 0.015 -25"><span class='ocrx_word' id='word_1_346' title='bbox 1195 337 1236 376; x_wconf 84' lang='lat'>&amp;</span> <span class='ocrx_word' id='word_1_347' title='bbox 1252 335 1408 378; x_wconf 86' lang='lat' dir='ltr'>indulta</span> <span class='ocrx_word' id='word_1_348' title='bbox 1422 345 1503 377; x_wconf 85' lang='lat' dir='ltr'>tam</span> <span class='ocrx_word' id='word_1_349' title='bbox 1518 334 1868 392; x_wconf 69' lang='lat' dir='ltr'>spiritualia‚qu5m</span> <span class='ocrx_word' id='word_1_350' title='bbox 1891 349 2141 400; x_wconf 71' lang='lat' dir='ltr'>temporalia,</span> 
     </span>
     <span class='ocr_line' id='line_1_62' title="bbox 1194 391 2140 452; baseline 0.019 -26"><span class='ocrx_word' id='word_1_351' title='bbox 1194 392 1315 433; x_wconf 73' lang='lat' dir='ltr'>etiam</span> <span class='ocrx_word' id='word_1_352' title='bbox 1332 406 1405 441; x_wconf 86' lang='lat' dir='ltr'>per</span> <span class='ocrx_word' id='word_1_353' title='bbox 1424 391 1544 430; x_wconf 87' lang='lat' dir='ltr'>solam</span> <span class='ocrx_word' id='word_1_354' title='bbox 1561 391 1820 444; x_wconf 87' lang='lat' dir='ltr'>signaturam,</span> <span class='ocrx_word' id='word_1_355' title='bbox 1837 409 1905 439; x_wconf 89' lang='lat' dir='ltr'>aut</span> <span class='ocrx_word' id='word_1_356' title='bbox 1920 413 1991 452; x_wconf 89' lang='lat' dir='ltr'>per</span> <span class='ocrx_word' id='word_1_357' title='bbox 2002 416 2140 443; x_wconf 82' lang='lat' dir='ltr'>oracu-</span> 
     </span>
     <span class='ocr_line' id='line_1_63' title="bbox 1191 446 2141 511; baseline 0.009 -21"><span class='ocrx_word' id='word_1_358' title='bbox 1191 449 1230 490; x_wconf 88' lang='lat' dir='ltr'>la</span> <span class='ocrx_word' id='word_1_359' title='bbox 1246 448 1344 488; x_wconf 85' lang='lat' dir='ltr'>vivae</span> <span class='ocrx_word' id='word_1_360' title='bbox 1357 446 1468 488; x_wconf 86' lang='lat' dir='ltr'>vocis</span> <span class='ocrx_word' id='word_1_361' title='bbox 1481 472 1496 494; x_wconf 83' lang='lat'>‚</span> <span class='ocrx_word' id='word_1_362' title='bbox 1515 449 1575 489; x_wconf 86' lang='lat' dir='ltr'>vel</span> <span class='ocrx_word' id='word_1_363' title='bbox 1590 448 1686 491; x_wconf 75' lang='lat' dir='ltr'>alias</span> <span class='ocrx_word' id='word_1_364' title='bbox 1702 476 1716 499; x_wconf 81' lang='lat'>‚</span> <span class='ocrx_word' id='word_1_365' title='bbox 1729 452 1852 492; x_wconf 89' lang='lat' dir='ltr'>etiam</span> <span class='ocrx_word' id='word_1_366' title='bbox 1867 466 2006 498; x_wconf 88' lang='lat' dir='ltr'>contra</span> <span class='ocrx_word' id='word_1_367' title='bbox 2027 462 2141 511; x_wconf 84' lang='lat' dir='ltr'>Apo-</span> 
     </span>
     <span class='ocr_line' id='line_1_64' title="bbox 1190 502 2140 568; baseline 0.009 -21"><span class='ocrx_word' id='word_1_368' title='bbox 1190 506 1299 547; x_wconf 86' lang='lat' dir='ltr'>statas</span> <span class='ocrx_word' id='word_1_369' title='bbox 1313 530 1326 552; x_wconf 89' lang='lat'>,</span> <span class='ocrx_word' id='word_1_370' title='bbox 1341 513 1422 546; x_wconf 89' lang='lat' dir='ltr'>tam</span> <span class='ocrx_word' id='word_1_371' title='bbox 1435 518 1514 559; x_wconf 84' lang='lat' dir='ltr'>pro</span> <span class='ocrx_word' id='word_1_372' title='bbox 1527 502 1615 547; x_wconf 90' lang='lat' dir='ltr'>foro</span> <span class='ocrx_word' id='word_1_373' title='bbox 1630 506 1885 552; x_wconf 82' lang='lat' dir='ltr'>conscientiae</span> <span class='ocrx_word' id='word_1_374' title='bbox 1897 538 1911 560; x_wconf 84' lang='lat'>,</span> <span class='ocrx_word' id='word_1_375' title='bbox 1935 514 2052 566; x_wconf 63' lang='lat' dir='ltr'>quim</span> <span class='ocrx_word' id='word_1_376' title='bbox 2067 529 2140 568; x_wconf 89' lang='lat' dir='ltr'>pro</span> 
     </span>
     <span class='ocr_line' id='line_1_65' title="bbox 1194 562 2143 619; baseline 0.009 -16"><span class='ocrx_word' id='word_1_377' title='bbox 1194 563 1283 604; x_wconf 92' lang='lat' dir='ltr'>soro</span> <span class='ocrx_word' id='word_1_378' title='bbox 1297 562 1375 603; x_wconf 87' lang='lat' dir='ltr'>fori</span> <span class='ocrx_word' id='word_1_379' title='bbox 1390 591 1404 613; x_wconf 87' lang='lat'><strong>‚</strong></span> <span class='ocrx_word' id='word_1_380' title='bbox 1420 572 1499 604; x_wconf 89' lang='lat' dir='ltr'>tarn</span> <span class='ocrx_word' id='word_1_381' title='bbox 1514 564 1704 616; x_wconf 62' lang='lat' dir='ltr'>praedietis</span> <span class='ocrx_word' id='word_1_382' title='bbox 1721 570 1907 613; x_wconf 84' lang='lat' dir='ltr'>Fratrum</span> <span class='ocrx_word' id='word_1_383' title='bbox 1923 572 2143 619; x_wconf 87' lang='lat' dir='ltr'>Minorum,</span> 
     </span>
     <span class='ocr_line' id='line_1_66' title="bbox 1191 621 2144 679; baseline 0.01 -19"><span class='ocrx_word' id='word_1_384' title='bbox 1191 621 1309 676; x_wconf 67' lang='lat' dir='ltr'>quam</span> <span class='ocrx_word' id='word_1_385' title='bbox 1326 623 1475 663; x_wconf 74' lang='lat' dir='ltr'>Sant‘iae</span> <span class='ocrx_word' id='word_1_386' title='bbox 1488 623 1642 674; x_wconf 78' lang='lat' dir='ltr'>Clarae,</span> <span class='ocrx_word' id='word_1_387' title='bbox 1670 641 1716 668; x_wconf 88' lang='lat' dir='ltr'>ac</span> <span class='ocrx_word' id='word_1_388' title='bbox 1734 628 1876 670; x_wconf 88' lang='lat' dir='ltr'>Tertio</span> <span class='ocrx_word' id='word_1_389' title='bbox 1893 657 1907 679; x_wconf 89' lang='lat'>,</span> <span class='ocrx_word' id='word_1_390' title='bbox 1931 630 1984 672; x_wconf 90' lang='lat' dir='ltr'>de</span> <span class='ocrx_word' id='word_1_391' title='bbox 2003 630 2144 670; x_wconf 88' lang='lat' dir='ltr'>Poeni-</span> 
     </span>
     <span class='ocr_line' id='line_1_67' title="bbox 1192 682 2142 745; baseline 0.007 -24"><span class='ocrx_word' id='word_1_392' title='bbox 1192 682 1333 745; x_wconf 42' lang='lat' dir='ltr'>tentia·</span> <span class='ocrx_word' id='word_1_393' title='bbox 1345 692 1575 737; x_wconf 89' lang='lat' dir='ltr'>nuncupato</span> <span class='ocrx_word' id='word_1_394' title='bbox 1587 709 1600 730; x_wconf 89' lang='lat'>,</span> <span class='ocrx_word' id='word_1_395' title='bbox 1632 685 1851 729; x_wconf 85' lang='lat' dir='ltr'>Ordinibus</span> <span class='ocrx_word' id='word_1_396' title='bbox 1865 688 2142 742; x_wconf 89' lang='lat' dir='ltr'>,illorumque</span> 
     </span>
     <span class='ocr_line' id='line_1_68' title="bbox 1189 738 2145 794; baseline 0.006 -13"><span class='ocrx_word' id='word_1_397' title='bbox 1189 738 1472 793; x_wconf 83' lang='lat' dir='ltr'>Superioribus</span> <span class='ocrx_word' id='word_1_398' title='bbox 1497 767 1510 789; x_wconf 86' lang='lat'>,</span> <span class='ocrx_word' id='word_1_399' title='bbox 1539 744 1771 793; x_wconf 83' lang='lat' dir='ltr'>Fratribus,</span> <span class='ocrx_word' id='word_1_400' title='bbox 1798 746 2045 790; x_wconf 88' lang='lat' dir='ltr'>Monialibus</span> <span class='ocrx_word' id='word_1_401' title='bbox 2067 771 2081 794; x_wconf 65' lang='lat'>2</span> <span class='ocrx_word' id='word_1_402' title='bbox 2104 747 2145 787; x_wconf 86' lang='lat'>&amp;</span> 
     </span>
     <span class='ocr_line' id='line_1_69' title="bbox 1190 797 2145 859; baseline 0.006 -19"><span class='ocrx_word' id='word_1_403' title='bbox 1190 797 1404 840; x_wconf 86' lang='lat' dir='ltr'>Sororibus</span> <span class='ocrx_word' id='word_1_404' title='bbox 1419 825 1433 849; x_wconf 92' lang='lat'>,</span> <span class='ocrx_word' id='word_1_405' title='bbox 1458 812 1502 840; x_wconf 90' lang='lat' dir='ltr'>ac</span> <span class='ocrx_word' id='word_1_406' title='bbox 1521 800 1723 858; x_wconf 88' lang='lat' dir='ltr'>utriusque</span> <span class='ocrx_word' id='word_1_407' title='bbox 1749 803 1860 847; x_wconf 76' lang='lat' dir='ltr'>sexfis</span> <span class='ocrx_word' id='word_1_408' title='bbox 1875 804 2052 859; x_wconf 85' lang='lat' dir='ltr'>personis</span> <span class='ocrx_word' id='word_1_409' title='bbox 2068 829 2083 853; x_wconf 89' lang='lat'>,</span> <span class='ocrx_word' id='word_1_410' title='bbox 2101 806 2145 846; x_wconf 75' lang='grc' dir='ltr'>δι</span> 
     </span>
     <span class='ocr_line' id='line_1_70' title="bbox 1187 855 2140 915; baseline 0.008 -19"><span class='ocrx_word' id='word_1_411' title='bbox 1187 855 1462 906; x_wconf 86' lang='lat' dir='ltr'>Monasteriis,</span> <span class='ocrx_word' id='word_1_412' title='bbox 1492 859 1712 910; x_wconf 84' lang='lat' dir='ltr'>Domibus,</span> <span class='ocrx_word' id='word_1_413' title='bbox 1740 863 1958 915; x_wconf 86' lang='lat' dir='ltr'>Ecclesiis,</span> <span class='ocrx_word' id='word_1_414' title='bbox 1986 863 2140 906; x_wconf 86' lang='lat' dir='ltr'>&amp;locis</span> 
     </span>
     <span class='ocr_line' id='line_1_71' title="bbox 1185 914 2146 971; baseline 0.009 -14"><span class='ocrx_word' id='word_1_415' title='bbox 1185 914 1501 971; x_wconf 89' lang='lat' dir='ltr'>quibuscumque</span> <span class='ocrx_word' id='word_1_416' title='bbox 1516 917 1711 962; x_wconf 76' lang='lat' dir='ltr'>dit‘iorum</span> <span class='ocrx_word' id='word_1_417' title='bbox 1726 921 1928 964; x_wconf 88' lang='lat' dir='ltr'>Ordinum</span> <span class='ocrx_word' id='word_1_418' title='bbox 1943 949 1958 971; x_wconf 92' lang='lat'>,</span> <span class='ocrx_word' id='word_1_419' title='bbox 1973 937 2075 964; x_wconf 90' lang='lat' dir='ltr'>nunc</span> <span class='ocrx_word' id='word_1_420' title='bbox 2099 923 2146 966; x_wconf 73' lang='lat'>&amp;-</span> 
     </span>
     <span class='ocr_line' id='line_1_72' title="bbox 1186 977 2146 1036; baseline 0.008 -22"><span class='ocrx_word' id='word_1_421' title='bbox 1186 988 1262 1030; x_wconf 87' lang='lat' dir='ltr'>pro</span> <span class='ocrx_word' id='word_1_422' title='bbox 1278 982 1460 1028; x_wconf 88' lang='lat' dir='ltr'>tempore</span> <span class='ocrx_word' id='word_1_423' title='bbox 1486 977 1740 1020; x_wconf 85' lang='lat' dir='ltr'>existentibus</span> <span class='ocrx_word' id='word_1_424' title='bbox 1764 980 1802 1022; x_wconf 88' lang='lat' dir='ltr'>in</span> <span class='ocrx_word' id='word_1_425' title='bbox 1817 994 1990 1036; x_wconf 84' lang='lat' dir='ltr'>genere,</span> <span class='ocrx_word' id='word_1_426' title='bbox 2014 982 2075 1025; x_wconf 87' lang='lat' dir='ltr'>vel</span> <span class='ocrx_word' id='word_1_427' title='bbox 2099 981 2146 1023; x_wconf 74' lang='lat' dir='ltr'>in.</span> 
     </span>
     <span class='ocr_line' id='line_1_73' title="bbox 1187 1031 2140 1092; baseline 0.006 -18"><span class='ocrx_word' id='word_1_428' title='bbox 1187 1031 1334 1088; x_wconf 86' lang='lat' dir='ltr'>specie,</span> <span class='ocrx_word' id='word_1_429' title='bbox 1347 1034 1469 1075; x_wconf 88' lang='lat' dir='ltr'>etiam</span> <span class='ocrx_word' id='word_1_430' title='bbox 1483 1050 1554 1089; x_wconf 87' lang='lat' dir='ltr'>per</span> <span class='ocrx_word' id='word_1_431' title='bbox 1567 1037 1660 1079; x_wconf 91' lang='lat' dir='ltr'>mod</span> <span class='ocrx_word' id='word_1_432' title='bbox 1667 1051 1731 1079; x_wconf 88' lang='lat' dir='ltr'>um</span> <span class='ocrx_word' id='word_1_433' title='bbox 1755 1039 2140 1092; x_wconf 83' lang='lat' dir='ltr'>communicationis,</span> 
     </span>
     <span class='ocr_line' id='line_1_74' title="bbox 1188 1091 2137 1152; baseline 0.006 -18"><span class='ocrx_word' id='word_1_434' title='bbox 1188 1091 1252 1134; x_wconf 85' lang='lat' dir='ltr'>vel</span> <span class='ocrx_word' id='word_1_435' title='bbox 1281 1094 1520 1135; x_wconf 72' lang='lat' dir='ltr'>extensionis</span> <span class='ocrx_word' id='word_1_436' title='bbox 1549 1096 1854 1152; x_wconf 86' lang='lat' dir='ltr'>privilegiorum</span> <span class='ocrx_word' id='word_1_437' title='bbox 1873 1100 1978 1142; x_wconf 88' lang='lat' dir='ltr'>inter</span> <span class='ocrx_word' id='word_1_438' title='bbox 1996 1099 2059 1150; x_wconf 89' lang='lat' dir='ltr'>se,</span> <span class='ocrx_word' id='word_1_439' title='bbox 2088 1112 2137 1140; x_wconf 91' lang='lat' dir='ltr'>ac</span> 
     </span>
     <span class='ocr_line' id='line_1_75' title="bbox 1186 1151 2137 1212; baseline 0.006 -20"><span class='ocrx_word' id='word_1_440' title='bbox 1186 1151 1307 1192; x_wconf 88' lang='lat' dir='ltr'>etiam</span> <span class='ocrx_word' id='word_1_441' title='bbox 1334 1165 1422 1193; x_wconf 90' lang='lat' dir='ltr'>cum</span> <span class='ocrx_word' id='word_1_442' title='bbox 1447 1152 1532 1195; x_wconf 89' lang='lat' dir='ltr'>aliis</span> <span class='ocrx_word' id='word_1_443' title='bbox 1565 1155 1876 1212; x_wconf 88' lang='lat' dir='ltr'>quibuscumque</span> <span class='ocrx_word' id='word_1_444' title='bbox 1916 1157 2137 1199; x_wconf 86' lang='lat' dir='ltr'>Ordinibus</span> 
     </span>
     <span class='ocr_line' id='line_1_76' title="bbox 1184 1208 2143 1264; baseline 0.008 -16"><span class='ocrx_word' id='word_1_445' title='bbox 1184 1208 1509 1254; x_wconf 87' lang='lat' dir='ltr'>Mendicantibus</span> <span class='ocrx_word' id='word_1_446' title='bbox 1526 1242 1539 1264; x_wconf 92' lang='lat'>,</span> <span class='ocrx_word' id='word_1_447' title='bbox 1553 1214 1592 1254; x_wconf 76' lang='grc' dir='ltr'>δι</span> <span class='ocrx_word' id='word_1_448' title='bbox 1606 1228 1684 1256; x_wconf 88' lang='lat' dir='ltr'>non</span> <span class='ocrx_word' id='word_1_449' title='bbox 1716 1214 2042 1258; x_wconf 87' lang='lat' dir='ltr'>Mendicantibus</span> <span class='ocrx_word' id='word_1_450' title='bbox 2059 1241 2074 1264; x_wconf 88' lang='lat'>,</span> <span class='ocrx_word' id='word_1_451' title='bbox 2100 1216 2143 1256; x_wconf 69' lang='grc' dir='ltr'>δι</span> 
     </span>
     <span class='ocr_line' id='line_1_77' title="bbox 1185 1266 2138 1325; baseline 0.007 -17"><span class='ocrx_word' id='word_1_452' title='bbox 1185 1266 1254 1310; x_wconf 87' lang='lat' dir='ltr'>sel.</span> <span class='ocrx_word' id='word_1_453' title='bbox 1285 1281 1364 1309; x_wconf 86' lang='lat' dir='ltr'>rec.</span> <span class='ocrx_word' id='word_1_454' title='bbox 1395 1271 1617 1325; x_wconf 84' lang='lat' dir='ltr'>Gregorius</span> <span class='ocrx_word' id='word_1_455' title='bbox 1649 1276 1667 1315; x_wconf 88' lang='lat'>1</span> <span class='ocrx_word' id='word_1_456' title='bbox 1674 1276 1725 1316; x_wconf 90' lang='grc' dir='ltr'>Χ.</span> <span class='ocrx_word' id='word_1_457' title='bbox 1764 1273 1988 1317; x_wconf 84' lang='lat' dir='ltr'>Bonifaeius</span> <span class='ocrx_word' id='word_1_458' title='bbox 2018 1276 2138 1316; x_wconf 82' lang='lat' dir='ltr'>vlu.</span> 
     </span>
     <span class='ocr_line' id='line_1_78' title="bbox 1184 1325 2136 1375; baseline 0.007 -8"><span class='ocrx_word' id='word_1_459' title='bbox 1184 1325 1419 1368; x_wconf 79' lang='lat' dir='ltr'>Alexander</span> <span class='ocrx_word' id='word_1_460' title='bbox 1448 1330 1523 1373; x_wconf 84' lang='lat' dir='ltr'>IV.</span> <span class='ocrx_word' id='word_1_461' title='bbox 1549 1331 1739 1373; x_wconf 86' lang='lat' dir='ltr'>Nicolaus</span> <span class='ocrx_word' id='word_1_462' title='bbox 1771 1335 1846 1374; x_wconf 85' lang='lat'>111.</span> <span class='ocrx_word' id='word_1_463' title='bbox 1869 1330 2055 1375; x_wconf 86' lang='lat' dir='ltr'>Clemens</span> <span class='ocrx_word' id='word_1_464' title='bbox 2083 1334 2136 1374; x_wconf 84' lang='lat' dir='ltr'>V.</span> 
     </span>
     <span class='ocr_line' id='line_1_79' title="bbox 1182 1384 2145 1439; baseline 0.007 -15"><span class='ocrx_word' id='word_1_465' title='bbox 1182 1384 1385 1439; x_wconf 83' lang='lat' dir='ltr'>Eugenius</span> <span class='ocrx_word' id='word_1_466' title='bbox 1415 1385 1535 1428; x_wconf 89' lang='lat' dir='ltr'>etiam</span> <span class='ocrx_word' id='word_1_467' title='bbox 1555 1388 1627 1429; x_wconf 83' lang='lat' dir='ltr'>tv.</span> <span class='ocrx_word' id='word_1_468' title='bbox 1656 1391 1738 1431; x_wconf 87' lang='lat' dir='ltr'>Leo</span> <span class='ocrx_word' id='word_1_469' title='bbox 1756 1391 1806 1431; x_wconf 82' lang='lat' dir='ltr'>X·</span> <span class='ocrx_word' id='word_1_470' title='bbox 1830 1389 2021 1432; x_wconf 88' lang='lat' dir='ltr'>Clemens</span> <span class='ocrx_word' id='word_1_471' title='bbox 2038 1391 2145 1431; x_wconf 87' lang='lat' dir='ltr'>Vll..</span> 
     </span>
     <span class='ocr_line' id='line_1_80' title="bbox 1184 1440 2136 1502; baseline 0.004 -16"><span class='ocrx_word' id='word_1_472' title='bbox 1184 1442 1330 1486; x_wconf 79' lang='lat' dir='ltr'>Paulus</span> <span class='ocrx_word' id='word_1_473' title='bbox 1345 1440 1617 1487; x_wconf 81' lang='lat' dir='ltr'>similiter-111.</span> <span class='ocrx_word' id='word_1_474' title='bbox 1634 1447 1821 1502; x_wconf 80' lang='lat' dir='ltr'>acJulius</span> <span class='ocrx_word' id='word_1_475' title='bbox 1836 1449 1959 1490; x_wconf 89' lang='lat' dir='ltr'>etiam</span> <span class='ocrx_word' id='word_1_476' title='bbox 1984 1449 2061 1489; x_wconf 87' lang='lat'>111.</span> <span class='ocrx_word' id='word_1_477' title='bbox 2087 1462 2136 1490; x_wconf 86' lang='lat' dir='ltr'>ac</span> 
     </span>
     <span class='ocr_line' id='line_1_81' title="bbox 1178 1501 2139 1555; baseline 0.005 -12"><span class='ocrx_word' id='word_1_478' title='bbox 1178 1501 1244 1544; x_wconf 92' lang='lat' dir='ltr'>alii</span> <span class='ocrx_word' id='word_1_479' title='bbox 1261 1502 1435 1544; x_wconf 87' lang='lat' dir='ltr'>Romani</span> <span class='ocrx_word' id='word_1_480' title='bbox 1449 1502 1663 1547; x_wconf 81' lang='lat' dir='ltr'>Pontifices</span> <span class='ocrx_word' id='word_1_481' title='bbox 1681 1505 1984 1550; x_wconf 80' lang='lat' dir='ltr'>Praedecessores</span> <span class='ocrx_word' id='word_1_482' title='bbox 2000 1506 2139 1555; x_wconf 77' lang='lat' dir='ltr'>nostri,</span> 
     </span>
     <span class='ocr_line' id='line_1_82' title="bbox 1180 1559 2138 1621; baseline 0.006 -19"><span class='ocrx_word' id='word_1_483' title='bbox 1180 1559 1358 1603; x_wconf 83' lang='lat' dir='ltr'>&amp;Sedes</span> <span class='ocrx_word' id='word_1_484' title='bbox 1379 1563 1614 1616; x_wconf 77' lang='lat' dir='ltr'>Apostolica</span> <span class='ocrx_word' id='word_1_485' title='bbox 1628 1572 1708 1606; x_wconf 90' lang='lat' dir='ltr'>tam</span> <span class='ocrx_word' id='word_1_486' title='bbox 1737 1565 1850 1621; x_wconf 92' lang='lat' dir='ltr'>super</span> <span class='ocrx_word' id='word_1_487' title='bbox 1872 1565 2138 1621; x_wconf 83' lang='lat' dir='ltr'>exemptioni-</span> 
     </span>
     <span class='ocr_line' id='line_1_83' title="bbox 1182 1619 2140 1674; baseline 0.004 -13"><span class='ocrx_word' id='word_1_488' title='bbox 1182 1619 1295 1661; x_wconf 88' lang='lat' dir='ltr'>nibus</span> <span class='ocrx_word' id='word_1_489' title='bbox 1309 1643 1323 1666; x_wconf 85' lang='lat'>,</span> <span class='ocrx_word' id='word_1_490' title='bbox 1339 1619 1460 1661; x_wconf 88' lang='lat' dir='ltr'>etiam</span> <span class='ocrx_word' id='word_1_491' title='bbox 1480 1622 1530 1663; x_wconf 81' lang='lat' dir='ltr'>ab</span> <span class='ocrx_word' id='word_1_492' title='bbox 1545 1622 1855 1667; x_wconf 81' lang='lat' dir='ltr'>Ordinatiorum</span> <span class='ocrx_word' id='word_1_493' title='bbox 1875 1625 2059 1667; x_wconf 89' lang='lat' dir='ltr'>locorum</span> <span class='ocrx_word' id='word_1_494' title='bbox 2070 1651 2084 1674; x_wconf 90' lang='lat'>,</span> <span class='ocrx_word' id='word_1_495' title='bbox 2100 1625 2140 1665; x_wconf 79' lang='grc' dir='ltr'>δι</span> 
     </span>
     <span class='ocr_line' id='line_1_84' title="bbox 1185 1680 2144 1735; baseline 0.004 -15"><span class='ocrx_word' id='word_1_496' title='bbox 1185 1681 1431 1731; x_wconf 84' lang='lat' dir='ltr'>Legatorum</span> <span class='ocrx_word' id='word_1_497' title='bbox 1458 1680 1578 1723; x_wconf 88' lang='lat' dir='ltr'>etiam</span> <span class='ocrx_word' id='word_1_498' title='bbox 1605 1682 1656 1723; x_wconf 93' lang='lat' dir='ltr'>de</span> <span class='ocrx_word' id='word_1_499' title='bbox 1685 1682 1816 1724; x_wconf 87' lang='lat' dir='ltr'>latere</span> <span class='ocrx_word' id='word_1_500' title='bbox 1838 1711 1852 1735; x_wconf 91' lang='lat'>,</span> <span class='ocrx_word' id='word_1_501' title='bbox 1878 1697 1924 1726; x_wconf 89' lang='lat' dir='ltr'>ac</span> <span class='ocrx_word' id='word_1_502' title='bbox 1948 1684 2144 1726; x_wconf 72' lang='lat' dir='ltr'>hareticae</span> 
     </span>
     <span class='ocr_line' id='line_1_85' title="bbox 1185 1738 2144 1795; baseline 0.005 -17"><span class='ocrx_word' id='word_1_503' title='bbox 1185 1738 1396 1792; x_wconf 84' lang='lat' dir='ltr'>pravitatis</span> <span class='ocrx_word' id='word_1_504' title='bbox 1419 1740 1701 1795; x_wconf 82' lang='lat' dir='ltr'>lnquifitorum</span> <span class='ocrx_word' id='word_1_505' title='bbox 1726 1740 2026 1795; x_wconf 67' lang='lat' dir='ltr'>jurisdictione,</span> <span class='ocrx_word' id='word_1_506' title='bbox 2053 1740 2144 1783; x_wconf 85' lang='lat' dir='ltr'>vifi-</span> 
     </span>
     <span class='ocr_line' id='line_1_86' title="bbox 1189 1795 2140 1855; baseline 0.002 -18"><span class='ocrx_word' id='word_1_507' title='bbox 1189 1795 1343 1837; x_wconf 86' lang='lat' dir='ltr'>tatione</span> <span class='ocrx_word' id='word_1_508' title='bbox 1364 1796 1403 1836; x_wconf 77' lang='grc' dir='ltr'>δι</span> <span class='ocrx_word' id='word_1_509' title='bbox 1417 1800 1692 1849; x_wconf 69' lang='lat' dir='ltr'>correctione,</span> <span class='ocrx_word' id='word_1_510' title='bbox 1706 1803 1825 1855; x_wconf 74' lang='lat' dir='ltr'>quam</span> <span class='ocrx_word' id='word_1_511' title='bbox 1843 1801 1964 1842; x_wconf 89' lang='lat' dir='ltr'>etiam</span> <span class='ocrx_word' id='word_1_512' title='bbox 1980 1801 2028 1841; x_wconf 87' lang='lat' dir='ltr'>ab</span> <span class='ocrx_word' id='word_1_513' title='bbox 2053 1813 2140 1840; x_wconf 86' lang='lat' dir='ltr'>om-</span> 
     </span>
     <span class='ocr_line' id='line_1_87' title="bbox 1189 1852 2144 1908; baseline 0 -12"><span class='ocrx_word' id='word_1_514' title='bbox 1189 1856 1227 1896; x_wconf 90' lang='lat' dir='ltr'>ni</span> <span class='ocrx_word' id='word_1_515' title='bbox 1242 1852 1493 1908; x_wconf 74' lang='lat' dir='ltr'>impositione</span> <span class='ocrx_word' id='word_1_516' title='bbox 1504 1883 1518 1905; x_wconf 90' lang='lat'>,</span> <span class='ocrx_word' id='word_1_517' title='bbox 1531 1855 1701 1898; x_wconf 67' lang='lat' dir='ltr'>collecta</span> <span class='ocrx_word' id='word_1_518' title='bbox 1716 1886 1729 1907; x_wconf 85' lang='lat'>,</span> <span class='ocrx_word' id='word_1_519' title='bbox 1744 1859 1897 1900; x_wconf 86' lang='lat' dir='ltr'>decima</span> <span class='ocrx_word' id='word_1_520' title='bbox 1910 1885 1924 1906; x_wconf 90' lang='lat'>,</span> <span class='ocrx_word' id='word_1_521' title='bbox 1941 1857 2111 1900; x_wconf 90' lang='lat' dir='ltr'>subsidio</span> <span class='ocrx_word' id='word_1_522' title='bbox 2127 1882 2144 1905; x_wconf 86' lang='lat'>,</span> 
     </span>
     <span class='ocr_line' id='line_1_88' title="bbox 1188 1912 2143 1970; baseline 0.006 -17"><span class='ocrx_word' id='word_1_523' title='bbox 1188 1922 1329 1968; x_wconf 84' lang='lat' dir='ltr'>quarta</span> <span class='ocrx_word' id='word_1_524' title='bbox 1343 1912 1383 1953; x_wconf 78' lang='grc' dir='ltr'>δι</span> <span class='ocrx_word' id='word_1_525' title='bbox 1396 1914 1534 1970; x_wconf 86' lang='lat' dir='ltr'>quinta</span> <span class='ocrx_word' id='word_1_526' title='bbox 1566 1913 1804 1958; x_wconf 86' lang='lat' dir='ltr'>funeralium</span> <span class='ocrx_word' id='word_1_527' title='bbox 1818 1941 1833 1964; x_wconf 87' lang='lat'>,</span> <span class='ocrx_word' id='word_1_528' title='bbox 1856 1918 1892 1958; x_wconf 73' lang='grc' dir='ltr'>δι</span> <span class='ocrx_word' id='word_1_529' title='bbox 1917 1916 2143 1969; x_wconf 87' lang='lat' dir='ltr'>legatorum</span> 
     </span>
     <span class='ocr_line' id='line_1_89' title="bbox 1187 1970 2142 2030; baseline 0.006 -20"><span class='ocrx_word' id='word_1_530' title='bbox 1187 1970 1363 2026; x_wconf 87' lang='lat' dir='ltr'>partibus</span> <span class='ocrx_word' id='word_1_531' title='bbox 1373 2000 1389 2022; x_wconf 89' lang='lat'>,</span> <span class='ocrx_word' id='word_1_532' title='bbox 1401 1972 1579 2027; x_wconf 85' lang='lat' dir='ltr'>pedagiis</span> <span class='ocrx_word' id='word_1_533' title='bbox 1590 1999 1605 2022; x_wconf 86' lang='lat'>,</span> <span class='ocrx_word' id='word_1_534' title='bbox 1619 1975 1657 2015; x_wconf 84' lang='lat'>&amp;</span> <span class='ocrx_word' id='word_1_535' title='bbox 1670 1976 1844 2029; x_wconf 83' lang='lat' dir='ltr'>gabellis</span> <span class='ocrx_word' id='word_1_536' title='bbox 1861 2003 1876 2026; x_wconf 92' lang='lat'>,</span> <span class='ocrx_word' id='word_1_537' title='bbox 1886 1990 1932 2016; x_wconf 87' lang='lat' dir='ltr'>ac</span> <span class='ocrx_word' id='word_1_538' title='bbox 1946 1976 2027 2018; x_wconf 89' lang='lat' dir='ltr'>alio</span> <span class='ocrx_word' id='word_1_539' title='bbox 2041 1989 2142 2030; x_wconf 89' lang='lat' dir='ltr'>quo·</span> 
     </span>
     <span class='ocr_line' id='line_1_90' title="bbox 1186 2031 2140 2085; baseline 0.008 -18"><span class='ocrx_word' id='word_1_540' title='bbox 1186 2040 1358 2081; x_wconf 89' lang='lat' dir='ltr'>cumque</span> <span class='ocrx_word' id='word_1_541' title='bbox 1384 2031 1637 2082; x_wconf 76' lang='lat' dir='ltr'>gravamine,</span> <span class='ocrx_word' id='word_1_542' title='bbox 1662 2045 1733 2085; x_wconf 87' lang='lat' dir='ltr'>per</span> <span class='ocrx_word' id='word_1_543' title='bbox 1756 2032 1898 2074; x_wconf 86' lang='lat' dir='ltr'>Sedem</span> <span class='ocrx_word' id='word_1_544' title='bbox 1923 2032 2140 2076; x_wconf 78' lang='lat' dir='ltr'>eamdem..</span> 
     </span>
     <span class='ocr_line' id='line_1_91' title="bbox 1186 2085 2138 2144; baseline 0.005 -18"><span class='ocrx_word' id='word_1_545' title='bbox 1186 2098 1261 2140; x_wconf 87' lang='lat' dir='ltr'>pro</span> <span class='ocrx_word' id='word_1_546' title='bbox 1276 2092 1460 2139; x_wconf 87' lang='lat' dir='ltr'>tempore</span> <span class='ocrx_word' id='word_1_547' title='bbox 1475 2085 1665 2141; x_wconf 88' lang='lat' dir='ltr'>impositis</span> <span class='ocrx_word' id='word_1_548' title='bbox 1679 2113 1693 2135; x_wconf 89' lang='lat'>,</span> <span class='ocrx_word' id='word_1_549' title='bbox 1707 2089 1746 2129; x_wconf 73' lang='grc' dir='ltr'>δι</span> <span class='ocrx_word' id='word_1_550' title='bbox 1758 2089 1845 2130; x_wconf 89' lang='lat' dir='ltr'>aliis</span> <span class='ocrx_word' id='word_1_551' title='bbox 1868 2092 1986 2131; x_wconf 88' lang='lat' dir='ltr'>rebus</span> <span class='ocrx_word' id='word_1_552' title='bbox 2001 2091 2138 2144; x_wconf 87' lang='lat' dir='ltr'>respe-</span> 
     </span>
     <span class='ocr_line' id='line_1_92' title="bbox 1186 2140 2148 2200; baseline 0.004 -16"><span class='ocrx_word' id='word_1_553' title='bbox 1186 2140 1290 2184; x_wconf 66' lang='lat' dir='ltr'>&amp;ive</span> <span class='ocrx_word' id='word_1_554' title='bbox 1311 2143 1573 2186; x_wconf 68' lang='lat' dir='ltr'>concesserint</span> <span class='ocrx_word' id='word_1_555' title='bbox 1587 2174 1597 2184; x_wconf 91' lang='lat'><strong>.</strong></span> <span class='ocrx_word' id='word_1_556' title='bbox 1612 2148 1672 2187; x_wconf 87' lang='lat' dir='ltr'>Ac</span> <span class='ocrx_word' id='word_1_557' title='bbox 1686 2146 1757 2200; x_wconf 84' lang='lat' dir='ltr'>piae</span> <span class='ocrx_word' id='word_1_558' title='bbox 1773 2148 1974 2188; x_wconf 77' lang='lat' dir='ltr'>memoria:</span> <span class='ocrx_word' id='word_1_559' title='bbox 1990 2147 2148 2189; x_wconf 88' lang='lat' dir='ltr'>Paulus-</span> 
     </span>
     <span class='ocr_line' id='line_1_93' title="bbox 1187 2201 2144 2254; baseline 0.007 -15"><span class='ocrx_word' id='word_1_560' title='bbox 1187 2203 1292 2252; x_wconf 87' lang='lat' dir='ltr'>Papa</span> <span class='ocrx_word' id='word_1_561' title='bbox 1319 2201 1392 2241; x_wconf 83' lang='lat' dir='ltr'>tv.</span> <span class='ocrx_word' id='word_1_562' title='bbox 1425 2201 1605 2244; x_wconf 87' lang='lat' dir='ltr'>similiter</span> <span class='ocrx_word' id='word_1_563' title='bbox 1635 2203 1896 2248; x_wconf 80' lang='lat' dir='ltr'>Praedecessor</span> <span class='ocrx_word' id='word_1_564' title='bbox 1912 2205 2066 2254; x_wconf 79' lang='lat' dir='ltr'>noster,</span> <span class='ocrx_word' id='word_1_565' title='bbox 2098 2214 2144 2247; x_wconf 84' lang='lat' dir='ltr'>ut</span> 
     </span>
     <span class='ocr_line' id='line_1_94' title="bbox 1187 2257 2145 2318; baseline 0.009 -23"><span class='ocrx_word' id='word_1_566' title='bbox 1187 2259 1345 2299; x_wconf 79' lang='lat' dir='ltr'>Fratres</span> <span class='ocrx_word' id='word_1_567' title='bbox 1359 2257 1568 2300; x_wconf 87' lang='lat' dir='ltr'>Minorum</span> <span class='ocrx_word' id='word_1_568' title='bbox 1586 2260 1831 2313; x_wconf 77' lang='lat' dir='ltr'>hujusmodi,</span> <span class='ocrx_word' id='word_1_569' title='bbox 1857 2263 2026 2306; x_wconf 83' lang='lat' dir='ltr'>exclusis</span> <span class='ocrx_word' id='word_1_570' title='bbox 2051 2264 2145 2318; x_wconf 86' lang='lat' dir='ltr'>qui·-</span> 
     </span>
     <span class='ocr_line' id='line_1_95' title="bbox 1188 2314 2143 2376; baseline 0.006 -20"><span class='ocrx_word' id='word_1_571' title='bbox 1188 2314 1432 2370; x_wconf 89' lang='lat' dir='ltr'>buscumque</span> <span class='ocrx_word' id='word_1_572' title='bbox 1450 2315 1803 2372; x_wconf 84' lang='lat' dir='ltr'>sollicitudinibus,</span> <span class='ocrx_word' id='word_1_573' title='bbox 1819 2322 1982 2365; x_wconf 80' lang='lat' dir='ltr'>liberius</span> <span class='ocrx_word' id='word_1_574' title='bbox 1997 2324 2034 2363; x_wconf 83' lang='lat'>&amp;</span> <span class='ocrx_word' id='word_1_575' title='bbox 2051 2322 2143 2376; x_wconf 88' lang='lat' dir='ltr'>qui-</span> 
     </span>
     <span class='ocr_line' id='line_1_96' title="bbox 1187 2371 2148 2436; baseline 0.006 -20"><span class='ocrx_word' id='word_1_576' title='bbox 1187 2373 1293 2417; x_wconf 75' lang='lat' dir='ltr'>etius</span> <span class='ocrx_word' id='word_1_577' title='bbox 1317 2371 1465 2419; x_wconf 85' lang='lat' dir='ltr'>divinis</span> <span class='ocrx_word' id='word_1_578' title='bbox 1501 2376 1654 2430; x_wconf 78' lang='lat' dir='ltr'>possent</span> <span class='ocrx_word' id='word_1_579' title='bbox 1681 2393 1819 2423; x_wconf 86' lang='lat' dir='ltr'>vacare</span> <span class='ocrx_word' id='word_1_580' title='bbox 1844 2379 2067 2436; x_wconf 85' lang='lat' dir='ltr'>obsequiis,</span> <span class='ocrx_word' id='word_1_581' title='bbox 2101 2381 2148 2421; x_wconf 74' lang='lat'>&amp;-</span> 
     </span>
     <span class='ocr_line' id='line_1_97' title="bbox 1183 2432 2139 2493; baseline 0.008 -20"><span class='ocrx_word' id='word_1_582' title='bbox 1183 2432 1400 2475; x_wconf 89' lang='lat' dir='ltr'>animarum</span> <span class='ocrx_word' id='word_1_583' title='bbox 1430 2434 1544 2476; x_wconf 78' lang='lat' dir='ltr'>saluti</span> <span class='ocrx_word' id='word_1_584' title='bbox 1569 2439 1813 2492; x_wconf 85' lang='lat' dir='ltr'>peramplius</span> <span class='ocrx_word' id='word_1_585' title='bbox 1837 2438 2059 2493; x_wconf 84' lang='lat' dir='ltr'>proficere,</span> <span class='ocrx_word' id='word_1_586' title='bbox 2089 2453 2139 2481; x_wconf 90' lang='lat' dir='ltr'>ne</span> 
     </span>
     <span class='ocr_line' id='line_1_98' title="bbox 1183 2492 2143 2545; baseline 0.004 -13"><span class='ocrx_word' id='word_1_587' title='bbox 1183 2492 1440 2535; x_wconf 78' lang='lat' dir='ltr'>offerentium</span> <span class='ocrx_word' id='word_1_588' title='bbox 1460 2522 1474 2544; x_wconf 89' lang='lat'>,</span> <span class='ocrx_word' id='word_1_589' title='bbox 1493 2494 1727 2539; x_wconf 87' lang='lat' dir='ltr'>donantium</span> <span class='ocrx_word' id='word_1_590' title='bbox 1742 2498 1782 2538; x_wconf 75' lang='grc' dir='ltr'>δι</span> <span class='ocrx_word' id='word_1_591' title='bbox 1803 2499 2110 2540; x_wconf 86' lang='lat' dir='ltr'>concedentium</span> <span class='ocrx_word' id='word_1_592' title='bbox 2126 2524 2143 2545; x_wconf 85' lang='lat'>‚</span> 
     </span>
     <span class='ocr_line' id='line_1_99' title="bbox 1184 2550 2145 2612; baseline 0.006 -21"><span class='ocrx_word' id='word_1_593' title='bbox 1184 2550 1308 2592; x_wconf 88' lang='lat' dir='ltr'>autin</span> <span class='ocrx_word' id='word_1_594' title='bbox 1333 2550 1475 2595; x_wconf 90' lang='lat' dir='ltr'>ultima</span> <span class='ocrx_word' id='word_1_595' title='bbox 1505 2553 1718 2599; x_wconf 89' lang='lat' dir='ltr'>voluntate</span> <span class='ocrx_word' id='word_1_596' title='bbox 1743 2556 2051 2612; x_wconf 85' lang='lat' dir='ltr'>relinquentium</span> <span class='ocrx_word' id='word_1_597' title='bbox 2064 2558 2145 2596; x_wconf 88' lang='lat' dir='ltr'>Or·</span> 
     </span>
     <span class='ocr_line' id='line_1_100' title="bbox 1185 2608 2142 2665; baseline 0.004 -14"><span class='ocrx_word' id='word_1_598' title='bbox 1185 2608 1269 2652; x_wconf 90' lang='lat' dir='ltr'>dini</span> <span class='ocrx_word' id='word_1_599' title='bbox 1284 2610 1497 2665; x_wconf 63' lang='lat' dir='ltr'>praedidio,</span> <span class='ocrx_word' id='word_1_600' title='bbox 1519 2613 1580 2655; x_wconf 86' lang='lat' dir='ltr'>vel</span> <span class='ocrx_word' id='word_1_601' title='bbox 1601 2615 1805 2657; x_wconf 84' lang='lat' dir='ltr'>Fratribus</span> <span class='ocrx_word' id='word_1_602' title='bbox 1820 2616 2037 2657; x_wconf 89' lang='lat' dir='ltr'>Ordinibus</span> <span class='ocrx_word' id='word_1_603' title='bbox 2066 2614 2142 2656; x_wconf 88' lang='lat' dir='ltr'>Mi-</span> 
     </span>
     <span class='ocr_line' id='line_1_101' title="bbox 1187 2669 2142 2729; baseline 0.009 -19"><span class='ocrx_word' id='word_1_604' title='bbox 1187 2682 1327 2711; x_wconf 91' lang='lat' dir='ltr'>norum</span> <span class='ocrx_word' id='word_1_605' title='bbox 1355 2669 1579 2725; x_wconf 85' lang='lat' dir='ltr'>hujusmodi</span> <span class='ocrx_word' id='word_1_606' title='bbox 1601 2672 1754 2729; x_wconf 89' lang='lat' dir='ltr'>aliquid</span> <span class='ocrx_word' id='word_1_607' title='bbox 1795 2686 1964 2729; x_wconf 87' lang='lat' dir='ltr'>propter</span> <span class='ocrx_word' id='word_1_608' title='bbox 1990 2676 2142 2719; x_wconf 73' lang='lat' dir='ltr'>Deum,</span> 
     </span>
     <span class='ocr_line' id='line_1_102' title="bbox 1189 2727 2144 2784; baseline 0.002 -14"><span class='ocrx_word' id='word_1_609' title='bbox 1189 2730 1253 2784; x_wconf 88' lang='lat' dir='ltr'>pia</span> <span class='ocrx_word' id='word_1_610' title='bbox 1272 2727 1452 2772; x_wconf 89' lang='lat' dir='ltr'>intentio</span> <span class='ocrx_word' id='word_1_611' title='bbox 1479 2728 1763 2783; x_wconf 85' lang='lat' dir='ltr'>fraudaretur,</span> <span class='ocrx_word' id='word_1_612' title='bbox 1796 2747 1843 2774; x_wconf 89' lang='lat' dir='ltr'>ae</span> <span class='ocrx_word' id='word_1_613' title='bbox 1873 2735 2075 2776; x_wconf 83' lang='lat' dir='ltr'>haeredum</span> <span class='ocrx_word' id='word_1_614' title='bbox 2103 2735 2144 2772; x_wconf 68' lang='grc' dir='ltr'>ἃ.</span> 
     </span>
     <span class='ocr_line' id='line_1_103' title="bbox 1189 2791 2144 2845; baseline 0.001 -16"><span class='ocrx_word' id='word_1_615' title='bbox 1189 2798 1457 2831; x_wconf 83' lang='lat' dir='ltr'>executorum</span> <span class='ocrx_word' id='word_1_616' title='bbox 1474 2791 1731 2845; x_wconf 87' lang='lat' dir='ltr'>negligentiis</span> <span class='ocrx_word' id='word_1_617' title='bbox 1745 2791 2002 2845; x_wconf 67' lang='lat' dir='ltr'>obviaretur,</span> <span class='ocrx_word' id='word_1_618' title='bbox 2034 2805 2078 2832; x_wconf 92' lang='lat' dir='ltr'>ac</span> <span class='ocrx_word' id='word_1_619' title='bbox 2096 2802 2144 2831; x_wconf 84' lang='lat' dir='ltr'>ut</span> 
     </span>
     <span class='ocr_line' id='line_1_104' title="bbox 1186 2846 2140 2901; baseline 0.003 -14"><span class='ocrx_word' id='word_1_620' title='bbox 1186 2846 1254 2901; x_wconf 90' lang='lat' dir='ltr'>ipfi</span> <span class='ocrx_word' id='word_1_621' title='bbox 1269 2848 1428 2890; x_wconf 80' lang='lat' dir='ltr'>Pratres</span> <span class='ocrx_word' id='word_1_622' title='bbox 1447 2848 1662 2892; x_wconf 76' lang='lat' dir='ltr'>secundum</span> <span class='ocrx_word' id='word_1_623' title='bbox 1682 2850 1823 2891; x_wconf 89' lang='lat' dir='ltr'>modos</span> <span class='ocrx_word' id='word_1_624' title='bbox 1842 2851 1974 2892; x_wconf 90' lang='lat' dir='ltr'>licitos</span> <span class='ocrx_word' id='word_1_625' title='bbox 1991 2855 2031 2893; x_wconf 71' lang='grc' dir='ltr'>δι</span> <span class='ocrx_word' id='word_1_626' title='bbox 2044 2864 2140 2890; x_wconf 91' lang='lat' dir='ltr'>con·</span> 
     </span>
     <span class='ocr_line' id='line_1_105' title="bbox 1185 2905 2142 2961; baseline 0.002 -15"><span class='ocrx_word' id='word_1_627' title='bbox 1185 2918 1306 2959; x_wconf 88' lang='lat' dir='ltr'>gruos</span> <span class='ocrx_word' id='word_1_628' title='bbox 1322 2905 1390 2961; x_wconf 83' lang='lat' dir='ltr'>ipsi</span> <span class='ocrx_word' id='word_1_629' title='bbox 1403 2906 1551 2948; x_wconf 90' lang='lat' dir='ltr'>Ordini</span> <span class='ocrx_word' id='word_1_630' title='bbox 1566 2934 1579 2956; x_wconf 91' lang='lat'>,</span> <span class='ocrx_word' id='word_1_631' title='bbox 1600 2906 1749 2948; x_wconf 73' lang='lat' dir='ltr'>relic&#39;lis</span> <span class='ocrx_word' id='word_1_632' title='bbox 1769 2906 1838 2947; x_wconf 86' lang='lat' dir='ltr'>sibi</span> <span class='ocrx_word' id='word_1_633' title='bbox 1864 2911 1903 2948; x_wconf 89' lang='lat' dir='ltr'>in</span> <span class='ocrx_word' id='word_1_634' title='bbox 1931 2911 2142 2950; x_wconf 81' lang='lat' dir='ltr'>testamen-</span> 
     </span>
     <span class='ocr_line' id='line_1_106' title="bbox 1186 2963 2142 3016; baseline 0 -12"><span class='ocrx_word' id='word_1_635' title='bbox 1186 2963 1237 3004; x_wconf 89' lang='lat' dir='ltr'>tis</span> <span class='ocrx_word' id='word_1_636' title='bbox 1252 2964 1465 3007; x_wconf 88' lang='lat' dir='ltr'>mobilibus</span> <span class='ocrx_word' id='word_1_637' title='bbox 1479 2965 1805 3006; x_wconf 84' lang='lat' dir='ltr'>&amp;immobilibus</span> <span class='ocrx_word' id='word_1_638' title='bbox 1833 2965 1945 3006; x_wconf 89' lang='lat' dir='ltr'>bonis</span> <span class='ocrx_word' id='word_1_639' title='bbox 1961 2995 1975 3016; x_wconf 89' lang='lat'><em>‚</em></span> <span class='ocrx_word' id='word_1_640' title='bbox 2001 2970 2041 3008; x_wconf 76' lang='grc' dir='ltr'>δι</span> <span class='ocrx_word' id='word_1_641' title='bbox 2054 2966 2142 3006; x_wconf 87' lang='lat' dir='ltr'>aliis</span> 
     </span>
     <span class='ocr_line' id='line_1_107' title="bbox 1187 3022 2142 3076; baseline -0.002 -12"><span class='ocrx_word' id='word_1_642' title='bbox 1187 3022 1311 3064; x_wconf 83' lang='lat' dir='ltr'>etiam</span> <span class='ocrx_word' id='word_1_643' title='bbox 1332 3022 1571 3076; x_wconf 91' lang='lat' dir='ltr'>pecuniariis</span> <span class='ocrx_word' id='word_1_644' title='bbox 1586 3050 1600 3072; x_wconf 89' lang='lat'>‚</span> <span class='ocrx_word' id='word_1_645' title='bbox 1617 3022 1687 3064; x_wconf 89' lang='lat' dir='ltr'>sibi</span> <span class='ocrx_word' id='word_1_646' title='bbox 1703 3022 2014 3076; x_wconf 87' lang='lat' dir='ltr'>quomodolibet</span> <span class='ocrx_word' id='word_1_647' title='bbox 2027 3023 2142 3065; x_wconf 88' lang='lat' dir='ltr'>obla-</span> 
     </span>
     <span class='ocr_line' id='line_1_108' title="bbox 1188 3080 2142 3136; baseline -0.001 -13"><span class='ocrx_word' id='word_1_648' title='bbox 1188 3081 1238 3123; x_wconf 89' lang='lat' dir='ltr'>tis</span> <span class='ocrx_word' id='word_1_649' title='bbox 1252 3108 1266 3130; x_wconf 95' lang='lat'>,</span> <span class='ocrx_word' id='word_1_650' title='bbox 1279 3080 1470 3122; x_wconf 81' lang='lat' dir='ltr'>concessis</span> <span class='ocrx_word' id='word_1_651' title='bbox 1484 3106 1498 3127; x_wconf 86' lang='lat'>,</span> <span class='ocrx_word' id='word_1_652' title='bbox 1512 3081 1655 3136; x_wconf 88' lang='lat' dir='ltr'>legatis</span> <span class='ocrx_word' id='word_1_653' title='bbox 1670 3110 1684 3132; x_wconf 93' lang='lat'>‚</span> <span class='ocrx_word' id='word_1_654' title='bbox 1712 3083 1750 3123; x_wconf 89' lang='lat'>&amp;</span> <span class='ocrx_word' id='word_1_655' title='bbox 1762 3081 1923 3123; x_wconf 88' lang='lat' dir='ltr'>donatis</span> <span class='ocrx_word' id='word_1_656' title='bbox 1940 3096 2013 3136; x_wconf 90' lang='lat' dir='ltr'>pro</span> <span class='ocrx_word' id='word_1_657' title='bbox 2035 3090 2142 3124; x_wconf 75' lang='lat' dir='ltr'>tem--¹</span> 
     </span>
     <span class='ocr_line' id='line_1_109' title="bbox 1187 3136 2142 3193; baseline -0.002 -13"><span class='ocrx_word' id='word_1_658' title='bbox 1187 3151 1287 3191; x_wconf 87' lang='lat' dir='ltr'>pore</span> <span class='ocrx_word' id='word_1_659' title='bbox 1304 3165 1317 3187; x_wconf 90' lang='lat'>,</span> <span class='ocrx_word' id='word_1_660' title='bbox 1334 3138 1456 3180; x_wconf 89' lang='lat' dir='ltr'>etiam</span> <span class='ocrx_word' id='word_1_661' title='bbox 1471 3153 1545 3193; x_wconf 86' lang='lat' dir='ltr'>pro</span> <span class='ocrx_word' id='word_1_662' title='bbox 1566 3139 1686 3182; x_wconf 83' lang='lat' dir='ltr'>Misfis</span> <span class='ocrx_word' id='word_1_663' title='bbox 1700 3165 1714 3189; x_wconf 90' lang='lat'>,</span> <span class='ocrx_word' id='word_1_664' title='bbox 1742 3140 1880 3181; x_wconf 85' lang='lat' dir='ltr'>&amp;aliis</span> <span class='ocrx_word' id='word_1_665' title='bbox 1896 3140 2050 3182; x_wconf 89' lang='lat' dir='ltr'>Divinis</span> <span class='ocrx_word' id='word_1_666' title='bbox 2066 3136 2142 3180; x_wconf 82' lang='lat' dir='ltr'>of-</span> 
     </span>
     <span class='ocr_line' id='line_1_110' title="bbox 1188 3195 2141 3252; baseline 0 -14"><span class='ocrx_word' id='word_1_667' title='bbox 1188 3195 1286 3238; x_wconf 82' lang='lat' dir='ltr'>ficiis</span> <span class='ocrx_word' id='word_1_668' title='bbox 1301 3221 1315 3244; x_wconf 85' lang='lat'>,</span> <span class='ocrx_word' id='word_1_669' title='bbox 1330 3196 1590 3252; x_wconf 84' lang='lat' dir='ltr'>eleemosynis</span> <span class='ocrx_word' id='word_1_670' title='bbox 1606 3226 1620 3250; x_wconf 87' lang='lat'>‚</span> <span class='ocrx_word' id='word_1_671' title='bbox 1635 3200 1675 3240; x_wconf 90' lang='lat'>&amp;</span> <span class='ocrx_word' id='word_1_672' title='bbox 1691 3199 1781 3240; x_wconf 90' lang='lat' dir='ltr'>aliis</span> <span class='ocrx_word' id='word_1_673' title='bbox 1795 3200 1911 3242; x_wconf 92' lang='lat' dir='ltr'>rebus</span> <span class='ocrx_word' id='word_1_674' title='bbox 1925 3212 2006 3242; x_wconf 88' lang='lat' dir='ltr'>non</span> <span class='ocrx_word' id='word_1_675' title='bbox 2036 3197 2141 3239; x_wconf 86' lang='lat' dir='ltr'>frau-</span> 
     </span>
     <span class='ocr_line' id='line_1_111' title="bbox 1187 3255 2141 3312; baseline 0.001 -16"><span class='ocrx_word' id='word_1_676' title='bbox 1187 3255 1408 3304; x_wconf 89' lang='lat' dir='ltr'>darentur,</span> <span class='ocrx_word' id='word_1_677' title='bbox 1431 3257 1538 3312; x_wconf 89' lang='lat' dir='ltr'>quod</span> <span class='ocrx_word' id='word_1_678' title='bbox 1565 3257 1779 3300; x_wconf 89' lang='lat' dir='ltr'>Generalis</span> <span class='ocrx_word' id='word_1_679' title='bbox 1803 3257 1854 3300; x_wconf 90' lang='lat' dir='ltr'>dc</span> <span class='ocrx_word' id='word_1_680' title='bbox 1867 3272 1936 3311; x_wconf 89' lang='lat' dir='ltr'>per</span> <span class='ocrx_word' id='word_1_681' title='bbox 1970 3255 2008 3299; x_wconf 90' lang='lat' dir='ltr'>se</span> <span class='ocrx_word' id='word_1_682' title='bbox 2025 3258 2063 3298; x_wconf 90' lang='lat' dir='ltr'>in</span> <span class='ocrx_word' id='word_1_683' title='bbox 2082 3267 2141 3297; x_wconf 85' lang='lat' dir='ltr'>to-</span> 
     </span>
     <span class='ocr_line' id='line_1_112' title="bbox 1188 3311 2141 3370; baseline -0.002 -14"><span class='ocrx_word' id='word_1_684' title='bbox 1188 3322 1236 3356; x_wconf 90' lang='lat' dir='ltr'>to</span> <span class='ocrx_word' id='word_1_685' title='bbox 1248 3311 1427 3362; x_wconf 80' lang='lat' dir='ltr'>Ordine,</span> <span class='ocrx_word' id='word_1_686' title='bbox 1450 3330 1495 3358; x_wconf 91' lang='lat' dir='ltr'>ac</span> <span class='ocrx_word' id='word_1_687' title='bbox 1511 3314 1650 3370; x_wconf 87' lang='lat' dir='ltr'>singuli</span> <span class='ocrx_word' id='word_1_688' title='bbox 1665 3315 1939 3360; x_wconf 81' lang='lat' dir='ltr'>Provinciales</span> <span class='ocrx_word' id='word_1_689' title='bbox 1955 3315 2141 3363; x_wconf 83' lang='lat' dir='ltr'>Ministri,</span> 
     </span>
     <span class='ocr_line' id='line_1_113' title="bbox 1189 3370 2143 3430; baseline 0.001 -16"><span class='ocrx_word' id='word_1_690' title='bbox 1189 3386 1233 3414; x_wconf 91' lang='lat' dir='ltr'>ac</span> <span class='ocrx_word' id='word_1_691' title='bbox 1261 3370 1455 3416; x_wconf 88' lang='lat' dir='ltr'>Custodes</span> <span class='ocrx_word' id='word_1_692' title='bbox 1485 3374 1654 3417; x_wconf 85' lang='lat' dir='ltr'>universi</span> <span class='ocrx_word' id='word_1_693' title='bbox 1675 3389 1750 3430; x_wconf 91' lang='lat' dir='ltr'>pro</span> <span class='ocrx_word' id='word_1_694' title='bbox 1777 3386 1958 3428; x_wconf 81' lang='lat' dir='ltr'>tempore</span> <span class='ocrx_word' id='word_1_695' title='bbox 1979 3374 2143 3416; x_wconf 80' lang='lat' dir='ltr'>exilien-</span> 
     </span>
     <span class='ocr_line' id='line_1_114' title="bbox 1187 3428 2139 3484; baseline -0.005 -5"><span class='ocrx_word' id='word_1_696' title='bbox 1187 3440 1251 3472; x_wconf 70' lang='lat' dir='ltr'>tes</span> <span class='ocrx_word' id='word_1_697' title='bbox 1268 3455 1283 3478; x_wconf 67' lang='lat' dir='ltr'>a</span> <span class='ocrx_word' id='word_1_698' title='bbox 1299 3428 1416 3484; x_wconf 71' lang='lat' dir='ltr'>ipfius</span> <span class='ocrx_word' id='word_1_699' title='bbox 1429 3431 1598 3476; x_wconf 86' lang='lat' dir='ltr'>Ordinis</span> <span class='ocrx_word' id='word_1_700' title='bbox 1618 3435 1800 3476; x_wconf 83' lang='lat' dir='ltr'>Fratrum</span> <span class='ocrx_word' id='word_1_701' title='bbox 1818 3433 2022 3475; x_wconf 91' lang='lat' dir='ltr'>Minorum</span> <span class='ocrx_word' id='word_1_702' title='bbox 2034 3462 2051 3483; x_wconf 94' lang='lat'>,</span> <span class='ocrx_word' id='word_1_703' title='bbox 2065 3434 2139 3474; x_wconf 66' lang='lat' dir='ltr'>in,</span> 
     </span>
     <span class='ocr_line' id='line_1_115' title="bbox 1186 3488 2138 3544; baseline 0.002 -14"><span class='ocrx_word' id='word_1_704' title='bbox 1186 3488 1263 3530; x_wconf 85' lang='lat' dir='ltr'>suis</span> <span class='ocrx_word' id='word_1_705' title='bbox 1279 3488 1502 3534; x_wconf 87' lang='lat' dir='ltr'>Provinciis</span> <span class='ocrx_word' id='word_1_706' title='bbox 1515 3492 1552 3532; x_wconf 64' lang='grc'>81</span> <span class='ocrx_word' id='word_1_707' title='bbox 1567 3490 1762 3533; x_wconf 87' lang='lat' dir='ltr'>Custodiis</span> <span class='ocrx_word' id='word_1_708' title='bbox 1777 3489 1992 3544; x_wconf 67' lang='lat' dir='ltr'>respective</span> <span class='ocrx_word' id='word_1_709' title='bbox 2006 3521 2021 3542; x_wconf 92' lang='lat'>,</span> <span class='ocrx_word' id='word_1_710' title='bbox 2035 3494 2075 3533; x_wconf 77' lang='grc' dir='ltr'>δι</span> <span class='ocrx_word' id='word_1_711' title='bbox 2090 3496 2138 3534; x_wconf 83' lang='lat' dir='ltr'>ad</span> 
     </span>
     <span class='ocr_line' id='line_1_116' title="bbox 1187 3546 2138 3605; baseline 0.001 -17"><span class='ocrx_word' id='word_1_712' title='bbox 1187 3547 1265 3588; x_wconf 88' lang='lat' dir='ltr'>hoc</span> <span class='ocrx_word' id='word_1_713' title='bbox 1285 3546 1335 3587; x_wconf 93' lang='lat' dir='ltr'>ab</span> <span class='ocrx_word' id='word_1_714' title='bbox 1354 3548 1410 3590; x_wconf 88' lang='lat' dir='ltr'>eis</span> <span class='ocrx_word' id='word_1_715' title='bbox 1440 3549 1655 3598; x_wconf 63' lang='lat' dir='ltr'>respective</span> <span class='ocrx_word' id='word_1_716' title='bbox 1679 3549 1860 3604; x_wconf 88' lang='lat' dir='ltr'>deputati</span> <span class='ocrx_word' id='word_1_717' title='bbox 1891 3552 2046 3594; x_wconf 80' lang='lat' dir='ltr'>Fratres</span> <span class='ocrx_word' id='word_1_718' title='bbox 2065 3563 2138 3605; x_wconf 90' lang='lat' dir='ltr'>pro</span> 
     </span>
     <span class='ocr_line' id='line_1_117' title="bbox 1186 3603 2137 3663; baseline 0.005 -19"><span class='ocrx_word' id='word_1_719' title='bbox 1186 3615 1400 3658; x_wconf 86' lang='lat' dir='ltr'>tempore,</span> <span class='ocrx_word' id='word_1_720' title='bbox 1430 3603 1583 3663; x_wconf 81' lang='lat' dir='ltr'>possent</span> <span class='ocrx_word' id='word_1_721' title='bbox 1602 3607 1810 3650; x_wconf 88' lang='lat' dir='ltr'>nominare</span> <span class='ocrx_word' id='word_1_722' title='bbox 1838 3607 2027 3663; x_wconf 84' lang='lat' dir='ltr'>speciales</span> <span class='ocrx_word' id='word_1_723' title='bbox 2047 3622 2137 3663; x_wconf 86' lang='lat' dir='ltr'>per-</span> 
     </span>
     <span class='ocr_line' id='line_1_118' title="bbox 1185 3661 2136 3718; baseline 0.007 -16"><span class='ocrx_word' id='word_1_724' title='bbox 1185 3661 1299 3704; x_wconf 84' lang='lat' dir='ltr'>sonas</span> <span class='ocrx_word' id='word_1_725' title='bbox 1314 3690 1329 3712; x_wconf 84' lang='lat'>,</span> <span class='ocrx_word' id='word_1_726' title='bbox 1342 3677 1425 3718; x_wconf 88' lang='lat' dir='ltr'>quae</span> <span class='ocrx_word' id='word_1_727' title='bbox 1442 3678 1520 3707; x_wconf 93' lang='lat' dir='ltr'>non</span> <span class='ocrx_word' id='word_1_728' title='bbox 1547 3663 1669 3707; x_wconf 84' lang='lat' dir='ltr'>essent</span> <span class='ocrx_word' id='word_1_729' title='bbox 1686 3665 1740 3708; x_wconf 91' lang='lat' dir='ltr'>de</span> <span class='ocrx_word' id='word_1_730' title='bbox 1754 3665 1862 3708; x_wconf 64' lang='lat' dir='ltr'>dieto</span> <span class='ocrx_word' id='word_1_731' title='bbox 1889 3669 2041 3709; x_wconf 89' lang='lat' dir='ltr'>Ordine</span> <span class='ocrx_word' id='word_1_732' title='bbox 2064 3665 2136 3704; x_wconf 72' lang='lat' dir='ltr'>Mi-</span> 
     </span>
     <span class='ocr_line' id='line_1_119' title="bbox 1191 3721 2134 3779; baseline -0.003 -17"><span class='ocrx_word' id='word_1_733' title='bbox 1191 3733 1331 3762; x_wconf 91' lang='lat' dir='ltr'>norum</span> <span class='ocrx_word' id='word_1_734' title='bbox 1360 3750 1374 3773; x_wconf 92' lang='lat'>,</span> <span class='ocrx_word' id='word_1_735' title='bbox 1406 3738 1478 3778; x_wconf 89' lang='lat' dir='ltr'>pro</span> <span class='ocrx_word' id='word_1_736' title='bbox 1502 3721 1689 3766; x_wconf 91' lang='lat' dir='ltr'>locorum</span> <span class='ocrx_word' id='word_1_737' title='bbox 1713 3724 1935 3779; x_wconf 88' lang='lat' dir='ltr'>indigentia</span> <span class='ocrx_word' id='word_1_738' title='bbox 1962 3722 2134 3776; x_wconf 86' lang='lat' dir='ltr'>singulo-</span> 
     </span>
     <span class='ocr_line' id='line_1_120' title="bbox 1191 3778 2135 3839; baseline -0.002 -18"><span class='ocrx_word' id='word_1_739' title='bbox 1191 3791 1278 3821; x_wconf 88' lang='lat' dir='ltr'>rum</span> <span class='ocrx_word' id='word_1_740' title='bbox 1299 3806 1311 3829; x_wconf 91' lang='lat'>,</span> <span class='ocrx_word' id='word_1_741' title='bbox 1327 3783 1485 3838; x_wconf 86' lang='lat' dir='ltr'>quando</span> <span class='ocrx_word' id='word_1_742' title='bbox 1501 3782 1540 3822; x_wconf 85' lang='lat'>&amp;</span> <span class='ocrx_word' id='word_1_743' title='bbox 1554 3782 1711 3839; x_wconf 90' lang='lat' dir='ltr'>quoties</span> <span class='ocrx_word' id='word_1_744' title='bbox 1722 3797 1823 3838; x_wconf 85' lang='lat' dir='ltr'>opus</span> <span class='ocrx_word' id='word_1_745' title='bbox 1841 3782 1960 3827; x_wconf 89' lang='lat' dir='ltr'>fuerit</span> <span class='ocrx_word' id='word_1_746' title='bbox 1975 3810 1990 3833; x_wconf 84' lang='lat'>‚</span> <span class='ocrx_word' id='word_1_747' title='bbox 2006 3783 2045 3821; x_wconf 87' lang='lat' dir='ltr'>in</span> <span class='ocrx_word' id='word_1_748' title='bbox 2061 3778 2135 3818; x_wconf 82' lang='lat' dir='ltr'>sin-</span> 
     </span>
    </p>
   </div>
   <div class='ocr_carea' id='block_1_13' title="bbox 1730 3843 2084 3890">
    <p class='ocr_par' dir='ltr' id='par_1_16' title="bbox 1730 3843 2084 3898">
     <span class='ocr_line' id='line_1_121' title="bbox 1730 3843 2084 3890; baseline 0.003 -12"><span class='ocrx_word' id='word_1_749' title='bbox 1730 3846 1750 3885; x_wconf 87' lang='lat'>1</span> <span class='ocrx_word' id='word_1_750' title='bbox 1770 3843 1784 3883; x_wconf 87' lang='lat' dir='ltr'>i</span> <span class='ocrx_word' id='word_1_751' title='bbox 2015 3849 2084 3890; x_wconf 52' lang='lat' dir='ltr'>gu!</span> 
     </span>
    </p>
   </div>
  </div>
 </body>
</html>
