2444 4192
387 206 562 287 304

318 338 415 380 chas
427 363 442 386 ‚
456 333 789 391 Archiepiscopos
802 360 814 381 2
846 331 1067 389 Episcopos
1084 334 1123 376 in
1139 337 1288 378 Roma-

322 410 375 439 na
389 396 517 439 Curia
530 393 760 451 praesentes,
776 394 1114 437 Prothonotarios
1124 406 1286 450 quoquc

322 453 483 499 nostros
498 483 512 506 ,
536 454 605 511 qui
618 467 666 496 ex
682 465 852 494 numero
866 452 1061 494 dicuntur
1077 481 1093 505 ,
1112 453 1154 493 δι
1169 455 1286 497 Rotae

316 515 543 557 Auditores
557 509 745 555 intercise
759 510 930 566 juffimus
943 539 954 550 .
988 513 1095 554 Tum
1113 515 1200 554 Nos
1215 513 1285 568 ipfi

318 572 373 616 de
396 572 638 616 sacrosansta
662 570 780 625 hujus
806 569 1048 626 Apostolicae
1069 570 1184 614 sedis
1201 598 1216 622 ,
1244 571 1285 612 in

318 646 398 687 qua
426 634 503 674 Dei
520 628 777 686 providentia
807 627 991 672 sedemus
1005 655 1020 679 ,
1046 628 1285 672 auctoritate

315 694 359 733 δι
372 690 568 746 potestate
580 718 597 739 ,
617 688 750 742 deque
761 686 934 742 Spiritt‘is
949 689 1083 731 Sancti
1096 688 1284 745 lingulati

312 750 562 804 patrocinio,
579 756 701 800 atque
714 743 913 788 infallibili
930 746 1139 790 affiflentia
1151 750 1174 790 i
1189 749 1282 790 Deo

311 809 354 849 in
367 808 553 850 omnibus
569 805 702 847 verbis
714 805 791 847 suis
805 803 915 848 fideli
928 803 1114 862 promiffa
1127 834 1143 858 ,
1157 804 1280 862 usque

311 865 366 907 ad
381 864 770 908 consummationem
782 862 914 907 secun
927 866 1123 920 perpetuo
1135 863 1278 910 affutu-

309 938 355 966 ra
377 953 394 974 ‚
418 923 564 979 quibus
588 923 838 979 gubernatur
849 953 866 976 ,
892 937 938 966 ea
964 924 1138 966 diximus
1152 951 1167 975 ,
1194 939 1279 982 quae

311 977 437 1024 causae
448 983 490 1024 δι
502 982 697 1038 temporis
711 983 821 1024 ratio
834 981 1078 1038 potiffimum
1095 985 1278 1038 require—

311 1055 356 1083 re
374 1039 612 1084 videbatur:
645 1043 820 1083 Demum
847 1040 869 1081 εὶ
902 1042 1108 1084 fratribus
1134 1042 1280 1085 nostris

311 1100 545 1156 petivimus,
562 1109 628 1151 ut,
638 1100 826 1156 quoniam
838 1098 937 1144 aliis
954 1100 1143 1141 statutum
1158 1100 1251 1142 esset
1262 1125 1281 1148 ,

309 1169 359 1201 ut
382 1157 434 1200 ad
459 1158 660 1200 ulteriora
691 1158 732 1200 in
766 1159 843 1199 hoc
858 1158 1026 1212 negotio
1041 1157 1282 1212 procedere-

309 1229 381 1260 tur
394 1245 411 1267 ,
437 1230 543 1258 nunc
554 1216 722 1271 praecise
734 1216 773 1257 δι
787 1215 977 1269 expresse
990 1213 1175 1257 dicerent
1189 1244 1206 1266 ‚
1229 1227 1280 1257 an

306 1289 359 1317 ex
375 1274 423 1315 iis
436 1274 533 1315 actis
541 1302 557 1323 ,
570 1287 654 1328 quae
671 1271 740 1326 ipfi
757 1273 959 1321 viderant,
971 1274 1009 1315 &
1026 1273 1283 1326 audiverant,

310 1337 459 1376 Beatus
473 1330 653 1373 Didacus
678 1328 775 1373 effer
796 1332 1093 1375 canonizandus
1108 1361 1120 1373 .
1151 1334 1285 1389 Igitur

310 1394 336 1435 a
353 1393 393 1433 S·
410 1390 466 1432 R.
483 1391 533 1432 E.
550 1388 844 1434 Cardinalibus
859 1391 1035 1446 primum
1047 1420 1063 1443 ,
1080 1390 1231 1434 deinde
1258 1393 1283 1435 a

308 1448 575 1500 Patriarchis‚
588 1447 961 1504 Archiepiscopis&
973 1448 1183 1509 Episcopis
1196 1449 1279 1507 pie,

314 1507 497 1564 graviter
511 1508 552 1550 δι
563 1507 724 1551 erudite
739 1505 950 1551 sententiis
974 1508 1090 1552 dietis
1103 1537 1120 1560 ,
1140 1521 1280 1552 omnes

311 1566 520 1611 unanimes
548 1566 718 1623 idipsum
750 1564 969 1610 sentientes
989 1567 1182 1611 dixerunt
1211 1566 1281 1609 fibi

314 1625 452 1669 videri
466 1638 518 1667 ex
532 1625 683 1680 iis,quae
697 1626 857 1667 mature
873 1625 942 1680 ipfi
957 1626 1036 1668 hac
1047 1626 1099 1668 de
1113 1639 1157 1668 re
1174 1624 1288 1669 vide-

311 1695 404 1728 sant
417 1686 460 1728 8ι
472 1681 709 1728 audiverant
725 1711 740 1735 ,
758 1682 1004 1726 ss.Didacum
1016 1684 1040 1728 ὶ
1055 1685 1186 1728 Nobis
1203 1697 1287 1726 me·

312 1745 402 1788 rito
415 1744 521 1787 inter
537 1746 705 1788 sanctos
733 1741 811 1784 effe
826 1741 1165 1787 adscribendum.
1196 1743 1287 1785 Deo

312 1813 449 1846 autem
463 1829 479 1852 ‚
493 1801 615 1860 quiin
629 1802 767 1843 Domo
782 1800 850 1844 sua
866 1801 1031 1846 Fratres
1058 1803 1098 1846 in
1123 1816 1288 1846 unum

312 1862 500 1904 habitare
515 1861 613 1903 sacit
625 1889 640 1912 ,
649 1860 803 1917 gratias
818 1870 982 1915 agentes
993 1861 1047 1903 de
1060 1872 1173 1906 tanta
1193 1864 1290 1905 Fra·

312 1930 428 1963 arum
454 1919 682 1962 nostrorum
697 1916 959 1961 consensione
973 1946 988 1971 ,
1019 1921 1209 1977 quodque
1234 1917 1287 1961 ad

312 1980 489 2022 Servum
501 1978 543 2019 δι
555 1976 728 2019 amicum
749 1973 879 2024 suum,
890 1980 1084 2033 quantum
1097 1981 1228 2022 Nobis
1240 1979 1288 2021 li·

313 2047 383 2080 cet
397 2063 413 2086 ‚
443 2034 727 2077 honorandum
742 2035 870 2075 corda
895 2035 1030 2076 nostra
1060 2037 1291 2090 impelleret

311 2098 354 2137 δι
372 2092 618 2142 illustraret3
650 2102 742 2132 cum
767 2103 841 2145 per
859 2090 946 2146 ejus
961 2094 1135 2148 gratiam
1148 2091 1291 2136 hucus-

310 2165 392 2209 que
405 2148 539 2192 omnia
564 2146 646 2191 rite
660 2176 674 2201 ,
699 2156 823 2205 atque
855 2148 1000 2193 ordine
1026 2154 1111 2195 afta
1133 2152 1259 2196 effent
1274 2178 1290 2202 2

314 2209 427 2267 quod
444 2207 650 2264 reliquum
675 2216 767 2251 erat
785 2236 800 2259 ,
830 2208 940 2251 diem
964 2211 1290 2254 canonizationis

312 2267 597 2328 praessituimus
625 2265 677 2309 ad
705 2269 875 2310 Sestum
890 2271 1032 2312 Nonas
1048 2270 1144 2325 Julii
1159 2295 1176 2318 ‚
1206 2282 1291 2325 quo

312 2329 383 2372 die
397 2327 593 2371 memoria
610 2324 864 2369 Vifitationis
880 2328 1011 2370 Beate
1027 2328 1164 2371 Marioe
1192 2330 1291 2370 lem·

312 2402 388 2446 per
407 2384 586 2444 Virginis
612 2382 667 2427 ad
690 2387 876 2429 Sanctam
909 2386 1121 2430 Elisabeth
1150 2386 1216 2444 pi‘e
1241 2386 1293 2430 ab

312 2444 500 2491 Ecclesia
513 2443 711 2488 recolitur
729 2472 746 2495 ,
775 2454 822 2488 ut
852 2442 1026 2501 ejusdem
1041 2447 1205 2489 humani
1221 2460 1291 2503 ge·

315 2506 428 2551 neris
442 2504 663 2549 Advocatoe
676 2502 931 2559 patrocinio,
964 2514 1003 2548 ta
1011 2505 1131 2549 ndem
1145 2505 1290 2561 pium„

314 2566 397 2607 hoc
410 2575 515 2620 opus
527 2560 776 2619 prosperi-4&
788 2561 1021 2607 salutariter
1034 2565 1060 2609 a
1076 2564 1208 2608 Nobis
1222 2565 1291 2607 ab·

322 2620 554 2665 solveretur
567 2647 580 2661 .
614 2619 776 2663 Fratres
791 2621 948 2665 interea
961 2621 1113 2667 nostros
1133 2621 1288 2666 hortati

318 2681 484 2729 sumus,
511 2687 557 2722 ut
581 2678 831 2722 intermedio
850 2689 1038 2737 tempore
1065 2681 1143 2726 una
1155 2677 1292 2724 nobis·

320 2735 931 2852 ἱὲιῗῖἕὲἳῗῖἵέἑξὲἷὶῗῗᾷζΫ
944 2737 1293 2855 232333‘02‘3523

908 2823 924 2847 9

322 2858 366 2900 dr
383 2853 505 2913 Regis
519 2854 678 2897 nomine
705 2855 755 2898 ab
778 2855 895 2911 ipsius
905 2857 1083 2901 Oratore
1109 2856 1291 2902 sadum„

324 2914 402 2960 suit
411 2913 647 2974 )iejuniis‚&
659 2910 862 2956 sacrificiis
879 2915 956 2958 Dei
968 2916 1162 2959 auxilium
1176 2916 1294 2959 invo-

323 2989 419 3020 care
443 2986 522 3016 non
536 2969 732 3015 ceffarent
744 2998 758 3013 .
793 2972 831 3014 ls
855 2972 979 3030 igitur
1004 2973 1127 3019 seilus
1144 2975 1293 3018 Viiita·

327 3032 451 3077 sionis
470 3032 557 3074 dies
567 3058 583 3083 ‚
599 3029 696 3074 iden
712 3029 933 3075 hodiernus
946 3047 1039 3078 cum
1050 3032 1293 3087 advenisset,

329 3095 426 3137 Nos
448 3090 491 3132 ds
505 3091 666 3133 Fratres
679 3087 800 3133 nostri
812 3091 1055 3138 cardinales
1069 3122 1084 3146 ,
1115 3093 1293 3138 patriar·

325 3151 439 3203 ehae,
468 3146 769 3205 Archiepiscopi
789 3176 805 3202 ,
832 3150 873 3192 dr
891 3150 1073 3210 Episcopi
1089 3151 1206 3196 {iteris
1222 3166 1296 3198 ve·

331 3210 456 3253 nibus
474 3206 628 3260 induti,
642 3204 835 3252 inchoato
853 3224 924 3265 per
945 3213 1035 3256 Nos
1049 3209 1152 3269 ipsos
1166 3212 1209 3257 in
1221 3226 1297 3257 no·

328 3270 403 3311 nra
420 3264 635 3312 pontificia
646 3266 819 3324 Capella
833 3269 1002 3326 Hymno
1018 3298 1033 3323 ,
1066 3274 1151 3315 Ave
1175 3268 1297 3317 aseris

315 3327 432 3385 steua
445 3353 460 3377 ‚
472 3328 784 3384 cantorumque
796 3327 927 3371 choro
942 3332 1208 3389 prosequente
1222 3358 1237 3384 ,
1249 3339 1296 3376 ut

333 3384 1294 3500 aszeaffiffx‘zzstszs‘ztmitam’

640 3471 656 3497 s
1250 3464 1297 3492 υ·

331 3503 401 3546 πίε
413 3504 588 3547 Pralatis
599 3529 615 3555 ,
636 3504 678 3547 dr
699 3502 951 3551 officialibus
968 3533 983 3559 ,
998 3507 1297 3553 Familiaribus·

362 3575 411 3604 ue
425 3562 563 3604 nostris
574 3577 643 3612 ‚se
658 3562 848 3609 universo
863 3564 1059 3624 Regulari
1072 3568 1112 3611 dr
1123 3568 1295 3612 Secula-

385 3619 518 3687 Ciero
541 3620 666 3678 longo
694 3621 822 3667 devot

329 3677 536 3723 dienttbus
551 3704 565 3728 ‚
587 3693 730 3723 omncs
759 3683 851 3727 sunau
895 3684 1082 3729 accensos
1096 3700 1237 3731 cereos
1254 3686 1292 3730 in

330 3736 514 3781 manibus
530 3736 726 3793 gestantes
742 3741 780 3782 in
795 3742 881 3794 ejus
898 3743 1095 3789 honorem
1109 3775 1124 3800 ‚
1156 3747 1224 3805 qui
1237 3746 1294 3790 cst

328 3796 398 3841 lua
412 3808 535 3849 vera,
559 3794 689 3852 gioria
720 3798 758 3838 δι
775 3797 1211 3856 Γριςηάοιδαηᾶοηιω
1227 3833 1243 3858 ,
1266 3805 1289 3849 'c

882 3639 930 3670 ue
956 3625 1104 3671 ordine
1128 3640 1295 3684 pregre·
1319 3642 1328 3651 ·

980 102 1142 260 sub
1205 172 1422 262 sixto
1493 175 1594 264 V.

1348 336 1511 380 Palatio
1535 334 1673 378 nostro
1687 334 1721 376 A
1729 331 1928 390 postolico
1954 328 2192 374 solemniter
2221 342 2309 385 pro.

1347 395 1529 439 ceffimus
1542 395 1591 437 ad
1606 392 1911 449 antiquiffimam
1931 391 1971 431 δι
1984 387 2311 445 religiosissimam

1346 454 1552 498 Bafilicam
1570 453 1771 508 Principis
1787 448 2071 504 Apostolorum
2087 477 2100 499 ,
2127 449 2169 490 in
2194 445 2309 503 cujus

1346 514 1482 556 medio
1494 512 1749 570 peramplum
1767 506 1990 563 suggestum
2005 505 2135 560 Regio
2148 507 2311 561 sumptu

1345 576 1575 616 extructum
1592 580 1682 615 erat
1694 600 1711 621 ,
1736 577 2003 625 paratumque
2018 564 2160 607 Altare
2187 565 2237 606 ad
2251 562 2312 604 sa·

1346 645 1457 674 cram
1470 630 1749 674 Pontificalem
1766 621 1916 669 Miffam
1931 622 2231 674 celebrandam,
2247 633 2310 663 to.

1345 701 1468 747 taque
1484 690 1628 746 templi
1646 686 1764 728 facies
1778 686 1818 726 in
1830 681 2038 724 communi
2050 681 2236 723 Ecclesia
2246 680 2310 721 lae-

1342 751 1431 791 titia
1449 750 1587 792 hilaris
1605 748 1665 799 ,&
1681 740 1896 789 Pontificio
1909 746 2104 795 apparatu
2116 737 2311 781 decentet·

1339 819 1504 858 ornata,
1517 807 1733 860 omniaque
1748 797 2020 857 spiritualibus
2032 795 2202 839 canticis
2219 809 2310 851 per·

1340 868 1532 910 sonabant
1547 893 1561 914 ,
1575 864 1729 906 funalia
1741 862 1781 901 &
1798 857 1905 900 faces
1918 857 2234 912 circumquaque
2247 867 2313 897 ar—

1340 925 1516 976 debant,
1531 926 1569 965 &
1585 920 1735 964 vexilla
1748 915 1918 974 appensa
1934 943 1949 967 ,
1970 915 2010 958 in
2025 916 2173 972 quibus
2190 914 2304 955 Beati

1343 985 1433 1028 Viri
1449 985 1581 1037 imago
1594 978 1768 1035 exprelsa
1780 986 1884 1024 erat,
1899 974 1964 1031 qui
1977 987 2155 1030 corpore
2171 975 2307 1016 erecto

1341 1042 1523 1095 depiflus
1536 1069 1550 1091 ,
1562 1039 1732 1082 dextera
1748 1048 1863 1077 manu
1875 1046 2065 1076 coronam
2081 1029 2310 1075 Beatiffimae

1341 1099 1417 1142 Dei
1443 1098 1670 1142 Genitricis
1686 1123 1700 1147 ,
1731 1091 1880 1135 finistra
1906 1095 2084 1136 Crucem
2110 1088 2314 1132 invistiffi-

1342 1172 1448 1260 {33⁶3
1459 1158 2029 1260 ἕέἇέζῗέῗὲἳὲἓὲςέξῖὲὲἒι
2042 1160 2316 1262 Yissffiisst

1343 1279 1383 1320 δι
1396 1275 1607 1319 diabolum
1623 1270 1822 1329 superavit
1833 1297 1846 1310 .
1881 1268 1963 1313 Hie
1979 1272 2067 1313 Nos
2079 1268 2123 1310 in
2137 1269 2312 1309 maxima

1345 1335 1478 1384 fidelis
1493 1333 1665 1391 Populi,
1689 1327 1895 1385 totiusque
1909 1328 2099 1371 adstantis
2115 1326 2215 1369 cleri
2230 1321 2315 1368 fre·

1342 1385 2317 1507 333323’332‘54333553,{sffb‘z‘fisa‘ifflifi}

1344 1510 1922 1614 ‘3525‘32512‘1522313‘532522'23
1935 1503 2318 1616 :ziziizssissygztz

1348 1629 1495 1677 dibus,
1525 1627 1563 1669 in
1591 1624 1775 1681 suggestu
1799 1631 1894 1666 ante
1907 1621 2052 1667 Altare
2077 1619 2317 1673 oravimus3

1346 1702 1443 1732 mox
1456 1688 1495 1729 in
1508 1684 1665 1728 sublimi
1679 1679 1913 1739 Apostolico
1927 1682 2097 1723 Throno
2108 1678 2319 1722 conliden-

1348 1759 1428 1800 tcs,
1441 1748 1606 1788 Fratres
1635 1742 1790 1787 nostros
1817 1741 1859 1782 S·
1874 1741 1933 1782 R.
1949 1740 1998 1782 Ε.
2014 1737 2252 1782 Cardinales
2276 1737 2318 1779 δι

1351 1802 1576 1863 Episcopos
1595 1814 1742 1844 omnes
1765 1798 1884 1842 sacris
1907 1797 2083 1841 vestibus
2099 1806 2263 1840 ornatos
2276 1796 2317 1838 ἃ

1347 1873 1511 1923 paratos
1525 1891 1540 1914 ,
1557 1859 1689 1906 Nobis
1715 1856 1988 1902 obedientiam
2014 1857 2066 1899 de
2083 1869 2196 1899 more
2214 1869 2314 1911 prae·

1349 1925 1491 1967 ssantes
1507 1919 1764 1976 excepimus:
1793 1915 1898 1957 Tum
1923 1914 2094 1958 dileetus
2122 1912 2228 1956 filius
2242 1926 2319 1956 no·

1349 1984 1430 2025 ster
1446 1984 1589 2024 Petrus
1617 1977 1729 2020 tituli
1745 1974 1879 2019 Sancti
1899 1971 2142 2026 Hieronymi
2169 1970 2315 2027 Illyri·

1350 2053 1493 2083 corum
1527 2037 1751 2090 Presbyter
1776 2030 2008 2075 Cardinalis
2041 2035 2152 2084 Deca
2168 2030 2319 2084 Hispa-

1353 2112 1424 2141 nus
1440 2124 1455 2148 ,
1493 2094 1701 2140 Catholici
1720 2091 1846 2148 Regis
1863 2090 2039 2147 Philippi
2057 2089 2322 2145 totiusque-³

1352 2152 1554 2212 Hispania
1567 2154 1728 2197 nomine
1743 2151 1897 2204 semel,
1928 2150 2074 2195 iterum
2091 2178 2105 2202 ,
2134 2149 2175 2191 ἃ.
2189 2148 2318 2193 tertio

1351 2214 1636 2271 suppliciter&
1655 2209 1925 2254 instantissime
1935 2209 1957 2251 ἃ
1975 2210 2106 2253 Nobis
2118 2210 2256 2264 petiit,
2271 2215 2319 2249 ut

1352 2276 1399 2316 B.
1417 2271 1614 2314 Didscurn
1630 2270 1669 2312 in
1688 2271 1927 2311 Sanctorum
1945 2279 2161 2310 numerum
2174 2265 2322 2310 adscri-

1353 2325 1720 2385 beremus,Nosque
1736 2325 1787 2369 ad
1802 2324 1973 2382 lingulas
1985 2324 2071 2384 ejus
2081 2324 2318 2382 petitiones,

1354 2388 1478 2445 Regis
1494 2388 1647 2446 pietate
1658 2412 1674 2437 ,
1703 2387 1741 2428 δι
1758 2384 1869 2429 beati
1888 2383 1977 2428 Viri
1991 2385 2147 2428 meritis
2163 2383 2318 2440 collau-

1353 2449 1487 2498 datis,
1513 2446 1667 2504 semper
1682 2453 1818 2489 tamen
1841 2457 1911 2502 per
1923 2442 2106 2487 distinaa
2124 2442 2321 2487 interval-

1353 2509 1393 2553 la
1408 2534 1423 2557 ,
1437 2502 1811 2560 nostras'totiusque
1825 2503 1939 2547 Cleri
1953 2503 1994 2545 dt
2008 2501 2151 2561 Populi
2164 2501 2321 2545 oratio-

1351 2579 1450 2619 nes,
1482 2564 1645 2611 litanias
1670 2564 1709 2606 δι
1726 2564 1856 2608 sacros
1878 2563 2051 2617 hymnos
2074 2559 2322 2618 interposui-

1350 2638 1440 2668 mus
1455 2652 1468 2667 .
1501 2626 1694 2675 nemum,
1709 2636 1804 2667 eum
1831 2621 1913 2678 jam
1934 2620 2037 2663 nihil
2068 2623 2237 2665 omnino
2268 2632 2319 2662 ex

1353 2684 1438 2734 his,
1466 2696 1551 2742 que
1573 2683 1598 2727 a
1623 2680 1841 2739 majoribus
1869 2678 1936 2737 pie
1950 2706 1965 2731 ,
1992 2677 2203 2736 (imaeque
2228 2677 2321 2721 sunt

1353 2744 1433 2787 hoc
1447 2740 1500 2785 de
1510 2754 1661 2798 genere
1675 2740 1875 2791 instituta,
1886 2737 1982 2783 ess'et
1997 2735 2316 2794 pretermissum,

1353 2803 1436 2846 imo
1450 2800 1587 2856 potitis
1603 2808 1760 2842 matura
1785 2797 2062 2849 deliberatio,
2091 2795 2319 2852 summaque

1352 2860 1564 2915 diligentia
1593 2855 1864 2901 abundantius
1888 2854 2104 2907 adhibita,
2129 2855 2320 2898 invocato

1352 2920 1502 2963 Sanan
1527 2921 1734 2961 Creatore
1746 2914 1928 2969 Spiritu,
1959 2912 2074 2971 cujus
2097 2912 2267 2958 consilio
2282 2913 2323 2955 δι

1354 2978 1546 3036 sapientia
1558 2976 1701 3019 Sancta
1716 2973 1895 3019 Ecclesia
1909 2973 2098 3018 columna
2108 2999 2122 3024 ,
2134 2973 2175 3016 δι
2189 2970 2324 3015 firma·

1354 3047 1534 3084 mentum
1559 3034 1742 3080 veritatis
1765 3034 1916 3090 regitur
1939 3058 1954 3083 ,
1981 3030 2146 3090 ejusque
2171 3044 2317 3075 numen

1356 3097 1453 3155 sepe
1481 3098 1503 3141 a
1520 3096 1649 3141 Nobis
1664 3108 1712 3139 ex
1728 3092 1873 3137 intimo
1896 3091 2026 3136 eorde
2050 3091 2320 3136 multisetiam

1359 3153 1872 3212 lachrymisimploratum,
1886 3150 2058 3209 presens
2079 3148 2211 3193 adesse
2237 3161 2318 3192 non

1355 3215 1588 3261 dubitantes
1602 3240 1616 3263 ,
1648 3212 1700 3256 ad
1729 3212 1928 3256 honorem
1942 3206 2080 3253 sancte
2090 3235 2106 3259 ,
2118 3211 2157 3253 ει
2173 3206 2320 3251 indivi-

1356 3276 1444 3320 due
1459 3272 1672 3319 Trinitatis
1689 3271 1841 3321 Patris,
1870 3270 1911 3312 δι
1934 3267 2048 3320 Filii,
2078 3268 2119 3310 ds
2146 3264 2319 3324 Spiritus

1356 3333 1519 3388 sanem
1549 3332 1600 3376 ad
1613 3329 1907 3376 exultationem
1921 3325 2094 3387 superna:
2121 3327 2159 3370 δι
2173 3326 2252 3369 triu
2260 3339 2319 3367 m-

1357 3393 1519 3453 phantis
1532 3389 1785 3436 Hierusalem
1801 3386 1941 3433 matris
1953 3384 2116 3440 nostrat,
2136 3384 2186 3428 ad
2205 3384 2317 3428 exal-

1354 3454 1554 3497 tationem
1574 3448 1797 3497 catholice
1825 3443 1940 3491 Fidei
1962 3472 1978 3497 ,
2016 3445 2057 3487 8ι
2083 3444 2321 3490 Christiane⁴

1356 3509 1587 3569 Religionis
1599 3516 1872 3567 augmentem5
1887 3503 2123 3547 auctoritato
2135 3502 2228 3561 ejus
2222 3503 2314 3548 dem

1355 3574 1507 3618 Sancte
1521 3566 1763 3620 Trinitatis,
1785 3566 2004 3609 Beatorum
2028 3562 2317 3619 Apostolorum

1354 3631 1469 3676 Petri
1510 3630 1551 3673 dr
1577 3624 1717 3679 Pauli,
1747 3636 1795 3667 ac
1821 3624 1980 3676 nossra3
2009 3621 2060 3666 de
2094 3618 2314 3666 Venerabi-

1357 3689 1458 3735 lium
1473 3690 1659 3733 Fratrum
1674 3680 1901 3727 nostrorum
1917 3687 1957 3727 S.
1977 3683 2030 3725 R.
2046 3683 2095 3725 Ε.
2112 3680 2314 3726 Cardina.

1354 3748 1453 3792 lium
1465 3775 1479 3800 ‚
1491 3746 1753 3799 omniumque
1769 3741 2096 3786 Patriarchsrum
2108 3767 2122 3791 ,
2139 3739 2316 3785 Archie-

1351 3808 1637 3864 piscatorum,
1661 3804 1701 3846 δι
1718 3799 2014 3860 Episcoporum
2044 3799 2083 3843 in
2101 3802 2316 3899 Ιῑοηὲαηι,

2219 3869 2260 3898 u.
