2444 4192
334 223 506 339 546

263 381 324 424 nis
338 409 353 431 ‚
371 378 435 422 vel
449 379 620 433 alicujus
636 375 811 436 persona
824 376 864 419 in
878 376 1081 434 dignitate
1093 378 1238 423 Eccle-

946 219 1535 338 Appendix..

1298 393 1352 424 ne
1368 376 1538 427 retudit,
1551 391 1627 435 qua
1643 376 1767 422 etiam
1784 375 1967 421 omnium
1982 375 2168 424 fidelium
2182 377 2272 424 suo·

264 439 416 483 fiastica
443 440 668 483 constitutae
690 439 855 480 munitis
883 467 900 490 ,
931 439 1076 483 eadem
1106 468 1122 493 ,
1153 453 1238 495 quae
1297 453 1387 482 rum
1401 437 1676 483 curiositatem
1696 438 1895 482 coercuit:
1913 441 2010 482 Non
2023 438 2274 483 estvestrum

263 497 521 557 praesentibus
533 499 641 543 bisce
661 499 926 541 adhiberetur
939 526 957 550 ,
987 498 1091 543 fides
1122 499 1240 543 adhi-

262 560 410 604 beatur
423 588 435 600 .

1299 498 1401 541 scire
1431 507 1654 553 tempora,
1684 497 1750 542 vel
1780 506 2014 548 momenta,
2035 509 2122 554 quae
2150 501 2274 544 Patet·

1300 556 1433 615 posuit
1460 557 1501 599 in
1517 556 1583 600 sua
1611 557 1833 615 potestate·
1864 561 1954 600 Nec
1971 558 2073 600 vero
2092 556 2143 600 ad
2164 557 2276 603 futu-

386 621 538 660 Datum
564 619 709 659 Romae
733 616 842 674 apud
865 619 1055 662 Sanctum
1075 619 1242 662 Petrum
1302 631 1371 660 ros
1383 626 1582 672 eventus,
1600 620 1641 662 δι
1670 618 1864 661 fortuitos
1889 614 2003 659 casus
2025 615 2275 673 praenoscen·

261 676 334 720 sub
358 677 526 719 Annulo
550 674 758 719 Piscator-is
782 702 799 726 ,
827 676 897 721 die
922 692 1077 723 unt.
1094 678 1240 722 ‘Martii
1301 678 1377 721 dos
1396 675 1577 733 (futuris
1598 678 1811 722 eventibus
1837 690 1888 719 ex
1909 676 2165 720 naturalibus
2178 691 2275 720 cau-

262 749 551 780 uncxxvrrr.
600 732 869 783 Ponuficatuis
918 739 1060 786 Nostri
1106 741 1239 782 Anno
1296 735 1343 778 fis
1369 735 1615 789 necessario,
1645 736 1710 780 vel
1725 735 1963 794 frequenter
1985 735 2272 793 provenienti-

258 797 423 857 Qinto
436 823 451 837 .

727 916 784 959 Χ.

253 1034 437 1083 Contra
467 1046 729 1084 exercentes
765 1049 916 1086 artem
948 1033 1229 1105 Astrologiae

313 1100 567 1167 judiciarie
584 1140 602 1164 ,
634 1103 685 1157 ὅ(
714 1106 803 1158 alia
834 1121 1137 1175 quaecumque
1164 1107 1231 1156 di·

319 1174 612 1226 vinationum
646 1192 814 1246 genera
843 1214 861 1237 ,
898 1175 1128 1247 librosque
1164 1191 1229 1228 te-

318 1259 479 1295 nentes
495 1282 513 1307 ,
538 1249 618 1299 vel
634 1249 837 1318 legentes
854 1284 870 1298 .

287 1376 636 1433 SleUs
687 1379 1193 1436 EPISCOPUS

433 1504 607 1547 semus
637 1505 897 1546 Serwottusa
926 1504 1008 1543 Der
1031 1530 1046 1543 .

395 1618 467 1663 Ad
478 1626 720 1676 perpetum
742 1620 804 1662 re}
822 1612 1052 1661 memoriam
1064 1644 1080 1660 .

369 1737 449 1781 <mi
464 1764 480 1790 ,
507 1738 548 1781 δι
564 1738 703 1782 Terre
727 1738 910 1784 Creator
937 1740 1048 1784 Deus
1064 1764 1080 1790 ,
1106 1751 1230 1795 quem

252 1740 361 1860 C
389 1809 514 1841 unum
525 1798 866 1855 Omnipotentcm
877 1800 1007 1843 corde
1021 1799 1227 1844 credimus

249 1868 301 1902 ad
316 1858 505 1916 ,ustitiam
518 1857 586 1910 ,δι
602 1871 675 1900 ore
698 1856 944 1903 confitemur
971 1860 1023 1904 ad
1040 1857 1228 1910 salutem,

248 1919 324 1961 etsi
348 1917 503 1960 homiui
520 1944 535 1969 ,
558 1930 678 1974 quem
694 1920 745 1962 ad
767 1918 985 1975 imaginem
1001 1947 1016 1972 ,
1030 1921 1068 1962 Et
1086 1917 1226 1961 simili-

248 1977 437 2021 tudinem
462 1975 574 2020 suam
598 1978 763 2020 creavit
779 2006 794 2031 ‚
821 1987 1004 2023 mentem
1035 1978 1224 2028 dederit,

277 2049 333 2078 υτ
361 2048 444 2078 non
473 2033 603 2082 solum
628 2037 785 2081 Divino
813 2037 927 2081 Fidei
954 2037 1220 2082 lumineillu·

283 2103 370 2138 rata
384 2095 575 2151 mysteria
592 2094 663 2140 illa
678 2095 958 2155 cognosceret,
972 2099 1065 2155 quae'
1076 2098 1221 2140 buma-

243 2169 339 2199 nam
352 2154 671 2212 intelligentiam
686 2158 874 2214 superant
888 2188 904 2212 ,
918 2157 984 2202 sed
1000 2158 1124 2202 etiam
1144 2171 1220 2200 na·

243 2223 344 2258 turae
365 2212 441 2258 suae
465 2217 502 2258 vi
520 2217 810 2271 ,magnolieet
825 2232 920 2262 cum
938 2219 1078 2261 labore
1092 2245 1107 2269 ,
1121 2231 1218 2273 proe·

241 2276 355 2318 clara
386 2274 518 2318 multa
541 2276 800 2333 investigaret
827 2306 842 2332 ‚
864 2290 986 2337 atque
1013 2276 1221 2333 intellige·

241 2344 306 2377 ret
322 2362 337 2386 ,
366 2342 500 2378 tamen
514 2360 529 2384 ,
541 2346 582 2377 ut
598 2334 811 2392 superbum
827 2337 974 2382 animal
999 2339 1123 2380 homo
1139 2350 1222 2380 non

244 2393 375 2437 altum
403 2393 591 2452 saperet,
618 2393 683 2438 sed
709 2399 902 2451 timeret,
930 2395 1219 2440 &immensam

240 2454 487 2497 Conditoris
501 2451 557 2497 sui
580 2453 823 2510 majestatem
853 2458 964 2502 humi
989 2455 1136 2500 stratus
1152 2471 1220 2501 ve·

239 2524 460 2557 neraretur
474 2542 490 2567 ‚
504 2514 573 2556 sibi
600 2513 675 2566 soli
690 2530 831 2561 eorum
844 2530 956 2575 ,quat
985 2527 1219 2561 eventura-2

239 2571 331 2615 sunt
348 2601 362 2623 ‚
389 2572 628 2625 scientiam,
654 2577 695 2619 δι
718 2573 950 2621 suturarum
979 2589 1116 2620 rerum
1149 2589 1221 2619 eo·

242 2631 469 2696 ‘nitioncm
485 2633 706 2678 reservavit
721 2664 734 2678 .
751 2635 872 2680 Solus
887 2637 999 2679 enim
1025 2634 1132 2692 ipse,
1145 2649 1220 2678 cu·

241 2703 306 2746 ‚us
347 2689 482 2732 oculis
505 2692 646 2734 omnia
674 2693 781 2738 nuda
805 2721 822 2746 ,
859 2696 899 2737 δι
928 2703 1070 2748 aperta
1099 2693 1220 2742 sunt,

243 2745 295 2790 ad
312 2746 473 2791 ‘mimas
488 2748 699 2792 hominum
716 2751 989 2807 cogitationes
1015 2757 1223 2805 penetrat,

243 2807 286 2849 ἅ
309 2809 602 2864 consequentes
625 2820 773 2852 corum
792 2809 975 2852 actiones
1006 2809 1219 2851 intueturt

244 2864 351 2909 solus
363 2864 444 2923 ipsc
459 2891 473 2916 ,
486 2866 552 2921 qui
571 2876 690 2909 vocat
705 2880 751 2910 ea
766 2891 781 2915 ,
800 2879 886 2923 quae
900 2879 979 2910 non
997 2864 1103 2917 sunt,
1117 2876 1222 2909 tam·

245 2938 367 2982 quam
389 2938 436 2968 ea
452 2951 467 2976 ,
491 2936 580 2982 quat
604 2922 723 2976 sunt,
749 2927 889 2969 omnia
920 2927 1151 2981 presentia,
1183 2927 1223 2969 ει

247 2995 344 3028 ante
369 2983 515 3029 oculos
538 2982 666 3041 posita
684 2985 832 3030 babet:
859 2985 969 3030 solus
989 2984 1224 3043 denique-a

245 3043 382 3090 omnia
399 3071 414 3097 ‚
428 3043 470 3087 δι
490 3044 645 3102 singula
659 3058 948 3102 ,quecumque
976 3045 1104 3089 totius
1120 3058 1224 3088 tem·

248 3103 357 3162 poris
370 3102 544 3148 decursu
557 3129 572 3154 ‚
594 3104 635 3147 δι
660 3102 892 3150 saculorum
912 3105 1095 3149 :tatibus
1111 3101 1223 3148 sutu-

248 3177 293 3208 ra
310 3160 399 3206 sunt
413 3191 430 3215 ,
445 3164 495 3207 ab
515 3163 627 3207 omni
640 3165 867 3210 eternitate
882 3165 995 3209 novit
1009 3192 1024 3218 ,
1035 3166 1076 3208 ἀ
1090 3163 1223 3208 admi-

250 3221 368 3266 rabili
383 3221 644 3279 providentia
660 3222 880 3281 disposuit,
893 3238 979 3283 qun
993 3237 1077 3269 uon
1092 3222 1221 3268 modo

251 3283 433 3325 humant
455 3283 603 3328 mentis
633 3283 894 3327 imbecillitas
921 3284 1077 3341 ignorat
1107 3310 1121 3334 ,
1153 3281 1220 3326 scd

250 3354 327 3386 nec
340 3340 553 3387 doemones
567 3343 636 3400 ipsi
659 3338 883 3400 presentire
897 3342 1068 3400 possunt.
1083 3346 1224 3403 Qare

252 3400 456 3443 idolorum
471 3405 511 3444 in
526 3400 672 3447 suturis
688 3403 976 3447 annuntiandis
990 3403 1221 3455 salsitatem,

250 3460 288 3502 δι
310 3461 633 3507 imbecillitatem
648 3490 662 3515 ‚
675 3462 716 3505 ἅ
729 3475 893 3511 eorum,
907 3464 974 3521 qui
993 3463 1051 3507 eis
1065 3462 1220 3508 cultum

250 3519 517 3572 adhibebant,
535 3523 757 3566 vanitatem
773 3522 911 3565 irridet
939 3523 1111 3580 Spiritus
1127 3526 1223 3566 San·

249 3578 338 3622 Qus
351 3581 456 3633 apud
476 3578 616 3623 isaiam
634 3580 712 3625 illis
730 3580 862 3627 verbis
880 3593 893 3625 t
929 3582 1186 3627 Annunciate
1204 3606 1218 3631 ,

248 3648 339 3695 qu·
359 3649 528 3682 ventura
556 3639 646 3685 sunt
672 3639 911 3686 infuturum
930 3667 945 3692 ,
960 3643 1001 3685 δι
1022 3641 1187 3687 sciemus
1201 3668 1216 3694 ,

248 3700 343 3754 quia
370 3694 435 3740 m
460 3699 551 3742 cni·
583 3713 683 3744 vos:
713 3702 754 3745 ec
771 3701 810 3745 in
827 3715 938 3745 novo
954 3702 1215 3747 Testamenta

1296 798 1395 844 bus,
1420 809 1502 853 quae
1532 797 1583 840 ad
1610 796 1904 839 divinationem
1932 808 2015 838 non
2029 796 2269 852 pertinent,

1299 854 1512 899 dumtaxat
1535 855 1749 914 exceptis)
1776 854 1867 896 ullae
1894 853 1984 899 sunt
2013 868 2115 898 verae
2129 866 2267 909 artes,

1296 924 1368 955 aut
1397 913 1642 970 disciplinae,
1670 914 1737 957 sed
1765 913 1934 956 fallaces
1960 915 2002 956 δι
2026 928 2163 965 vanae,
2195 915 2270 955 im-

1293 973 1518 1027 proborum
1542 975 1751 1017 hominum
1776 971 1918 1015 astutis
1935 1000 1951 1025 ,
1976 975 2018 1015 δι
2044 973 2271 1031 demonum
2360 1028 2363 1029 ⁷

1294 1028 1502 1076 fraudibus
1516 1033 1784 1084 introdue'iaess,
1796 1047 1845 1074 ex
1868 1046 2043 1090 quorum
2054 1032 2267 1088 operatio-

1290 1105 1368 1141 ne,
1400 1092 1593 1144 consilio,
1623 1091 1694 1137 vel
1719 1092 1875 1135 auxilio
1906 1093 2039 1135 omnis
2064 1092 2267 1139 divinatio

1287 1149 1497 1201 dimanat,
1522 1151 1601 1195 sive
1614 1152 1722 1209 quod
1737 1150 1927 1208 expresse
1953 1153 2003 1194 ad
2019 1148 2154 1196 sutura
2176 1164 2268 1193 ma·
2293 1188 2297 1192 Α

1289 1209 1774 1254 nifestandainvocentur
1789 1241 1806 1263 ,
1829 1211 1910 1253 sive
1929 1212 2041 1268 quod
2068 1210 2137 1267 ipsi
2167 1224 2259 1268 pra·-

1290 1269 1418 1312 ritate
1432 1277 1496 1319 sua
1512 1299 1527 1322 ,
1542 1272 1581 1313 &
1596 1271 1719 1314 hodie
1734 1271 1773 1317 in
1787 1284 1913 1326 genus
1937 1273 2174 1322 humanum,
2188 1283 2260 1313 oc-

1289 1329 1433 1384 culte,
1458 1329 1584 1373 etiam
1610 1339 1754 1386 prater
1783 1329 1961 1372 hominis
1986 1330 2266 1373 intentionem

1291 1385 1329 1430 se
1343 1387 1526 1443 ingerant
1541 1416 1557 1440 ,
1570 1389 1608 1430 &
1630 1386 1841 1431 intrudant
1863 1389 1975 1430 vanis
1994 1387 2270 1443 inquisitioni·

1290 1446 1364 1487 bus
1379 1447 1610 1487 futurorum
1625 1471 1640 1495 ,
1652 1455 1696 1487 ut
1720 1455 1874 1486 mentes
1901 1446 2108 1487 hominum
2126 1446 2263 1500 perni-

1289 1503 1404 1544 ciosis
1422 1501 1690 1551 vanitatibus,
1716 1502 1757 1544 &
1778 1501 1912 1546 sallaci
1938 1504 2265 1559 contingentium

1291 1560 1640 1616 praenunciatione
1671 1559 1964 1617 implicentur,
1990 1563 2030 1605 δι
2055 1562 2167 1606 omni
2191 1564 2269 1606 im·

1289 1619 1455 1677 pietatis
1469 1632 1625 1676 genere
1651 1619 1933 1677 depraventur
1946 1633 1961 1664 t
1986 1625 2090 1679 Quae
2104 1620 2269 1679 quidem

1289 1679 1380 1736 ipsis
1394 1681 1565 1736 cognita
1587 1677 1677 1723 sunt
1691 1707 1707 1733 ,
1730 1693 1810 1723 non
1833 1679 2052 1725 divinitate
2074 1682 2271 1738 aliqum»,

1290 1753 1364 1783 nec
1383 1752 1479 1783 vera
1491 1739 1717 1783 futurarum
1731 1753 1867 1784 rerum
1883 1740 2051 1786 scientia
2067 1768 2081 1793 ,
2105 1741 2176 1786 sed
2192 1755 2268 1785 na-

1288 1797 1624 1844 turae'subtilioris
1645 1801 1855 1850 acumine,
1870 1801 1909 1844 &
1924 1799 2016 1844 aliis
2028 1799 2269 1856 quibusdam

1289 1858 1423 1904 modis
1436 1887 1452 1912 ‚
1477 1872 1581 1917 quos
1602 1859 1820 1903 *hominum
1836 1858 2020 1904 obtusior
2034 1860 2268 1917 intelligen-

1287 1919 1344 1963 tia
1360 1918 1548 1974 ignorat-.
1565 1920 1854 1977 Quamobrem
1880 1918 2158 1976 dubitandum
2170 1930 2263 1962 'non

1284 1978 1340 2022 est
1366 2006 1381 2031 ,
1413 1977 1454 2021 in
1482 1978 1714 2036 hujusmodi
1745 1976 1997 2028 futurorum'
2036 1983 2075 2034 ’ῥ’
2117 1981 2262 2035 ingen-

1280 2039 1383 2083 tium
1398 2064 1413 2089 ,
1434 2039 1476 2081 δι
1501 2038 1767 2082 fortuitorum
1794 2032 2015 2083 eventuu'in
2038 2041 2055 2092 j
2072 2038 2265 2096 quisitio-

1288 2112 1339 2142 ne
1354 2125 1371 2150 ,
1384 2098 1428 2140 δι
1440 2096 1755 2154 precognitione
1769 2126 1784 2150 ,
1805 2097 1960 2141 diaboli
1981 2098 2267 2152 operationem

1287 2155 1328 2202 se
1353 2156 1558 2202 fallaciter
1587 2155 1839 2211 immiscere,
1859 2166 1905 2200 ut
1924 2155 1990 2200 sua
2014 2156 2186 2211 fraude,
2216 2170 2266 2200 ae

1282 2216 1393 2261 dolis
1407 2246 1423 2270 ,
1438 2216 1598 2262 miseros
1615 2218 1801 2260 homines
1814 2217 1835 2259 a
1852 2216 1916 2260 via
1928 2216 2067 2261 salutis
2082 2226 2259 2268 avertat,

1281 2278 1481 2333 &laqueo
1495 2276 1768 2320 damnationis
1793 2275 2004 2319 involvat.
2035 2280 2139 2333 Quae
2166 2290 2264 2320 cum
2318 2305 2321 2308 -

1283 2338 1341 2382 ita
1354 2338 1430 2379 sint
1447 2363 1462 2386 ,
1474 2335 1661 2380 nonnulli
1677 2333 1952 2382 ltoecfideliter
1964 2360 1980 2385 ,
1993 2335 2034 2379 δι
2049 2335 2261 2392 religiose,

1281 2396 1608 2450 utdebent,non
1629 2395 1915 2442 attendentes,
1941 2393 2007 2438 sed
2033 2393 2187 2438 curiosa
2204 2393 2265 2437 se·

1279 2460 1464 2508 stantes,
1494 2455 1676 2511 graviter
1706 2458 1838 2498 Deum
1851 2452 2094 2505 offendunt,
2119 2463 2266 2497 erran-

1278 2525 1339 2562 tes
1356 2515 1423 2574 ipsi
1438 2541 1452 2565 ,
1466 2517 1504 2558 &
1522 2516 1619 2559 alios
1635 2516 1675 2571 in
1692 2527 1878 2558 errorem
1893 2517 2136 2557 mittentes:
2152 2514 2261 2557 tales

1280 2577 1324 2620 in
1341 2577 1481 2634 primis
1506 2573 1595 2619 sunt
1611 2573 1814 2627 Astrologi
1826 2598 1841 2621 ,
1861 2572 1965 2615 olim
1983 2573 2261 2616 Mathemati-

1280 2636 1349 2686 ci,
1372 2634 1664 2680 Genethliaci,
1695 2631 1737 2671 δι
1764 2630 1985 2676 Planetarii
2002 2631 2159 2683 vocati,
2190 2629 2261 2685 qui

1282 2704 1454 2742 vanam,
1487 2687 1709 2747 falsamque
1737 2687 1923 2744 syderum
1950 2715 1966 2740 ,
1990 2688 2032 2745 >dt
2066 2687 2265 2732 astrorum

1282 2749 1488 2794 scientiam
1506 2747 1745 2804 profitentes
1757 2774 1773 2797 ,
1783 2746 2014 2804 divinaeque
2028 2745 2262 2803 dispositio-

1283 2808 1344 2854 nis
1359 2807 1663 2851 ordinationem
1677 2831 1691 2855 ,
1705 2805 1776 2849 suo
1791 2815 1980 2863 tempore
1989 2805 2261 2850 relevandam

1284 2868 1505 2925 prevenire
1517 2863 1778 2911 audacisiime
1791 2864 2038 2923 satagentes,
2050 2867 2264 2910 bominum

1285 2927 1545 2976 nativitates,
1578 2923 1876 2983 seu-genituras
1890 2954 1903 2979 ‚
1935 2939 1985 2969 ex
2009 2935 2124 2971 motu
2144 2924 2266 2983 syde-

1286 3000 1376 3031 rum
1391 3015 1406 3040 ‚
1437 2988 1476 3030 δι
1500 2985 1697 3030 astrorum
1712 2986 1828 3029 cursu
1845 2985 2068 3030 metiuntur
2083 3013 2098 3038 ,
2128 2998 2175 3028 ae
2198 2983 2263 3042 ju·

1284 3046 1427 3091 dicant
1441 3044 1575 3089 sutura
1592 3073 1607 3099 ,
1622 3044 1700 3089 sive
1714 3044 1838 3088 etiam
1853 3045 2058 3102 presentia
2073 3073 2087 3098 ,
2100 3045 2142 3088 δι
2159 3057 2262 3101 proe-

1285 3106 1407 3150 terita
1422 3104 1589 3149 occulta
1602 3132 1617 3157 ,
1630 3114 1756 3163 atque
1769 3118 1816 3148 es
1832 3118 2053 3161 puerorum
2070 3114 2196 3155 ortu,
2217 3105 2258 3147 δι

1284 3166 1411 3210 natali
1442 3164 1538 3215 die,
1562 3162 1644 3208 sive
1671 3164 1812 3222 quavis
1837 3163 1915 3209 alta
1942 3164 2200 3222 temporum,
2220 3165 2262 3207 δι

1276 3236 1636 3270 monumentorum
1674 3222 1881 3268 vanissima
1921 3224 2210 3268 observatione
2245 3248 2261 3272 ,

1284 3286 1325 3328 Bt
1338 3284 1550 3329 notatione
1564 3309 1578 3334 ,
1606 3282 1658 3327 de
1672 3283 1978 3341 uniuscujusque
1998 3281 2166 3327 hominis
2184 3280 2260 3323 sla-

1284 3356 1330 3388 tu
1342 3370 1357 3395 ‚
1373 3343 1642 3396 conditione,
1660 3343 1750 3386 vitae
1762 3341 1877 3386 eursu
1893 3370 1909 3396 ,
1937 3340 2155 3387 honoribus
2169 3366 2184 3390 ι,
2198 3339 2261 3384 di·

1285 3404 1423 3456 vitiis,
1449 3397 1619 3456 sobole,
1645 3401 1975 3455 salutc‚morte,
2011 3399 2257 3453 itineribus,

1281 3463 1572 3508 certaminibus
1586 3490 1602 3515 ,
1617 3460 1834 3505 inimicitiis
1849 3488 1863 3514 ,
1890 3459 2125 3504 carceribus
2140 3487 2154 3513 ,
2183 3472 2259 3502 σε·

1281 3523 1422 3574 dibus,
1437 3522 1555 3566 variis
1569 3520 1870 3565 discriminibus
1881 3544 1898 3570 ,
1910 3515 2074 3575 allisque
2089 3519 2260 3576 prospe·

1279 3584 1331 3627 ris
1347 3611 1361 3635 ,
1374 3584 1415 3627 ez
1427 3580 1606 3627 adversis
1618 3578 1775 3625 casibus
1789 3608 1806 3632 ,
1819 3579 1858 3623 ει
1871 3577 2084 3622 eventibus
2099 3591 2259 3635 preco-

1276 3640 1471 3701 gnol'cere
1496 3669 1512 3696 ,
1542 3639 1720 3697 judicare
1745 3666 1761 3692 ,
1798 3638 1841 3681 δι
1869 3637 2063 3682 affirmare
2096 3636 2257 3681 temere

1276 3701 1545 3760 presumunt,
1572 3712 1653 3744 non
1670 3697 1748 3742 sine
1776 3711 1921 3753 magno
1934 3695 2120 3755 periculo
2133 3710 2254 3742 erro-

246 3755 435 3802 christus
462 3759 661 3802 Domini„
679 3760 972 3819 discipulorum
986 3760 1144 3805 suorum
1161 3758 1213 3803 dc
1274 3763 1349 3812 ris,
1367 3762 1408 3805 δι
1421 3756 1691 3811 infidelitati23
1704 3768 1804 3800 eum
1825 3757 2139 3815 &Augustiana
2153 3770 2255 3813 prar-

245 3813 396 3884 suturis
417 3819 629 3862 eventibus
646 3820 770 3875 paulo
791 3821 976 3878 cupidius
1004 3820 1206 3879 inquiren·
1266 3822 1433 3879 cipuum
1463 3815 1648 3863 Ecclesia
1665 3817 1818 3884 lumen,
1832 3830 1954 3885 eum,
1980 3818 2051 3876 qui
2082 3817 2164 3885 ὴςε
2177 3817 2255 3860 ob-

243 3886 349 3922 tium
368 3879 735 3936 interrogationem
754 3881 868 3937 gravi
892 3880 958 3923 illa
982 3878 1206 3937 responsio·
1266 3878 1425 3931 servat,
1441 3878 1511 3937 qui
1524 3876 1702 3922 attendit
1720 3907 1735 3930 ,
1752 3890 1820 3935 qui
1838 3876 1974 3921 credit
1997 3906 2011 3931 ,
2032 3877 2101 3935 qui
2116 3889 2158 3919 tn
2179 3875 2253 3918 do·

2089 3947 2201 3977 mum
