2444 4192
889 154 1049 236 Sub
1108 157 1331 238 Sixto
1399 152 1500 238 V.

211 302 252 347 ιι
264 326 280 351 ,
291 299 327 341 fit
341 295 446 339 iuter
458 293 496 338 se
509 305 610 337 nexa
624 307 761 338 rerum
774 323 790 345 ,
814 300 853 338 δε
866 302 1071 342 causarum
1084 316 1155 344 co-

209 356 398 404 herentia
427 354 503 396 illo
527 355 672 398 ordine
697 356 738 395 δε
756 352 1037 408 dispositione,
1069 370 1154 402 tan·

208 426 325 482 quam
342 412 512 455 militum
525 413 566 456 in
584 412 796 469 pugnando
819 413 1089 462 instructione,
1102 416 1152 456 il-

206 471 257 517 tu
285 470 479 514 dilucidis
506 470 798 521 definitionibus
826 471 864 511 &
890 470 1149 512 distinctioni-

205 530 280 575 bus
294 555 311 579 ,
336 529 408 571 illa
439 539 760 587 argumentorum
774 525 963 571 firmitate
973 557 988 580 ,
1002 530 1040 569 &
1052 541 1145 570 acu·

203 587 357 631 tifflmis
383 588 717 645 disputationibus
739 588 872 630 lucem
897 590 922 632 ὲ
944 585 1145 634 tenebris,

207 645 350 690 verum
364 647 386 688 a
400 644 496 691 salso
518 647 700 704 distingui
713 675 729 698 ,
744 659 966 702 eorumque
990 644 1149 688 menda·

201 707 264 748 cia
286 706 424 748 multis
453 706 679 762 praestigiis,
703 706 744 748 ἃ.
758 703 924 748 fallaciis
939 704 1120 748 involuta
1134 727 1148 752 a

203 773 394 820 tanquam
411 765 516 808 veste
525 764 701 808 detracta
715 762 926 820 patefieri,
949 777 995 806 ac
1020 762 1150 805 denu-

200 823 289 866 dari
297 836 313 874 3
330 824 483 876 quanto
493 823 616 879 igitur
628 823 751 878 magis
776 822 838 866 illi
851 824 951 865 hanc
968 818 1150 865 minutis-

197 883 335 923 simam
349 879 596 924 Scholasticae
613 882 842 938 Theologiae
867 894 1002 924 arcem
1017 894 1147 936 oppu-

200 951 324 995 gnare
345 939 385 981 δι
411 950 600 985 evertere
635 950 857 989 conantur,
882 939 998 983 tanto
1021 938 1145 993 magis

200 1000 292 1040 Nos
308 997 428 1041 decet
455 998 734 1043 hocinvistum
756 998 850 1042 fidei
867 1010 1150 1055 propugnacu-

196 1053 281 1098 lum
297 1055 517 1100 defendere
528 1083 544 1105 ,
554 1059 595 1101 δι
606 1057 880 1102 haereditatem
897 1060 1061 1101 Patrum
1075 1070 1149 1099 no-

195 1112 365 1156 strorum
386 1114 626 1159 conservare
650 1118 690 1159 dc
715 1118 822 1161 tueri
837 1144 852 1167 ,
868 1118 907 1160 δι
923 1114 1142 1160 acerrimos

195 1173 378 1215 veritatis
389 1170 613 1216 defensores
624 1174 782 1217 meritis
795 1176 1009 1219 honoribus
1021 1186 1146 1230 quan-

197 1228 282 1271 tum
295 1228 495 1286 poffumus
508 1230 704 1275 decorare
718 1258 732 1271 .

302 1287 591 1346 Qamobrem,
604 1296 651 1331 ut
664 1288 872 1344 Seraphici
899 1289 1085 1332 Dodoris
1101 1301 1146 1330 e-

192 1344 348 1390 ruditio
369 1346 421 1388 ad
436 1345 661 1390 multorum
684 1346 903 1390 utilitatem
923 1347 1044 1391 latius
1060 1340 1139 1389 dif-

197 1403 389 1450 fundatur
401 1429 416 1453 ,
428 1406 530 1448 &ex
542 1403 628 1461 ejus
643 1405 759 1450 libris
776 1406 814 1447 δι
840 1406 1025 1462 operibus
1046 1418 1141 1449 eru·

196 1462 273 1506 diti
297 1464 337 1505 Gt
353 1461 509 1506 studiofi
526 1463 616 1506 Viri
630 1463 898 1521 copiosiores,
930 1461 1144 1507 suaviores-

195 1522 330 1578 quein
341 1520 428 1564 dies
439 1518 591 1565 fruetus
602 1524 762 1579 capiant
776 1551 790 1574 ,
803 1522 825 1579 (
839 1523 948 1580 quod
963 1522 1012 1565 ad
1029 1523 1142 1578 ipsius

196 1580 328 1623 Sancti
339 1608 355 1631 ,
371 1594 610 1638 quamquam
625 1582 664 1624 in
680 1581 791 1624 coelo
801 1581 1010 1625 beatiffimi
1023 1611 1038 1632 ,
1053 1580 1144 1637 glo-

194 1637 300 1681 riam
316 1638 489 1696 aliquam
509 1637 643 1683 facere
668 1653 748 1681 non
769 1640 825 1682 est
843 1640 1108 1684 dubitandum
1126 1639 1146 1695 )

191 1697 367 1753 primum
380 1697 543 1754 quidem
557 1698 597 1739 in
614 1697 728 1741 Alma
743 1699 856 1742 Urbe
878 1698 1004 1741 nostra
1018 1699 1057 1740 in
1074 1698 1146 1738 hac

192 1755 351 1799 Basilica
365 1759 434 1800 SS.
448 1755 666 1800 duodecim
695 1756 994 1812 Apostolorum,
1012 1760 1053 1801 S.
1072 1757 1147 1797 Bo-

198 1824 427 1857 naventurae
449 1815 611 1858 nomine
631 1814 868 1870 Collegium
881 1815 1147 1865 instituimus,

199 1869 240 1912 in
255 1884 338 1927 quo
351 1885 399 1914 ex
411 1871 524 1927 hujus
540 1873 736 1927 precipue
748 1874 882 1916 eximii
898 1903 914 1925 ,
924 1873 1146 1928 devotique

190 1930 399 1972 -Doetoris
426 1929 616 1985 operibus
639 1931 680 1973 δι
703 1934 1003 1975 commentariis
1028 1935 1148 1975 Sacra

202 1987 428 2043 'theologia
441 1986 599 2043 publice
612 1986 854 2043 explicetur:
868 1989 1018 2032 deinde
1029 1988 1150 2033 etiam

200 2059 322 2102 opera
341 2046 449 2090 illius
474 2045 609 2088 omnia
626 2073 642 2098 ,
660 2059 743 2102 quae
763 2048 931 2091 inveniri
956 2055 1149 2102 poterunt

199 2105 347 2160 partim
362 2104 542 2150 nondum
557 2103 666 2145 edita
684 2131 698 2154 ,
713 2104 922 2160 nostraque
936 2105 1147 2147 auetorita-

200 2171 244 2204 te
270 2162 310 2203 dt
333 2161 521 2217 impensis
537 2161 715 2215 undique
736 2162 984 2216 conquilita,
999 2163 1145 2214 partim

195 2217 278 2276 jam
289 2217 474 2273 evulgata
504 2216 613 2258 fimul
639 2217 775 2258 omnia
801 2219 961 2261 decenti
990 2219 1116 2259 forma
1129 2244 1144 2265 ,

194 2276 377 2332 &quam-
395 2273 707 2319 emendatiffime
739 2275 941 2332 imprimi,
969 2276 1046 2320 &e
1064 2278 1145 2330 Ty·

198 2334 419 2393 p‘ogrephia
444 2333 575 2378 nostra
593 2334 786 2378 Vaticana
815 2336 855 2377 in
869 2334 1000 2378 lucem
1012 2335 1144 2405 ssmfssssl

194 2406 335 2497 :23:3¹
336 2392 608 2504 ¹3:11&ssss
613 2403 698 2509 ‘531
718 2392 1150 2508 zit'ss‘ssdE-'g‘az'ffls‘gi

195 2522 313 2556 rante
342 2511 570 2554 constanter
586 2510 862 2566 proposuimus
886 2515 1013 2556 saneti
1031 2510 1146 2560 huius

196 2570 387 2614 Dodoris
414 2583 559 2612 nomen
572 2595 588 2620 ,
617 2571 657 2611 δι
669 2570 828 2613 merita.
843 2570 1021 2627 gloriosa
1039 2570 1144 2626 apud

193 2641 333 2673 omnes
364 2641 440 2684 pro
455 2628 603 2672 viribus
623 2627 856 2678 celebrare,
885 2628 1145 2686 fideliumque

194 2700 288 2743 erga
297 2699 391 2729 eum
407 2687 708 2734 venerationem
724 2702 871 2744 augere
884 2715 900 2739 ,
921 2691 962 2732 Gt
975 2688 1144 2746 amplifi-

196 2759 318 2791 care,
341 2743 435 2786 iane
463 2743 513 2786 ad
544 2743 756 2799 idquoque
786 2760 867 2789 uon
884 2747 1145 2792 mediocriter

197 2802 363 2848 excitati
377 2801 506 2844 sumus
518 2801 704 2856 exemplo
718 2802 853 2847 sanet:
867 2819 986 2848 mem.
997 2806 1055 2848 Pii
1071 2809 1147 2849 Pa.

196 2875 254 2921 pae
269 2857 618 2904 V.Praedeceisoris
633 2859 754 2903 noun·
765 2861 818 2904 de
830 2863 1053 2907 Christiana
1070 2867 1149 2908 Re-

194 2918 358 2978 publica
372 2917 526 2974 optime
547 2916 711 2965 meriti,
740 2919 910 2976 &quem
940 2932 983 2966 ut
1002 2925 1150 2967 Paren-

197 2989 280 3022 tem
299 2978 429 3021 adhuc
444 2989 681 3019 reveremur
693 2977 733 3018 Bt
746 2978 915 3024 colimus
927 2995 942 3025 t
957 2984 994 3024 ls
1007 2983 1148 3026 enim

194 3036 379 3094 religiosa
393 3037 558 3092 pietate,
570 3037 611 3077 δε
623 3033 804 3089 singulari
819 3037 1040 3083 devotione
1054 3055 1149 3096 per-

198 3108 335 3140 motus
349 3123 366 3147 ,
390 3109 466 3151 qua
490 3092 740 3137 afficiebatur
769 3109 862 3151 erga
894 3100 934 3140 S.
950 3098 1148 3142 Thomam

147 3163 150 3167 ’
199 3154 254 3197 de
263 3154 427 3212 Aquino
447 3153 610 3196 Ordinis
636 3153 690 3195 sui
712 3151 835 3197 decus
850 3182 865 3204 ,
893 3157 935 3198 dt
963 3156 1148 3201 Ecclefiae

199 3213 419 3257 catholiea
446 3222 727 3256 ornamentum
758 3240 773 3264 ,
800 3215 975 3270 cupiens*
1000 3216 1147 3260 eodem

203 3271 323 3315 medo
334 3270 506 3316 eundem
520 3273 705 3314 sanetum
721 3270 777 3313 ob
788 3271 874 3328 ejus
891 3273 1148 3330 praestantiffi·

203 3336 285 3371 ma?-
296 3329 613 3374 in-Catholicam
642 3327 859 3375 Ecclefiam
886 3334 1031 3376 merita
1048 3348 1148 3377 con-

206 3385 315 3440 gruis
332 3388 552 3432 honoribus
566 3402 760 3432 exornare
777 3417 791 3440 ,
822 3402 963 3445 praeter
975 3392 1053 3434 alia
1071 3394 1147 3435 hoc

204 3441 313 3500 juffit
340 3455 457 3504 atque
481 3447 690 3498 decrevit,
717 3457 762 3491 ut
796 3450 905 3494 illius
935 3449 1050 3493 festus
1062 3450 1151 3494 dies

206 3505 416 3558 quotannis
429 3508 592 3563 Duplici
604 3507 758 3551 Officiis
774 3509 855 3552 ritu
870 3509 919 3552 ad
934 3510 1152 3552 instarSan-

207 3564 365 3603 ciorum
392 3574 565 3618 quatuor
582 3566 762 3611 Ecclefiae
776 3569 992 3611 Doctorum
1011 3581 1153 3626 perpe-

206 3619 281 3663 tuo
295 3619 592 3678 celebraretur3
618 3630 727 3682 quod
755 3630 795 3670 δι
812 3631 850 3671 S.
872 3631 1153 3672 Bonaventurae

207 3678 375 3720 DoCtori
394 3680 538 3724 eximio
548 3685 671 3727 tribui
682 3684 834 3731 debere
848 3701 1000 3743 aequum
1016 3685 1150 3741 profe·

204 3739 272 3784 ἂὸ
283 3733 546 3782 existimamus
556 3770 574 3793 ,
590 3756 683 3786 cum
695 3753 778 3787 tam
805 3747 928 3789 multa
948 3747 1053 3791 inter
1076 3758 1148 3789 cos

1939 185 2096 266 293

1216 303 1377 346 virtutis
1388 327 1404 349 ,
1419 297 1633 340 &actitatis
1648 322 1662 345 ,
1687 296 1875 338 doctrina:
1886 326 1900 349 ,
1928 307 2162 355 meritorum

1212 357 1506 408 conjunfflo,&
1519 354 1734 394 fimilitudo
1750 354 1991 400 intercedat:
2002 364 2040 402 hi
2056 370 2161 408 enim

1209 412 1298 454 sunt
1310 412 1397 451 duae
1410 412 1526 452 oliva:
1538 434 1552 455 ,
1565 411 1606 449 δι
1621 408 1705 449 duo
1722 412 1958 455 candelabra
1986 418 2023 458 in
2037 421 2160 462 domo

1210 471 1287 511 Dei
1303 468 1477 510 lucentia
1491 494 1506 516 ,
1518 467 1640 522 qui&
1661 468 1871 509 charitatis
1894 471 2155 526 pinguedine,

1206 530 1245 569 Bt
1257 525 1428 568 scientiae
1443 525 1533 567 luce
1547 526 1899 569 totamEccleliam
1908 530 2161 577 collustrant:

1206 585 1247 626 hi
1265 583 1443 638 [iugulari
1460 584 1534 626 Dei
1552 584 1811 637 providentia
1837 585 1981 628 eodem
2010 599 2166 645 tempo·

1210 657 1255 686 re
1276 653 1463 698 tanquam
1496 643 1584 684 duae
1610 642 1728 685 stellae
1753 646 1980 688 exorientes
2004 661 2053 690 ex
2069 649 2167 690 dua-

1209 704 1283 745 bus
1299 700 1519 744 clariffimis
1534 701 1802 754 Regularium
1826 705 2026 747 Ordinum
2053 707 2166 749 sami-

1213 761 1278 803 liis
1299 759 1552 815 prodierunt,
1564 774 1645 814 quae
1660 765 1808 804 sanetae
1828 762 2011 806 Ecclesiae
2021 765 2071 807 ad
2085 770 2165 809 Ca-

1211 819 1403 862 tholicam
1422 819 1673 873 Religionem
1701 824 2027 877 propugnandam
2043 827 2164 868 maxi-

1205 878 1270 922 me
1293 877 1411 919 utiles
1425 905 1439 928 ,
1453 879 1489 918 δι
1504 881 1551 921 ad
1576 891 1714 919 omnes
1729 879 1884 924 labores
1899 909 1912 932 ,
1926 882 1966 923 δι
1982 884 2162 937 pericula

1205 950 1280 995 pro
1293 936 1524 979 orthodoxa
1541 934 1621 977 fide
1634 935 1831 979 subeunda
1851 951 1999 993 paratae
2011 940 2163 999 semper

1207 995 1378 1041 existunt
1394 1023 1408 1046 ,
1434 1007 1483 1036 ex
1499 994 1640 1051 quibus
1659 1005 1844 1052 tanquam
1866 1013 1913 1041 ex
1938 998 2091 1050 fertili,
2119 1004 2161 1043 δι

1210 1054 1311 1098 bene
1340 1054 1453 1096 culto
1479 1054 1564 1095 solo
1597 1054 1780 1110 quotidie
1798 1070 1871 1111 per
1900 1060 1975 1101 Dei
1990 1060 2159 1115 gratiam

1204 1111 1401 1156 foecundae
1415 1140 1430 1164 ,
1443 1114 1483 1155 δι
1499 1111 1703 1156 fructuose
1723 1114 1865 1168 plantae
1879 1128 2160 1172 procreantur,

1203 1174 1281 1214 hoc
1295 1171 1350 1213 est
1367 1171 1438 1212 viri
1453 1171 1637 1214 doctrina
1650 1198 1666 1221 ,
1695 1174 1735 1214 dt
1750 1173 1955 1218 sanfficate
1982 1178 2160 1232 praestan-

1204 1240 1267 1273 tes
1281 1233 1377 1284 ,qui
1398 1232 1507 1273 Petri
1529 1231 1720 1274 naviculae
1752 1243 1811 1274 tot
1826 1234 2008 1277 fluctibns
2030 1247 2160 1290 agita·

1203 1297 1251 1330 ω
1264 1316 1277 1338 ,
1290 1291 1328 1330 &
1348 1290 1535 1330 Romano
1550 1287 1767 1340 Pontifici,
1793 1291 1878 1347 ejus
1909 1293 2068 1334 clavum
2083 1307 2164 1335 uon

1199 1348 1278 1388 fine
1293 1358 1438 1400 magna
1456 1345 1710 1389 solicitudine
1728 1350 1878 1390 tenenti
1897 1376 1911 1399 ,
1926 1348 2072 1392 fortem
2085 1378 2100 1401 ,
2124 1352 2164 1392 δι

1201 1403 1362 1447 fidelem
1377 1417 1543 1459 operam
1560 1414 1706 1446 navant
1726 1432 1738 1445 .
1757 1406 1811 1447 Hi
1826 1406 1908 1449 duo
1923 1409 2056 1450 Sancti
2073 1423 2164 1450 cum

1202 1461 1323 1507 effent
1336 1463 1461 1505 coaevi
1474 1488 1489 1508 ,
1506 1459 1726 1517 iisdemque
1742 1463 1880 1507 studiis
1894 1466 2043 1518 dediti,
2063 1481 2163 1509 eon-

1203 1520 1417 1575 discipuli,
1443 1520 1555 1564 fimul
1590 1521 1769 1577 Magistri
1796 1552 1812 1574 ,
1838 1526 1925 1578 pari
1949 1527 2108 1567 ratione
2138 1527 2162 1570 ὲ

1208 1578 1409 1633 Gregorio
1426 1580 1480 1622 Χ.
1495 1582 1660 1623 Summo
1683 1579 1880 1625 Pontifice
1901 1582 1922 1638 (
1935 1596 2027 1625 cum
2040 1585 2161 1626 ambo

1206 1638 1253 1680 ad
1265 1637 1498 1680 Concilium
1513 1641 1813 1697 evocarentur)
1838 1643 2025 1685 honorati
2040 1670 2055 1692 ,
2071 1644 2108 1684 &
2124 1644 2163 1685 in

1210 1696 1327 1753 hujus
1349 1697 1437 1739 vitae
1451 1697 1767 1752 peregrinatione
1795 1697 1970 1742 fraterna
1986 1702 2164 1743 charita-

1210 1765 1251 1798 te
1262 1782 1276 1803 ,
1290 1755 1486 1808 spirituali
1505 1753 1800 1804 familiaritate,
1813 1756 2035 1800 auctorum
2051 1759 2165 1801 labo·

1208 1827 1295 1856 rum
1322 1812 1515 1855 societate
1537 1813 1653 1854 valde
1678 1815 1880 1868 conjuncti
1895 1813 2058 1858 fuerunt
2074 1846 2089 1867 ,
2120 1821 2161 1859 dc

1206 1872 1379 1926 denique
1404 1872 1487 1924 pari
1517 1870 1645 1925 gressu
1684 1873 1734 1914 ad
1760 1873 1964 1915 coelestem
1998 1876 2165 1930 patriam

1208 1931 1516 1983 commigrantes
1530 1957 1544 1979 ,
1563 1930 1712 1983 pariter
1735 1929 1871 1974 felices
1890 1933 1926 1975 8(
1942 1932 2102 1989 glorioli
2117 1935 2166 1976 il·

1211 1986 1247 2027 la
1262 1986 1502 2039 sempiterna
1517 1987 1763 2029 beatitudine
1776 1987 2037 2041 perfruuntur
2049 2019 2063 2041 ,
2095 1994 2164 2035 ubi

1208 2042 1352 2086 eodem
1366 2044 1571 2084 charitatis
1583 2042 1720 2085 affectu
1734 2070 1749 2092 ,
1765 2043 1784 2098 (
1800 2056 1841 2086 ut
1857 2048 1920 2097 pie
1932 2049 2165 2103 credimus)

1207 2115 1281 2156 pro
1312 2101 1425 2142 nobis
1453 2101 1490 2141 in
1525 2103 1597 2144 hac
1623 2101 1892 2156 lacrymarum
1920 2106 2027 2147 valle
2041 2106 2078 2149 la
2087 2114 2163 2150 bo·

1207 2158 1385 2201 rantibus
1410 2169 1527 2200 orant
1556 2188 1572 2210 ,
1596 2160 1855 2215 divinamque
1881 2177 2001 2217 opem
2025 2166 2166 2221 implo-

1205 2227 1326 2264 rent,
1359 2225 1402 2257 ut
1434 2218 1579 2257 merito
1608 2217 1712 2259 idem
1737 2221 1958 2263 SixtuslV.
1975 2224 2046 2264 hos
2060 2225 2163 2267 duos

1205 2276 1369 2316 Sanaos
1382 2274 1655 2328 periimsses,&
1670 2276 1776 2331 quali
1791 2280 1970 2334 geminos
1986 2280 2023 2322 in
2035 2284 2158 2325 Chri·

1207 2333 1267 2375 sto
1286 2331 1432 2376 fratres
1446 2333 1660 2388 agnostens
1674 2361 1689 2384 ,
1710 2334 1889 2379 statuerit
1904 2342 1946 2381 S.
1958 2339 2168 2383 Bonaven-

1208 2403 1340 2434 turam
1378 2391 1572 2434 consimili
1612 2396 1874 2438 venerationis
1916 2398 1956 2439 δι
2000 2401 2167 2442 honoris

1208 2453 1600 2508 prerogativa,aequc
1617 2454 1804 2496 sanetum
1827 2455 2026 2498 'rhomam
2039 2460 2164 2501 deco-

1207 2509 1374 2552 randum
1389 2507 1463 2552 effe
1474 2538 1486 2550 .

1318 2567 1442 2627 Qod
1458 2568 1581 2623 igitur
1592 2570 1615 2613 a
1633 2569 1756 2613 Nobis
1771 2600 1785 2621 ,
1801 2572 1842 2613 δι
1855 2573 2064 2628 seraphici
2081 2575 2165 2616 Or-

1205 2627 1310 2669 dinis
1325 2628 1501 2668 charitas
1516 2653 1531 2675 ,
1553 2628 1593 2669 &
1608 2630 1738 2671 Sancti
1767 2632 2056 2674 Bonaventurae
2069 2646 2156 2675 rne-

1205 2687 1379 2729 ritorum
1396 2686 1632 2740 magnitudo
1643 2713 1658 2735 ,
1672 2689 1711 2729 8ι
1725 2689 1952 2733 Catholien
1965 2691 2163 2740 Ecclcfiae,

1206 2744 1316 2801 cujus
1332 2745 1606 2801 gubernacula
1621 2746 1750 2789 Nobis
1765 2776 1779 2798 ,
1791 2747 1889 2790 licet
1913 2750 2165 2792 immerenti·

1206 2804 1279 2846 bus
1293 2805 1318 2847 ὁ
1336 2807 1426 2846 Deo
1442 2802 1643 2846 commiffa
1661 2804 1748 2847 sunt
1761 2834 1777 2856 ,
1796 2807 1975 2857 utilitas,
1987 2812 2027 2851 δι
2040 2808 2161 2852 aedifi-

1210 2862 1323 2905 catio
1350 2864 1544 2918 requirit,
1569 2863 1702 2903 habita
1732 2861 1847 2916 super
1881 2866 1943 2907 his
1970 2868 2158 2910 omnibus

1210 2933 1304 2962 cum
1320 2918 1626 2963 Venerabilibus
1642 2918 1844 2961 Fratribus
1856 2923 2003 2965 nostris
2015 2927 2164 2967 Sanetae

1208 2978 1393 3021 Romana
1410 2977 1593 3020 Ecclefiae
1611 2978 1900 3020 Cardinalibus
1914 3008 1928 3030 ,
1955 2980 2166 3023 delibera·

1208 3037 1320 3079 tione
1348 3046 1503 3078 matura
1530 3063 1546 3086 ,
1569 3034 1621 3076 de
1642 3036 1874 3079 eorumdem
1896 3037 2089 3086 consilio,
2123 3042 2162 3082 δι

1208 3094 1379 3138 unanimi
1393 3091 1538 3136 affensu
1553 3121 1568 3144 ,
1579 3095 1620 3136 δι
1643 3108 1693 3136 ex
1707 3105 1818 3138 certa
1833 3096 1961 3137 nostra
1979 3096 2158 3150 scientia,

1207 3168 1251 3197 ac
1272 3153 1323 3195 de
1333 3153 1533 3195 attributa
1560 3153 1674 3195 nobis
1707 3153 1944 3209 Apostolicae
1960 3155 2159 3209 potestatis

1204 3212 1485 3269 plenitudine,
1509 3211 1583 3254 hac
1606 3211 1737 3254 nostra
1765 3216 1961 3267 perpetuo
1989 3212 2158 3258 valitura

1207 3270 1492 3313 constitutione
1505 3296 1520 3319 ,
1535 3269 1756 3313 doctrinam
1769 3272 1882 3326 ipsius
1895 3274 1935 3312 S.
1948 3273 2160 3315 Bonaven·

1207 3340 1303 3372 turae
1328 3328 1350 3370 d
1378 3329 1609 3385 supradiffls
1635 3330 1988 3373 Praedecefforibus
2023 3333 2161 3374 nostris

1210 3388 1422 3432 Clemente
1437 3391 1509 3431 tv.
1525 3388 1729 3443 Gregorio
1742 3390 1793 3430 Χ.
1808 3390 1848 3429 &
1867 3390 1984 3430 sixto
1997 3388 2160 3433 IV.lau-

1210 3447 1406 3497 datam,in
1420 3446 1612 3490 Concilio
1626 3448 1875 3501 Lugdunenfi
1888 3447 2058 3490 maxime
2074 3448 2159 3504 spe-

1210 3509 1352 3548 c'tatam
1368 3534 1382 3555 ,
1408 3507 1448 3547 in
1465 3506 1701 3548 Florentino
1722 3508 1840 3546 etiam
1866 3504 1915 3547 ad
1937 3507 2156 3550 reidiffici·

1213 3563 1272 3606 les
1294 3564 1547 3616 explicandas
1574 3563 1819 3613 adhibitam,
1845 3564 2155 3620 graviffimorum

1213 3624 1394 3665 virorum
1418 3622 1653 3665 auuoritate
1689 3620 1936 3666 testificatam
1977 3626 2015 3665 &
2045 3637 2151 3666 eom·

1210 3681 1434 3727 mendatam
1449 3711 1462 3733 ,
1476 3683 1517 3723 δε
1528 3681 1675 3723 eximio
1700 3682 1880 3724 Eccieiiae
1894 3684 2067 3724 Doctore
2093 3680 2152 3720 di·

1208 3754 1354 3798 gnam,
1373 3743 1458 3784 Nos
1483 3752 1642 3796 quoque
1670 3739 1886 3796 plurimum
1915 3743 1954 3781 in
1980 3738 2155 3834 Dafmino

2045 3806 2105 3834 au-
