2444 4192
886 160 1445 278 Appendix.

175 314 242 372 pla
258 313 378 356 etiam
397 309 578 365 impressa
603 311 804 360 edantur,
833 323 956 364 eaque
982 313 1140 354 Notarii

179 372 332 430 publici
361 383 476 411 manu
496 398 510 420 ,
537 371 577 412 δι
601 368 888 425 cujuscumque
913 374 1047 411 Curiae
1060 372 1141 411 Ec-

178 430 394 474 clesiasticae
427 457 445 480 ‚
470 428 532 471 vel
562 427 723 470 Praelati
749 426 879 480 sigillo
904 428 1142 483 obsignata,

175 491 362 532 eamdem
376 489 485 531 illam
512 483 672 543 prorsus
699 483 821 525 fidem
858 484 1005 536 ubique
1030 483 1143 525 loco-

174 563 266 592 rum
282 548 430 592 faciant
443 571 457 594 2
471 558 590 601 quam
605 541 693 595 ipsae
707 539 918 596 praes‘entes
933 541 1117 586 facerent
1130 567 1144 590 ,

178 607 204 650 fi
220 607 343 651 essent
359 607 544 649 exhibitae
563 601 626 645 vel
641 598 798 643 ostensae
811 628 824 641 .

293 664 495 710 Caeterum
505 674 645 704 omnes
658 658 778 702 Orbis
793 660 1014 702 Terrarum
1027 654 1144 700 Prin-

182 726 317 782 cipes,
346 725 487 781 quibus
514 719 638 776 gladii
664 715 862 765 saecularis
889 716 1063 774 potestas
1090 715 1140 756 ad

177 786 376 828 malorum
397 780 612 825 vindictam
626 777 682 819 est
694 774 896 819 commissa
912 804 926 827 ,
941 789 1014 830 pet·
1029 787 1143 823 eam,

175 857 294 898 quam
336 841 374 885 se
408 838 511 884 tue'ri
540 832 808 894 promiserunt
826 862 841 886 ,
867 833 987 878 fidem
1027 834 1144 874 obte-

176 902 325 944 stamur
335 930 352 953 ‚
365 902 422 942 ita
438 896 523 941 suas
535 893 697 953 quisque
711 903 841 950 partes
857 921 873 945 ,
897 891 1031 936 sivein
1047 905 1144 947 prae·

176 960 318 1003 stando
338 957 526 1003 Ministris
543 951 936 1010 praedietnauxilio,
967 950 1043 994 five
1071 950 1144 994 iri-2

178 1020 394 1062 criminum
409 1013 492 1074 post
510 1012 694 1062 Ecclesiae
712 1011 948 1056 sententiam
966 1008 1148 1053 animad-

178 1077 362 1120 versione
378 1103 393 1127 ‚
413 1077 671 1129 interponere
701 1081 717 1126 3
739 1082 783 1113 ut
811 1084 955 1113 eorum
983 1078 1146 1126 quoque

175 1136 366 1193 praesidiis
384 1132 556 1177 Ministri
570 1129 636 1188 ipsi
650 1130 896 1173 tantiOfficii
914 1140 1056 1171 munus
1072 1138 1147 1180 pro

177 1196 253 1237 Dei
268 1194 404 1238 aetcrni
424 1189 554 1246 gloria
569 1218 584 1240 ,
604 1191 643 1231 δι
659 1188 877 1245 Religionis
893 1187 1146 1230 incremento

175 1252 354 1295 feliciter
370 1256 625 1304 exequantur
637 1275 653 1300 ,
666 1247 945 1303 amplissimum
964 1246 987 1288 a
1005 1242 1145 1288 Domi-

177 1324 232 1354 no
249 1308 452 1364 praemium
468 1306 668 1359 recepturi
682 1332 697 1355 ,
716 1303 826 1358 quod
843 1302 935 1344 fidei
951 1302 1145 1357 praedictae

177 1366 436 1412 assertoribus
461 1362 502 1404 io
527 1371 683 1406 aeternae
700 1359 967 1405 Beatitudinis
981 1356 1149 1404 consor-

180 1428 243 1471 tio
252 1421 489 1483 praeparavit
504 1447 518 1461 .

301 1481 418 1529 Nulli
443 1493 547 1536 ergo
569 1479 734 1522 omnino
773 1476 983 1520 hominum
1028 1474 1153 1518 liceat

183 1549 288 1591 hane
302 1543 490 1600 paginam
505 1537 641 1581 nossrae
656 1533 863 1580 sanctionis
881 1563 895 1587 ,
909 1533 1126 1590 legationis
1138 1559 1154 1581 ‚

183 1605 319 1649 statuti
333 1631 348 1655 ‚
361 1597 543 1646 decreti,
556 1596 724 1654 jussionis
739 1622 754 1645 ‚
781 1594 1063 1638 obtestationis
1078 1621 1094 1645 ‚
1116 1588 1157 1634 δι

182 1660 410 1707 voluntatis
423 1654 679 1711 infringere,
695 1655 758 1698 vel
779 1655 814 1698 ei
829 1653 917 1696 ausu
936 1650 1156 1697 temerario

187 1721 393 1765 contraire
406 1746 418 1759 .
454 1715 491 1758 Si
507 1715 596 1770 quis
607 1725 743 1757 autem
759 1715 835 1755 hoc
853 1721 1049 1755 attentare
1063 1724 1156 1767 prae—

184 1778 395 1836 sumpserit
429 1803 444 1828 ,
488 1773 807 1829 indignationem
855 1770 1159 1826 omnipotentis

185 1841 261 1882 Dei
281 1868 295 1892 ,
323 1851 367 1879 ac
383 1835 601 1877 Beatorum
619 1832 730 1876 Petri
756 1832 797 1873 δι
815 1830 929 1874 Pauli
944 1829 1158 1887 Apostolo-

189 1912 282 1943 rum
297 1896 382 1952 ejus
397 1893 434 1936 se
449 1891 608 1935 noverit
624 1888 902 1934 incursurum.

128 1997 130 2000 .
306 1959 459 1999 Datum
474 1951 607 1993 Romae
630 1948 739 2005 apud
756 1952 797 1992 S.
812 1951 981 1992 Petrum
994 1977 1007 2000 ,
1038 1948 1157 1990 Anno

187 2010 488 2061 lucarnationis
504 2008 724 2063 Dominicae
738 2007 952 2051 millesimo
962 2008 1157 2064 quingen-

189 2074 332 2119 tesimo
372 2068 612 2127 sexagesimo
650 2080 760 2110 nono
798 2067 972 2111 Kalend.
1005 2065 1158 2123 Aprilis

193 2127 461 2190 {Pontificatfis
474 2127 597 2171 nostri
611 2139 720 2172 anno
735 2136 881 2182 quarto
893 2156 905 2169 .

262 2307 548 2364 constitutio
565 2248 746 2356 Piixllis.
783 2304 841 2355 de
871 2302 1163 2355 facultatibus

193 2378 525 2451 Inquifitorum
546 2390 703 2426 contra
720 2374 1012 2426 sollicitantes
1024 2411 1040 2434 ,
1059 2377 1166 2426 inci-

195 2457 324 2525 piens
345 2451 447 2502 Cum
467 2485 484 2509 ,
490 2448 604 2518 ficut
620 2463 746 2560 ngpir
762 2444 926 2496 inserta
942 2482 959 2506 ,

267 2577 630 2633 confirmationi
661 2574 709 2626 ὅ(
745 2577 1030 2643 ampliationi
1049 2580 1168 2627 Gre-

198 2653 320 2724 gorii
351 2653 473 2701 XV.
517 2647 656 2714 incip.
698 2643 916 2714 Univetfi
951 2644 1169 2697 Dominici

201 2723 356 2788 Gregis
376 2717 468 2786 fil.
491 2718 611 2780 386.

610 2833 650 2875 V
681 2834 700 2875 Ι
731 2833 767 2873 1.

196 2895 469 2972 Jurisdiffio
498 2888 827 2960 Inquifitorum
861 2894 905 2942 in
935 2909 1012 2942 eos
1044 2927 1061 2950 ,
1097 2893 1176 2960 qui

271 2968 331 3020 ad
349 2964 577 3018 Ordinem
592 2962 939 3029 Presbyteratfis
964 2980 1053 3012 non
1070 2980 1175 3032 pro-

275 3038 396 3090 moti
414 3033 571 3087 Miffas
586 3033 816 3084 celebrant
833 3069 849 3093 ,
882 3033 930 3085 ἃ
950 3036 1176 3085 Poeniten-

275 3112 347 3161 tiae
365 3112 713 3165 Sacramentum
730 3103 1044 3155 administrant
1055 3136 1069 3154 .-

244 3217 758 3275 GREGORIUS
805 3218 908 3267 PP.
944 3219 1142 3268 XIIL‘

372 3330 441 3374 Ad
457 3336 692 3387 perpetuam
716 3325 778 3370 ν’·εὶ
806 3328 1007 3371 memoiam
1021 3356 1034 3370 .

359 3423 471 3470 Fficii
519 3423 638 3467 nostri
669 3431 803 3479 partes
830 3419 975 3464 sedulo
1000 3421 1182 3477 praeflare

375 3492 588 3532 tenemur,
617 3491 662 3526 ut
677 3482 802 3524 dubia
819 3510 833 3533 ‚
858 3494 942 3536 quae
956 3482 1076 3524 variis
1095 3483 1183 3522 Do-

216 3546 376 3584 ctorum
404 3543 658 3597 opinionibus
689 3540 781 3584 hinc
805 3541 899 3584 inde
924 3539 1082 3583 diversa
1104 3538 1185 3583 sen·-

219 3600 416 3644 tientibus
436 3601 668 3656 agitantur,
697 3604 734 3643 &
759 3599 810 3642 ad
837 3599 1183 3654 jurisdictionem„

216 3658 450 3704 Sanctissimi
496 3658 630 3707 officii
671 3659 941 3717 Inquisitionis
985 3658 1181 3702 haereticae-

214 3717 423 3775 pravitatis
451 3718 651 3774 pertinent
673 3749 689 3773 ‚
721 3720 860 3763 nostrae
889 3717 1177 3761 declarationis

218 3775 389 3821 oraculo
411 3777 432 3832 (
449 3786 572 3834 prout
593 3779 696 3822 ratio
709 3778 788 3834 ipsa
801 3778 964 3838 suadere
981 3777 1175 3834 videtur)

1947 194 2105 276 343

1204 315 1514 362 dilucidentur,
1540 322 1585 356 ut
1612 313 1725 355 nulla
1751 314 1938 368 cuiquam
1958 322 2172 364 dubitandi

1202 373 1359 413 occasio
1374 372 1411 412 iu
1429 371 1628 425 posterum
1645 371 1898 425 relinquatur
1913 402 1926 414 .

1318 428 1385 468 Ad
1401 441 1517 470 aures
1535 430 1687 469 nostras
1702 429 1896 482 siquidem
1928 445 2058 486 nuper
2080 450 2174 490 per.

1204 484 1339 532 venit,
1354 487 1504 527 multos
1518 484 1595 527 esse
1613 512 1628 534 ‚
1641 488 1706 539 qui
1721 486 1910 528 dubitent
1924 516 1938 538 ‚
1958 503 2007 529 an
2027 504 2170 535 contra

1204 557 1299 594 eos,
1314 546 1382 598 qui
1399 545 1437 584 in
1456 547 1583 587 Sacro
1597 542 1906 599 Presbyteratt'is
1921 547 2076 589 Ordine
2088 562 2172 591 non

1203 602 1441 652 constituti,
1465 599 1597 644 Missas
1625 604 1838 645 celebrare
1863 630 1878 653 ‚
1909 603 2176 648 confessiones

1205 658 1348 702 audire
1366 686 1381 710 ‚
1405 672 1451 702 ac
1467 660 1763 703 absolutionem
1779 663 1978 714 impartiri
1993 663 2072 706 aufi
2088 665 2176 708 fue-

1202 719 1284 760 rint
1298 746 1314 772 ,
1341 731 1410 773 per
1426 717 1615 761 officium
1632 718 1883 762 Sanctiffimae
1899 721 2173 777 inquisitionis

1205 777 1399 819 haereticae
1415 778 1627 831 pravitatis
1642 806 1657 829 ‚
1671 779 1710 821 in
1726 778 2003 833 Hispaniarum
2027 780 2178 835 Regnis

1205 835 1430 878 institutum
1444 862 1458 885 ,
1487 837 1526 878 8(
1546 836 1653 879 illius
1668 836 1929 893 Inquisitores
1945 840 2175 892 proceden-

1207 895 1305 938 dum
1330 922 1344 945 ‚
1373 894 1437 936 vel
1464 897 1586 937 etiam
1600 896 2011 940 animadvertendum
2035 897 2107 947 sit,
2134 910 2179 938 ac

1209 955 1249 996 hi
1263 982 1278 1005 ‚
1299 953 1368 1009 qui
1396 953 1492 995 talia
1518 955 1799 1008 patraverint,
1826 968 1898 1010 per
1915 956 2179 1010 lnquifitores

1208 1012 1418 1069 praediaos
1438 1013 1569 1067 puniri
1583 1013 1761 1057 debeant
1780 1016 1922 1064 inam,
1936 1012 2004 1057 etsi
2024 1014 2181 1057 multo-

1209 1086 1298 1114 rum
1317 1069 1514 1113 sententia
1534 1071 1757 1115 affirmetur
1773 1100 1786 1123 ,
1815 1072 2048 1128 praediclum
2078 1072 2183 1115 deli-

1207 1134 1313 1172 &um
1328 1132 1377 1171 ab
1396 1130 1703 1185 Inqiiifitoribus
1722 1129 1980 1186 plectendum
1995 1130 2074 1173 effe
2092 1160 2105 1182 ,
2119 1129 2183 1172 hi-

1208 1189 1272 1232 sce
1293 1190 1511 1244 pra-sertim
1528 1190 1781 1246 temporibus
1796 1219 1811 1243 ‚
1843 1190 1987 1247 quibus
2005 1188 2183 1233 haeretici

1208 1248 1365 1292 temere
1395 1247 1544 1291 audent
1575 1247 1763 1305 proferre
1776 1279 1792 1300 ,
1820 1252 1942 1293 etiam
1964 1250 2182 1293 Saeculares

1209 1321 1350 1349 eorum
1371 1307 1727 1351 Sacramentorum
1742 1309 1947 1352 Ministros
1957 1307 2032 1350 esse
2045 1305 2154 1364 posse
2166 1330 2182 1353 s

1211 1378 1287 1408 non
1301 1362 1442 1405 desunt
1456 1374 1592 1408 tamen
1608 1367 1648 1407 hi
1663 1392 1678 1413 ‚
1708 1368 1777 1420 qui
1802 1366 2022 1408 contrarie
2053 1364 2186 1406 adbae-

1213 1431 1306 1464 rent
1319 1422 1501 1476 opinioni
1524 1451 1542 1477 ,
1564 1422 1675 1467 unde
1690 1425 1929 1481 plerumque
1942 1438 2014 1479 per
2028 1436 2188 1466 eorum·

1213 1480 1306 1522 dem
1324 1482 1566 1533 Regnorum
1581 1483 1843 1536 Inquisitores
1874 1483 1915 1524 in
1945 1482 2102 1524 diversa
2126 1480 2188 1522 fe·

1218 1549 1363 1582 runtur
1389 1539 1429 1580 in
1448 1539 1673 1595 hujusmodi
1702 1540 1826 1583 causis
1855 1539 2038 1596 suffrag³a
2052 1566 2064 1578 .
2101 1543 2189 1582 Nos

1221 1601 1387 1653 itaque,
1408 1607 1454 1641 ut
1481 1599 1612 1642 omnis
1639 1598 1882 1648 difficultas,
1908 1597 2192 1654 dubitatioque

1220 1658 1396 1700 tollatur
1409 1684 1423 1707 ‚
1438 1657 1807 1702 animadvertentes
1823 1672 1894 1701 eos
1907 1684 1922 1707 2
1935 1658 2003 1714 qui
2020 1658 2192 1712 Presby-

1220 1714 1374 1760 teratfis
1391 1717 1550 1761 Ordine
1578 1730 1658 1759 non
1688 1716 1775 1760 sunt
1794 1717 1993 1773 insigniti,
2020 1718 2061 1758 δι
2087 1715 2123 1758 se
2150 1716 2191 1758 in

1220 1776 1539 1819 administrandis
1559 1776 1673 1819 dietis
1686 1776 1959 1819 Sacramentis
1976 1775 2161 1832 ingerunt
2175 1802 2190 1826 ,

1220 1836 1325 1878 facio
1338 1835 1596 1878 Catholicam
1613 1835 1831 1878 veritatem
1847 1835 2189 1890 impugnare,quae

1220 1892 1326 1936 solos
1348 1894 1614 1949 Presbyteros
1630 1893 1834 1937 Ministros
1863 1893 2101 1937 eorumdem
2117 1896 2189 1935 Sa-

1219 1960 1522 1996 cramentorum
1538 1952 1821 1996 constituendo
1835 1978 1850 2001 ,
1865 1952 1947 1996 illis
1962 1950 2190 2001 duntaxat,

1219 2012 1361 2069 quibus
1383 2011 1521 2055 eadem
1547 2025 1712 2054 munera
1734 2024 1963 2068 congruere
1992 2010 2191 2052 existima-

1220 2071 1499 2122 vit,committi
1515 2070 1823 2122 voluit,eorum,
1836 2069 1961 2126 quiin
1977 2068 2191 2122 Presbyte-

1221 2128 1333 2175 ratt'is
1358 2130 1515 2173 Ordine
1541 2144 1620 2173 non
1653 2129 1862 2173 constituti
1877 2155 1892 2178 ,
1919 2125 2051 2171 Missas
2081 2126 2194 2171 cele·

1220 2194 1340 2235 brant
1354 2221 1368 2242 ,
1398 2205 1444 2233 ae
1461 2187 1723 2233 confessiones
1734 2188 1908 2232 audiunt
1935 2187 1955 2244 (
1972 2197 2016 2230 ut
2033 2185 2194 2244 praefer-

1222 2260 1290 2294 tur
1308 2250 1615 2308 )cognitionem
1641 2250 1682 2292 δι
1696 2248 1947 2304 punitionem
1963 2274 1977 2297 ‚
2001 2248 2126 2290 etiam
2142 2243 2194 2287 ad

1227 2308 1501 2363 Inquisitionis
1513 2307 1705 2350 Officium
1721 2309 1786 2359 ,δι
1803 2306 2062 2363 inquisitores
2077 2315 2194 2348 ante-

1226 2370 1356 2413 dictos
1369 2368 1573 2424 pertinere
1585 2371 1610 2409 τ’
1625 2369 1662 2409 &
1689 2366 1800 2424 quod
1820 2363 2041 2421 hujusmodi
2056 2363 2195 2406 deliai

1227 2430 1387 2474 ratione
1401 2426 1593 2470 adversus
1610 2441 1680 2470 eos
1694 2426 1895 2482 inquirere
1907 2450 1921 2473 ‚
1936 2423 2166 2479 procedere
2182 2450 2198 2474 ‚

1228 2504 1275 2532 ac
1303 2486 1523 2542 culpabiles
1548 2495 1732 2543 repertos
1758 2485 1900 2540 punire
1913 2482 2130 2531 Officium,
2156 2481 2197 2522 δε

1227 2549 1494 2605 Inquisitores
1517 2544 1692 2602 praedicti
1717 2544 1905 2592 valeant,
1933 2542 2198 2598 Apostolica„

1227 2606 1477 2652 authoritate
1494 2603 1745 2660 praesentium
1763 2614 1905 2647 tenore
1921 2601 2121 2659 perpetuo
2132 2599 2202 2640 de-

1229 2666 1425 2708 claramus
1437 2690 1451 2712 a
1467 2666 1507 2705 δε
1521 2662 1739 2706 diffinimus
1756 2692 1771 2703 .
1807 2664 1860 2704 Et
1874 2662 1931 2702 ita
1945 2661 1994 2702 ab
2010 2658 2199 2700 omnibus

1229 2726 1270 2767 &
1289 2722 1447 2780 singulis
1463 2721 1693 2764 Ordinariis
1706 2723 1747 2763 &
1760 2719 1961 2774 delegatis
1969 2716 2199 2774 judicibus,

1233 2780 1388 2825 sublata
1401 2781 1460 2821 eis
1474 2808 1488 2829 ,
1501 2782 1541 2820 δι
1553 2793 1696 2822 eorum
1711 2780 1882 2822 cuilibet
1894 2779 2035 2832 quavis
2049 2776 2125 2818 alia
2139 2776 2202 2831 ju-

1235 2837 1399 2882 dicandi
1415 2838 1455 2877 &
1476 2835 1771 2891 interpretandi
1787 2834 1986 2875 facultate
1997 2859 2012 2882 ‚
2029 2833 2203 2886 judicari

1236 2902 1276 2942 δι
1288 2895 1452 2940 diffiniri
1465 2894 1617 2937 debere
1631 2893 1819 2935 :irritum
1833 2905 1992 2948 quoque
2017 2894 2053 2933 δι
2070 2892 2201 2944 inane,

1238 2958 1263 3001 fi
1279 2960 1388 3002 secus
1403 2952 1517 3009 super
1529 2954 1592 2996 his
1612 2952 1634 2995 a
1647 2966 1849 3008 quoquam
1862 2951 2002 3007 quavis
2017 2948 2201 2992 authori-

1238 3028 1326 3062 tate
1345 3015 1516 3057 scienter
1531 3041 1547 3064 ‚
1571 3012 1635 3054 vel
1663 3012 1898 3067 ignoranter
1910 3009 2125 3064 contigerit
2139 3020 2204 3052 at-

1235 3074 1388 3119 tentari
1401 3102 1416 3123 ,
1429 3071 1680 3115 decernimus
1697 3098 1708 3110 .
1723 3075 1818 3114 Non
1833 3067 2079 3114 obstantibus
2092 3072 2204 3112 Con·

1236 3132 1514 3195 stitptionibus
1529 3160 1544 3183 ‚
1569 3129 1912 3174 Ordinationibus
1933 3127 2173 3183 Apostolicis
2186 3154 2202 3178 ‚

1241 3208 1314 3238 nec
1340 3205 1419 3234 non
1430 3189 1583 3246 juribus
1598 3190 1903 3246 municipalibus
1916 3215 1931 3236 ‚
1948 3187 2101 3243 legibus
2119 3188 2203 3229 Re-

1241 3264 1415 3310 gnorum
1430 3249 1707 3305 praedietorum
1724 3277 1738 3300 ‚
1765 3246 2099 3304 pragmaticisque
2114 3244 2202 3287 san-

1242 3310 1471 3359 ctionibus,
1507 3323 1555 3354 ac
1578 3308 1750 3352 statutis
1774 3309 1817 3351 δι
1845 3302 2203 3350 consuetudinibus

1243 3369 1473 3415 Civitatum
1496 3369 1538 3410 &
1565 3369 1750 3411 locorum
1789 3378 2125 3423 quorumcunque
2147 3362 2207 3404 di-

1243 3432 1399 3473 &orum
1411 3427 1645 3484 Regnorum
1658 3427 1804 3477 ‚etiam
1817 3425 2048 3481 juramento
2058 3450 2073 3472 ,
2106 3436 2208 3465 con-

1245 3487 1475 3531 firmatione
1488 3486 1719 3543 Apostolica
1734 3515 1749 3538 ‚
1771 3485 1837 3528 vel
1859 3481 1997 3540 quavis
2012 3479 2205 3523 firmitate

1244 3547 1324 3590 alia
1340 3546 1544 3589 roboratis
1555 3572 1570 3594 2
1584 3545 1805 3602 privilegiis
1814 3555 1978 3600 quoque
1987 3569 2001 3594 ,
2013 3540 2177 3583 indultis
2190 3563 2203 3585 2

1242 3608 1283 3649 δι.
1303 3605 1450 3648 litteris
1482 3604 1727 3661 Apostolicis
1753 3603 1886 3646 forsan
1914 3615 1988 3657 per
2015 3604 2103 3644 Nos
2115 3626 2129 3648 ,
2155 3608 2202 3636 ac

1239 3664 1496 3721 quoscunque
1521 3663 1624 3706 alios
1637 3665 1848 3707 Romanos
1866 3659 2083 3704 Pontifices
2098 3658 2204 3697 Prae-

1235 3722 1458 3767 decessores
1475 3722 1629 3766 nostros
1647 3750 1660 3774 ‚
1673 3719 1743 3764 sub
1757 3719 1962 3777 quibusvis
1990 3715 2205 3758 verborum

1234 3782 1395 3835 formis,
1406 3781 1632 3842 &insolitis
1646 3779 1830 3826 clausulis
1843 3809 1857 3833 ,
1876 3768 2202 3872 ἰττίῑεηδῑὲξῧῖῐῖἒυθ
