2444 4192
275 199 336 281 4
349 202 387 245 2.

212 321 425 377 Eundem
444 314 693 372 Guilielmi
710 314 885 369 librum
905 322 1193 376 anathemate

281 390 516 441 confixum
531 427 548 450 ,
574 390 695 458 Regi
713 388 958 442 Ludovico
987 399 1193 447 renunti-

278 478 358 522 at,
379 461 673 531 Ordinesque
700 462 793 509 FF.
828 462 1193 518 Praedicatorum

283 532 335 585 δι
373 537 616 584 Mmorum
643 532 779 601 regio
813 531 1024 602 praefidio
1066 556 1191 588 eom-

284 603 506 655 mendat.

278 705 705 757 ALEXANDER
742 707 1118 765 EPISCOPUS

397 824 574 868 Seavus
605 826 868 869 Ssnvoauu
902 828 986 870 Det

209 911 432 970 Cbariffimo
456 912 501 956 in
541 912 696 971 CbrIsto
734 916 872 966 Fine,
897 915 1050 975 illustri
1086 912 1186 972 Regi

289 976 480 1018 Francia
500 1000 516 1025 ,
531 972 716 1030 salutem
744 974 794 1022 ὅ·
823 975 1091 1033 Apostolicor-

529 1031 864 1076 Benefiffi‘oneu.

341 1149 406 1193 Eri
423 1148 516 1193 solis
529 1147 667 1193 radius
683 1150 724 1192 in
740 1150 803 1192 Te
816 1147 915 1191 vere
926 1148 1082 1205 fulgere
1091 1163 1190 1192 con·

372 1209 538 1266 spicitur
552 1210 646 1265 ,qui
661 1207 838 1266 depulfis
854 1209 1018 1261 penitus
1050 1208 1187 1266 pravis

203 1270 356 1313 actibus
369 1299 386 1321 ,
432 1269 472 1311 in
498 1267 601 1312 lucis
625 1269 820 1325 operibus
842 1267 1058 1311 delectaris
1075 1280 1090 1310 :
1114 1267 1185 1323 qui

201 1329 339 1370 vitatis
353 1329 522 1371 omnino
540 1329 667 1371 noetis
681 1326 861 1372 tenebris
872 1354 887 1376 ‚
904 1327 944 1370 in
959 1327 1045 1371 diei
1060 1326 1185 1370 lumi·

199 1402 255 1431 ne
283 1387 468 1430 ambulas
492 1415 509 1437 ,
538 1386 750 1432 horrendo
786 1387 885 1430 vitia
903 1415 919 1439 ,
962 1388 1005 1429 δι
1027 1387 1186 1441 ample-

203 1446 342 1489 xando
357 1447 531 1489 virtutes
547 1474 562 1497 ,
583 1446 782 1505 fugiendo
796 1447 822 1491 i
835 1446 967 1489 noxiis
981 1473 997 1497 ,
1024 1447 1066 1489 ἃ.
1082 1446 1185 1488 salu·

200 1506 359 1550 taribus
383 1504 617 1550 inhaerendo
640 1535 655 1548 .
692 1508 860 1550 Revera
884 1504 1044 1548 clarent
1067 1505 1109 1546 in
1124 1506 1186 1548 Te

201 1564 320 1608 firma
341 1563 458 1607 Fiden
472 1591 489 1616 ,
504 1564 543 1605 &
558 1579 660 1623 pura
672 1564 847 1608 devotio
860 1576 957 1620 erga
969 1564 1186 1608 coelestem

202 1627 365 1681 Regem
380 1636 394 1667 τ
408 1622 524 1679 cujus
539 1625 651 1669 dono
664 1625 856 1681 Regnum
872 1633 1087 1668 terrenum
1109 1638 1186 1668 no·

200 1685 325 1727 sceris
337 1683 542 1733 obtinere,
555 1683 655 1727 dum
674 1684 726 1726 stc
739 1682 829 1740 ejus
841 1682 1110 1741 beneplacitis
1127 1685 1188 1726 Te

201 1752 372 1797 coaptas
394 1770 410 1794 ‚
440 1742 552 1799 quod
587 1742 639 1785 ad
666 1756 761 1786 eum
783 1741 966 1800 dirigens
1007 1752 1189 1788 mentem

205 1814 317 1845 tuam
338 1830 354 1852 ,
376 1802 418 1843 δι
434 1801 474 1844 in
502 1800 631 1859 ipsum
648 1802 688 1845 in
706 1802 783 1845 tuis
797 1803 1019 1847 actionibus
1044 1802 1187 1848 consti-

203 1862 287 1905 tuis
318 1860 632 1905 fundamentum
659 1875 673 1905 ε
711 1860 761 1903 ad
777 1860 847 1904 illa
874 1871 991 1907 tuum
1021 1862 1188 1907 libitum

204 1921 470 1964 convertis&
485 1919 657 1964 studium
680 1949 697 1973 ,
717 1934 806 1978 quae
829 1922 871 1963 in
902 1920 985 1974 eius
1012 1924 1186 1978 conspe·

202 1983 268 2023 ἂιι
283 1976 371 2022 sunt
388 1979 534 2033 placita
550 2009 565 2032 ,
591 1979 744 2038 fibique
758 1980 1050 2026 delectabilem
1075 1981 1186 2026 refe-

203 2049 292 2083 rant
323 2036 565 2082 sanitatem
597 2038 740 2084 odoris
763 2069 779 2092 ,
822 2041 864 2083 in
902 2042 1189 2097 benignitate,

201 2098 421 2142 clementia
433 2123 449 2147 ,
463 2096 740 2142 misericordia
752 2123 767 2145 ‚
780 2100 819 2139 8(
834 2098 1051 2140 charitatis
1067 2098 1187 2139 subfi-

199 2157 280 2198 diis
296 2157 355 2196 Te
368 2155 650 2208 principaliter
662 2152 1086 2201 exercendo-Sed2etii
1104 2154 1186 2195 haee

200 2216 242 2256 in
261 2211 433 2268 persona
464 2220 535 2252 tua
563 2210 675 2253 velut
707 2209 852 2266 sydera
878 2210 1076 2253 luminosa
1105 2211 1189 2252 res·

200 2272 457 2331 plendeant,
480 2269 538 2311 est
565 2279 701 2311 tamen
715 2269 773 2308 ibi
797 2265 910 2308 aliud
923 2294 940 2318 ,
965 2265 1076 2322 quod
1100 2278 1188 2306 am-

235 2329 328 2373 liori
343 2327 506 2381 fulgore
519 2325 662 2369 rutilat
674 2351 690 2376 ,
705 2326 747 2369 δι
763 2324 863 2368 ficut
878 2323 1081 2368 luminare
1106 2335 1188 2367 ma·

204 2402 268 2450 jus
282 2415 299 2440 ,
326 2387 367 2429 δι
379 2386 502 2428 altius
518 2382 677 2439 prafert
697 2384 815 2440 iubar
828 2413 846 2437 ‚
865 2383 973 2441 quali
989 2383 1087 2427 solia
1112 2383 1191 2425 im·

206 2451 374 2493 mittens
391 2443 660 2498 maiestatem:
675 2443 746 2487 illa
765 2443 960 2488 videlicet
973 2443 1191 2491 ardens,&

206 2508 348 2553 lucens
370 2506 551 2548 charitas
563 2533 579 2557 ,
602 2518 681 2560 qua
698 2503 895 2548 Personas
911 2500 1140 2559 Religiosas
1151 2503 1194 2547 δι

207 2567 359 2610 divinis
386 2565 633 2617 mancipatas
653 2563 856 2614 servitiis,
886 2563 1071 2620 gratiose
1097 2577 1192 2622 pro·

206 2626 385 2684 sequeris
399 2651 414 2674 ‚
441 2637 506 2667 eas
520 2622 667 2666 tenere
680 2622 896 2681 diligendo
907 2649 922 2674 ‚
937 2616 1083 2669 favore
1100 2636 1188 2666 mu·

203 2683 360 2731 niendo
373 2683 505 2739 regio,
517 2682 655 2726 multis
668 2681 875 2727 beneficiis
893 2680 1158 2728 confovendo
1174 2709 1188 2734 ‚

206 2742 493 2796 amplectendo
526 2742 885 2788 conversationem
919 2741 1096 2800 ipsarum
1110 2772 1127 2796 ,
1149 2742 1188 2785 δι

207 2803 329 2849 casin
343 2811 411 2845 tua
426 2799 702 2846 familiaritate
715 2802 943 2861 specialiter
955 2800 1193 2847 retinendo.

208 2866 327 2908 Inter
339 2875 440 2919 quaa
457 2860 632 2905 dilectos
654 2861 776 2907 Filios
794 2865 961 2907 Fratres
988 2860 1190 2907 Proedica·

207 2932 348 2976 tores,
371 2922 412 2964 δι
431 2921 614 2965 Minores
626 2933 819 2981 tanquam
835 2919 1036 2980 perfectos
1064 2920 1189 2967 Chri·

209 2982 256 3025 sti
271 2981 408 3026 servos
424 3010 438 3033 ‚
461 2980 645 3026 cultores
663 2982 778 3029 Fidei
792 2982 980 3028 eruditos
997 2981 1064 3035 ,dt
1091 2994 1189 3038 pru·

208 3042 416 3091 dentesac
442 3041 637 3095 providos
661 3040 917 3087 confiliarioa
944 3041 1191 3095 animarum,

211 3112 292 3145 ωε
314 3095 605 3145 mansuetudini
638 3103 828 3160 precipui
844 3101 995 3146 amoris
1024 3099 1190 3146 vinculo

210 3161 447 3204 adstrinrtilt
463 3189 474 3201 .
492 3159 620 3205 Certe
636 3162 877 3221 congruit&
892 3158 1189 3218 exaedinquod

212 3222 409 3277 Princeps
446 3230 529 3262 tam
554 3221 797 3266 Catholteut
824 3219 1038 3266 familiares
1066 3221 1191 3264 itabe-

213 3293 250 3321 at
270 3279 509 3323 tamelcssm
526 3308 541 3331 ,
561 3280 672 3339 quod
690 3281 728 3323 in
745 3279 863 3337 ipiius
877 3279 1027 3325 munda
1042 3282 1082 3325 δι
1096 3279 1194 3323 niti-

210 3339 262 3381 da
278 3339 424 3386 Curia,
436 3339 509 3382 viri
525 3338 604 3385 lire
619 3352 714 3383 nota
728 3341 768 3384 ἅ
781 3341 938 3386 macula
953 3342 1193 3385 conversen-

213 3408 311 3449 tur;
338 3396 530 3454 quodque
552 3402 706 3445 Domus
720 3400 807 3454 ejus
834 3397 1016 3457 generali
1041 3413 1192 3456 preco·

214 3471 284 3499 nm
299 3456 460 3498 laudata
474 3473 544 3513 per
559 3460 700 3504 orbem
714 3488 729 3512 ,
742 3459 864 3503 ctiam
881 3473 930 3503 ex
947 3457 1192 3503 famulorum

216 3515 255 3558 ὰ
275 3513 552 3560 Miniiltorum
570 3519 735 3563 Domini
750 3516 941 3563 societate
955 3532 1002 3561 ae
1020 3517 1192 3575 prasen-

212 3574 269 3617 tia
294 3576 607 3620 commcndatur
628 3607 640 3621 .
681 3579 850 3622 Horum
888 3590 1059 3634 namque
1097 3579 1191 3622 Pra-

214 3642 323 3675 ttttm
338 3631 438 3673 clari
452 3634 630 3678 Ordines
647 3635 728 3691 jam
743 3637 899 3681 dudum
918 3638 939 3680 a
954 3635 1060 3682 sede
1085 3638 1198 3693 Apo-

214 3691 353 3735 ilolica
371 3714 386 3737 2
414 3691 508 3734 licut
528 3694 624 3736 sacri
655 3698 694 3737 ἁ
722 3695 931 3754 conspicui
956 3695 1195 3753 approbati,

214 3751 331 3794 velut
346 3754 565 3793 eminentia
582 3753 827 3798 candelabra
844 3785 857 3806 ,
883 3757 924 3797 dt
937 3754 1022 3798 duo
1046 3767 1190 3811 magna

213 3809 427 3854 luminaria
446 3823 486 3853 in
504 3811 685 3857 Ecclesia
702 3815 776 3857 αἱ
804 3813 974 3859 lucent:
999 3818 1191 3873 quoniam

781 159 949 249 Sub
1010 157 1459 250 Alexandro
1521 161 1687 265 IV.

1251 326 1302 368 ab
1318 325 1376 367 his
1404 325 1557 367 Sandae
1584 321 1791 366 Doctrina
1816 320 1958 365 lumen
1982 321 2138 381 ubique
2167 320 2239 378 per

1252 384 1447 427 mundum
1473 383 1639 439 copiose
1652 379 1909 434 diffunditur,
1923 385 1973 425 ab
1999 384 2060 425 his
2087 381 2241 425 Christi

1253 442 1523 498 Evangelium
1538 443 1738 484 audenter
1752 442 1791 481 δι
1807 439 2029 484 efficaciter
2045 442 2241 498 praedica·

1252 512 1321 545 tur
1336 515 1349 543 :
1364 502 1414 542 ab
1430 500 1491 542 his
1508 503 1617 542 reeta
1629 500 1668 540 &
1683 500 1774 541 sana
1788 499 1969 551 confilia,
1981 501 2023 541 &
2049 500 2238 556 exempla

1250 560 1439 605 salutaria
1454 560 1729 601 exhibentur.
1756 555 2071 602 Convenieuter
2100 562 2238 616 itaque

1251 619 1385 676 Regia
1400 617 1610 663 Serenitas
1622 617 1665 658 in
1678 626 1761 658 tam
1774 617 2004 672 proborum
2017 619 2237 670 Virorum,

1250 682 1292 722 &
1307 675 1611 734 Religiosorum
1626 686 1711 718 tam
1724 675 1939 719 illustrium
1958 676 2169 720 consortio
2180 676 2236 728 iu-

1251 738 1570 793 cundatur3quia
1583 749 1634 779 ex
1646 737 1726 780 hoc
1736 733 1853 791 ipfius
1868 736 1908 776 δι
1921 735 2074 777 merito
2087 736 2235 779 erescit

1249 794 1430 845 fama,&
1445 796 1701 853 Principibus
1720 795 1808 838 aliis
1825 795 1874 836 ad
1893 793 2127 844 honestum,
2147 807 2238 836 ma-

1250 856 1358 898 xima
1371 855 1427 898 est
1442 854 1566 898 index
1578 884 1590 896 .
1618 858 1683 899 De
1699 863 1810 897 tanta
1830 867 1930 909 ergo
1946 851 2239 895 benevolentia

1244 915 1286 957 &
1310 915 1444 970 gratia
1470 942 1486 967 ,
1511 928 1631 970 quam
1659 913 1810 957 eisdem
1837 913 2052 956 Fratribus
2085 907 2241 970 fincere

1242 973 1425 1016 ostendis
1438 974 1479 1015 δι
1493 973 1678 1024 exhibes,
1691 971 1992 1016 Celfitudinem
2004 982 2117 1014 tuam
2130 972 2240 1012 mul.-

1251 1032 1449 1086 tipliciter
1462 1033 1504 1074 in
1517 1033 1698 1075 Domino
1709 1031 2049 1075 commendantes
2061 1055 2076 1079 2
2090 1030 2238 1085 dignas

1251 1092 1347 1133 Tibi
1363 1088 1585 1132 deferimus
1613 1090 1836 1146 gratiarum
1859 1091 2037 1133 actiones
2063 1101 2077 1130 ε
2118 1102 2240 1130 reso-⁵

1250 1147 1497 1206 gnoseentes
1514 1152 1602 1192 Nos
1627 1146 1719 1191 fore
1740 1148 1835 1191 Tibi
1861 1147 1914 1192 de
1929 1149 2010 1192 hoc
2025 1145 2244 1202 specialius

1248 1208 1483 1265 obligatos:
1497 1208 1590 1264 quia
1606 1209 1669 1251 Tu
1690 1222 1732 1251 es
1745 1207 1835 1264 ipfis
1853 1210 1894 1252 in
1911 1206 2138 1252 neceffitate
2147 1207 2244 1248 suba

1246 1268 1413 1317 fidium,
1440 1277 1588 1310 contra
1602 1267 1808 1311 molestias
1824 1276 1962 1311 tutum
1976 1265 2206 1324 praefidium
2221 1293 2239 1318 ,

1247 1329 1288 1370 δι
1304 1329 1343 1371 in
1354 1325 1594 1371 adverfitate
1604 1325 1662 1370 sui
1680 1325 1801 1370 statiis
1815 1325 1988 1371 solidum
2008 1324 2244 1369 firmamen-

1247 1399 1362 1430 tum.
1390 1386 1496 1430 Sane
1512 1386 1685 1430 dileclos
1711 1385 1838 1430 Filios
1861 1387 2066 1444 Joannem
2096 1386 2136 1427 &
2161 1386 2243 1429 Pe-

1246 1459 1358 1490 trum
1381 1471 1397 1496 ,
1423 1446 1617 1489 Clericos
1640 1447 1681 1489 δι
1707 1446 1888 1490 Nuntios
1911 1456 2036 1498 tuos,
2055 1457 2161 1500 quos
2188 1441 2241 1486 ad

1247 1507 1394 1551 Sedem
1435 1505 1708 1563 Apostolicam
1736 1504 1942 1550 destinasti
1965 1535 1982 1559 ,
2021 1501 2241 1547 affectuose

1249 1565 1474 1622 recepimus
1488 1592 1504 1616 ,
1529 1566 1570 1607 δι
1589 1566 1628 1608 in
1646 1565 1707 1609 bis
1722 1594 1737 1618 ,
1751 1578 1840 1623 quae
1869 1565 2172 1623 proposuerunt
2199 1563 2241 1604 &

1250 1626 1487 1683 petiverunt
1502 1640 1550 1669 ex
1565 1636 1681 1681 parte
1696 1636 1767 1669 tua
1779 1655 1795 1676 ,
1810 1639 1886 1682 pro
1901 1626 2054 1669 eisdem
2083 1621 2242 1666 Fratri·

1246 1687 1323 1729 bus
1348 1713 1365 1737 ,
1386 1685 1562 1740 benigni:
1588 1683 1698 1741 ipsos
1726 1683 1868 1728 audire
1897 1683 2132 1728 curavimus
2159 1708 2176 1734 ,
2198 1680 2242 1721 δι

1249 1743 1472 1790 efficaciter
1487 1744 1680 1787 exaudire
1696 1772 1707 1785 .
1736 1745 1790 1787 Et
1804 1757 1901 1787 ecce
1915 1742 2103 1786 libellum
2120 1740 2239 1784 illum

1249 1801 1526 1863 perniciosum
1540 1805 1578 1847 &
1594 1802 1878 1847 detestabilem
1892 1832 1909 1855 ,
1934 1816 2054 1860 quem
2067 1798 2239 1858 quidam

1247 1870 1381 1910 Sacrae
1417 1862 1637 1918 Scriptura
1663 1861 1984 1918 intelligentiam
2012 1862 2051 1905 se
2088 1862 2241 1904 habere

1248 1925 1417 1967 fatentes
1433 1951 1447 1975 ,
1461 1921 1526 1966 sed
1541 1922 1797 1967 divertentes
1810 1925 1835 1967 a
1846 1922 2015 1965 tramite
2034 1921 2133 1963 rec'ti
2148 1917 2245 1961 sen-

1248 1982 1312 2027 sus
1329 2012 1345 2034 ,
1373 1992 1519 2026 contra
1534 1983 1684 2026 Christi
1700 1995 1901 2038 pauperes
1918 2010 1934 2034 ,
1953 1981 2043 2023 vitae
2057 1977 2131 2021 suae
2146 1976 2246 2028 subs

1248 2043 1345 2085 fidia
1355 2039 1574 2083 salubriter
1587 2040 2139 2092 mendicantes,componere
2148 2039 2247 2093 pre&

1248 2096 1503 2148 sumpserunt
1526 2119 1543 2142 ,
1579 2096 1766 2137 delatum
1794 2093 1845 2137 ad
1862 2098 1951 2140 Nos
1980 2108 2053 2151 per
2077 2090 2244 2142 eosdem

1250 2153 1455 2203 Nuntios,
1466 2161 1659 2207 tanquam
1669 2153 2083 2209 iniquum,scelestum
2097 2154 2137 2196 δι
2149 2167 2247 2196 exe-

1247 2210 1448 2252 crabilem
1461 2232 1477 2255 2
1507 2211 1549 2249 δι
1579 2210 1859 2252 instructiones
1874 2226 1921 2253 ac
1936 2210 2184 2255 documenta
2201 2213 2243 2255 in

1249 2281 1301 2309 eo
1314 2265 1469 2308 tradita
1482 2290 1499 2314 ,
1522 2275 1672 2321 utpote
1685 2277 1810 2323 prava
1825 2295 1840 2319 ,
1854 2266 1952 2317 falsa
1967 2297 1985 2321 ,
2014 2268 2055 2311 δι
2070 2265 2246 2322 nefaria,

1248 2325 1302 2369 de
1318 2327 1507 2369 Fratrum
1521 2324 1755 2370 nostrorum
1768 2326 1947 2371 confilio
1959 2353 1974 2377 ,
1988 2327 2242 2379 anaoritate

1253 2383 1488 2442 Apostoliea
1499 2409 1514 2431 s
1541 2382 1735 2439 prasente
1748 2399 1892 2443 magna
1908 2384 2088 2431 fidelium
2100 2387 2245 2432 multi·

1253 2444 1399 2489 tudine
1415 2473 1432 2496 ,
1461 2445 1718 2500 reprobanda
1732 2445 1926 2491 duximus
1938 2475 1952 2498 ,
1977 2447 2018 2490 δι
2035 2449 2072 2490 in
2087 2460 2239 2504 perpe·-

1254 2516 1372 2549 tuum
1399 2502 1714 2550 condemnanda
1739 2535 1752 2544 .
1785 2506 1974 2551 Distriste
1999 2508 2241 2564 precipien-

1249 2564 2239 2670 2..1:222222‘2122'¹2:¹¹⁰si'2ms32r2‘22

1685 2649 1702 2675 s
1930 2642 1954 2671 u
1975 2641 2000 2670 u
2121 2642 2132 2669 ι
2163 2641 2187 2670 n

1249 2684 1368 2728 stram
1398 2683 1735 2739 reprobationem
1771 2640 1825 2728 6?
1842 2640 2233 2729 condemnationem

1249 2740 1432 2795 sciverit,
1457 2743 1615 2796 prorsus
1631 2742 1839 2789 destrucre
1853 2744 1893 2787 ἃ
1906 2743 2071 2789 abolere
2085 2757 2240 2800 procu-

1249 2812 1313 2848 ret
1334 2813 1349 2845 t
1372 2802 1468 2846 &in
1497 2801 1622 2857 illos,
1646 2803 1715 2862 qui
1744 2802 1863 2862 hujus
1889 2802 2012 2847 nostri
2040 2803 2233 2860 precepti

1249 2860 1400 2908 suerint
1430 2872 1768 2920 contemptores,
1800 2861 2238 2908 excommunicationis

1250 2921 1494 2969 sententiam
1510 2923 1814 2980 promulgantes
1827 2953 1843 2978 ,
1870 2920 2041 2968 firmiter
2053 2922 2094 2966 in
2110 2921 2238 2967 virtu·

1249 2994 1291 3028 te
1307 2981 1550 3027 obedientie
1564 2982 1835 3039 prohibendo,
1848 2996 1900 3028 ne
1914 2978 2123 3042 quisquam
2138 2994 2239 3039 prat·

1250 3043 1402 3087 dictum
1418 3040 1607 3086 libellum
1621 3055 1693 3088 ore
1714 3043 1882 3101 Apostol
1890 3044 1956 3088 ico
1970 3041 2051 3101 jam
2064 3040 2236 3086 damna-

1250 3113 1370 3154 tum,
1397 3115 1447 3158 ap
1482 3101 1653 3153 robare,
1681 3101 1746 3147 rel
1763 3101 2078 3160 quomodolibet
2094 3098 2237 3155 defen-

1252 3164 1336 3208 sare
1350 3175 1426 3218 proe
1448 3171 1557 3205 umat
1575 3175 1587 3205 z
1602 3162 1639 3205 δι
1657 3162 1682 3205 ii
1695 3160 1987 3220 presumpserit
1998 3191 2012 3215 ,
2025 3172 2232 3218 tamquam

1250 3231 1499 3273 contumax,
1530 3220 1821 3265 inobediens&
1846 3221 2012 3266 rebellis
2039 3222 2234 3265 Romane

1256 3279 1476 3333 Ecclesia,
1499 3280 1550 3323 ab
1577 3280 1765 3326 omnibus
1793 3279 1979 3325 fidelibus
2005 3281 2230 3325 habeatur=

1256 3339 1354 3384 licut
1371 3339 1450 3383 haec
1466 3340 1602 3383 omnia
1618 3339 1773 3385 litteris
1797 3340 1941 3385 nostris
1963 3340 2016 3386 de
2043 3337 2230 3397 predicta

1255 3399 1544 3456 reprobatione
1568 3413 1615 3443 ac
1640 3397 1980 3444 condemnatione
2005 3398 2202 3443 consectis
2216 3427 2233 3451 ,

1250 3471 1350 3516 quas
1367 3458 1461 3502 Tibi
1476 3454 1775 3510 trasmittimua,
1790 3458 1947 3516 plenius
1957 3459 2198 3503 continetur
2217 3487 2231 3501 .

1251 3517 1434 3573 ideoque
1450 3518 1514 3562 Ma
1546 3515 1791 3561 niiieentiam
1817 3529 1927 3563 tuam
1946 3545 1962 3571 ,
1985 3518 2125 3572 omni,
2152 3531 2229 3576 qua

1251 3578 1449 3635 poilumua
1477 3591 1499 3620 a
1530 3577 1690 3620 eciione
1719 3591 1953 3635 togammus
1980 3605 1995 3630 ‚
2028 3589 2231 3635 quatenus

1254 3647 1504 3681 memoratos
1535 3637 1695 3680 Fratres
1722 3666 1738 3690 ,
1763 3636 1953 3683 consucta
1980 3639 2232 3695 benignitate

1254 3709 1297 3738 ac
1314 3696 1441 3752 gratia
1458 3695 1709 3751 prosequaris
1726 3709 1739 3740 :
1755 3711 1821 3741 eos
1837 3709 2023 3756 tanquam
2039 3701 2232 3755 probatos

1251 3756 1289 3797 δι
1307 3765 1495 3811 acceptos
1511 3754 1661 3798 Christi
1688 3755 1892 3800 Minisstot
1923 3758 2067 3801 habeas
2094 3768 2232 3801 atten-

1252 3813 1332 3857 tiita
1347 3813 1689 3869 commendatos,
1713 3815 1753 3859 δι
1773 3815 1826 3861 ab
1851 3815 2008 3876 injuriis
2035 3819 2072 3861 δι
2098 3816 2232 3860 mole·

2090 3875 2173 3921 iliis
