2444 4192
265 169 452 253 494

210 301 366 357 gulares
382 327 397 348 ,
423 292 734 353 quomodolibet
755 304 969 347 exemptos
983 321 996 343 ,
1025 310 1070 337 ac
1088 295 1188 338 Sedi

210 357 453 416 Apostolicae
493 356 728 399 immediate
755 350 946 405 subjectos
960 381 975 404 ,
990 368 1189 410 quorum-

209 431 372 473 cunque
401 415 605 459 ordinum
619 442 632 463 2
657 413 944 457 Institutorum
965 441 979 463 a
1007 415 1188 457 Societa-

209 490 302 521 tum
318 505 333 529 ,
349 475 729 531 Congregationum
744 498 758 520 ³
780 472 1108 530 &cujuscunque
1122 474 1189 515 di·

210 536 379 593 gnitatis
394 565 408 587 ,
424 536 465 575 &
481 530 787 590 praeeminentiae
801 557 816 579 s
831 543 902 575 aut
913 534 1056 590 quovis
1072 534 1190 590 privi.

208 598 349 653 legio,
362 596 400 635 &
419 592 583 636 indulto
596 591 774 633 munitos
789 617 805 639 a
824 592 897 646 qui
923 594 1099 649 aliquem
1112 594 1190 648 Pe-

208 657 438 704 nitentem,
453 663 711 708 quacumque
726 650 904 693 Persona
929 652 1000 695 illa
1016 651 1061 694 fit
1076 679 1091 701 ,
1124 652 1189 696 vel

208 716 251 756 in
268 716 356 757 actu
371 709 672 753 sacramentalis
687 707 978 762 Confeffionis,
996 710 1186 762 velante,

208 773 275 816 vel
293 768 524 815 immediate
539 767 627 825 post
642 766 963 824 Confeffionem,
978 770 1044 813 vel
1062 784 1185 814 occa·

204 831 312 874 lione
328 857 344 880 ,
358 840 428 870 aut
444 837 640 882 praetextu
666 825 919 873 confeffiouis
930 860 947 882 ,
977 829 1042 873 vel
1055 830 1182 872 etiam

203 900 322 932 extra
335 888 591 929 occationem
620 884 875 931 confeffionis
901 891 941 932 in
955 887 1183 933 Confessio-

204 949 286 990 nali
299 975 314 998 ‚
347 944 428 988 five
455 949 494 987 in
520 946 602 988 alio
622 946 718 989 loco
741 947 791 990 ad
819 946 1078 992 conieffiones
1110 964 1182 992 au-

202 1004 372 1049 diendas
387 1003 589 1049 destinato
605 1034 621 1057 ,
641 1015 711 1048 aut
736 1006 899 1059 eleeto,
915 1022 1008 1050 cum
1022 1008 1184 1050 simula—

206 1069 318 1109 tione
332 1063 524 1107 audiendi
542 1065 693 1108 ibidem
717 1065 1012 1110 confeffionem
1024 1094 1037 1116 ,
1052 1067 1102 1109 ad
1121 1067 1184 1108 in-

207 1124 372 1168 honesta
388 1149 403 1172 ,
415 1124 458 1165 δι
470 1124 605 1181 turpia
619 1122 845 1169 sollicitare
857 1154 871 1177 ,
887 1126 955 1168 vel
981 1139 1183 1180 provoca-

202 1200 251 1228 re
262 1214 278 1236 ‚
293 1184 373 1226 five
396 1186 531 1227 verbis
545 1186 624 1226 five
640 1182 758 1239 lignis
773 1214 787 1236 ,
803 1185 882 1228 five
901 1185 1063 1227 nutibus
1074 1210 1088 1233 s
1103 1186 1183 1226 five

202 1245 339 1294 taelu,
369 1240 452 1285 five
477 1257 550 1300 per
562 1241 832 1298 scripturam,
857 1255 930 1288 aut
952 1253 1078 1293 tunc,
1110 1251 1183 1286 aut

202 1303 293 1361 post
309 1303 519 1356 legendam
532 1328 547 1351 ‚
560 1304 815 1346 tentaverint
830 1332 844 1355 ‚
858 1313 927 1346 aut
943 1317 1036 1345 cum
1050 1305 1109 1345 cis
1131 1302 1182 1345 il-

203 1362 344 1407 licitos
358 1388 372 1410 ,
385 1361 427 1401 δι
447 1361 680 1405 inhonestos
695 1363 898 1405 sermones
909 1391 924 1414 ‚
956 1362 1020 1405 vel
1035 1365 1186 1403 tracta.

204 1433 275 1466 tus
289 1421 508 1463 temerario
520 1421 611 1463 ausu
632 1420 852 1463 habuerint
869 1450 882 1462 .
909 1423 963 1463 Et
978 1434 1078 1475 quos
1110 1421 1184 1464 in.›

206 1482 351 1537 aliquo
362 1491 413 1520 ex
425 1477 655 1535 hujusmodi
669 1476 833 1522 nefariis
856 1478 1077 1522 exceffibus
1099 1479 1186 1519 cul-

207 1538 364 1596 pabiles
377 1538 663 1592 repererint‚in
676 1551 749 1577 eos
763 1549 841 1590 pro
854 1537 1071 1576 criminum
1087 1548 1188 1588 qua-

210 1600 329 1641 litate
353 1595 393 1635 &
407 1593 713 1636 circumstantiis
727 1622 742 1644 ‚
767 1592 905 1634 severe
932 1591 1188 1633 animadver-

210 1664 300 1699 tant
313 1683 329 1705 ,
344 1666 420 1706 per
434 1651 659 1706 condignas
674 1664 833 1706 pernas,
849 1650 962 1708 juxta
984 1664 1190 1694 memora-

209 1727 295 1756 tam
326 1710 522 1767 Gregorii
545 1709 849 1753 Praedecefforis
875 1710 996 1753 nostri
1022 1713 1116 1753 Con
1123 1709 1188 1751 sti-

212 1774 416 1817 tutionem
430 1798 444 1822 ,
458 1782 579 1827 quam
596 1769 665 1812 hic
691 1769 743 1811 de
765 1770 894 1812 verbo
907 1769 957 1813 ad
975 1772 1189 1814 verbum„

211 1847 290 1890 pro
305 1829 455 1873 inserta
472 1828 613 1871 haberi
630 1829 848 1871 volumus:
878 1828 1024 1872 dantes
1039 1829 1191 1881 etiam,

211 1892 242 1935 fi
256 1903 359 1947 opus
372 1888 417 1931 fit
434 1916 450 1940 ,
466 1889 508 1931 δι
532 1886 670 1930 rursus
700 1887 979 1932 concedentes
1013 1886 1190 1931 faculta-

210 1962 295 1994 tem
310 1977 325 2001 ,
342 1963 394 1991 ne
408 1946 614 2002 delicium}
627 1957 711 1989 tam
726 1960 896 1990 enorme
912 1976 927 1998 ,
952 1949 990 1989 δι
1010 1945 1191 1991 Ecclefiae

209 2010 294 2054 Dei
310 2007 547 2062 injuriosum
560 2032 575 2054 ‚
596 2016 810 2049 remancat
825 2008 882 2048 ob
897 2007 1189 2060 probationum

210 2067 413 2112 defectum
427 2093 442 2117 ,
462 2064 707 2121 impunitum
723 2094 739 2116 ,
752 2064 831 2120 jam
848 2064 949 2108 alias
968 2064 1007 2107 in
1023 2063 1190 2122 praesata

209 2124 515 2171 Constitutione
530 2123 729 2167 tributam
743 2154 760 2176 ,
788 2124 1044 2180 procedendi
1057 2139 1193 2167 cum.»

207 2186 395 2236 testibus,
407 2184 531 2226 etiam
552 2181 834 2238 singularibus,
848 2182 1075 2228 dummodo
1092 2197 1193 2240 prae·

208 2244 477 2301 sumptiones,
490 2242 655 2295 indicia,
673 2244 714 2286 &
727 2242 805 2286 alia
827 2243 1077 2288 adminicula
1092 2256 1189 2289 con.

209 2313 382 2350 currant
398 2329 415 2345 .

267 2364 353 2415 §.2.
413 2362 676 2407 Meminerint
695 2374 889 2421 praterea
903 2365 1103 2413 omnesa&
1117 2363 1191 2408 fin·

209 2424 297 2482 guli
330 2422 574 2466 Sacerdotes
595 2423 645 2466 ad
674 2422 941 2468 confeffiones
963 2423 1192 2470 audiendas

211 2482 417 2528 constituti
433 2511 449 2536 ,
464 2483 594 2527 teneri
615 2480 681 2535 se,
700 2497 747 2527 ac
777 2484 952 2539 obligari
982 2484 1067 2527 suos
1092 2488 1192 2529 Poe-

211 2544 388 2587 nitentes
403 2568 419 2592 ‚
439 2556 544 2599 quos
566 2547 759 2586 noverint
777 2543 888 2585 fuiffe
916 2545 966 2587 ab
991 2545 1080 2587 aliis
1099 2570 1114 2594 ,
1146 2552 1190 2586 ut

211 2601 330 2658 supr&
345 2627 360 2650 ‚
374 2600 618 2644 sollicitatos
630 2631 646 2653 ,
663 2601 806 2647 sedulo
834 2617 1002 2646 monere
1013 2632 1028 2655 ,
1041 2604 1191 2660 juxta-2

214 2661 520 2704 occurrentium
541 2661 707 2704 casuum
736 2660 1056 2705 circumstantias
1086 2661 1196 2705 cle-a

214 2718 468 2773 obligatione
483 2717 749 2762 denuntiandi
769 2718 1098 2774 lnquifitoribus,
1112 2719 1194 2761 live

218 2778 412 2822 locorum
425 2775 656 2820 Ordinariis
671 2776 864 2831 predictis
879 2805 894 2828 ,
909 2779 1158 2832 personant-a
1174 2803 1191 2828 ‚

217 2850 305 2894 que
319 2835 653 2878 sollicitationem
667 2836 934 2887 commiserit,
949 2836 1029 2879 etia
1037 2835 1102 2879 mli
1122 2840 1195 2878 Sa·

143 2940 150 2946 ,
218 2893 369 2938 cerdon
382 2894 426 2935 lit
441 2919 456 2943 ,
466 2893 535 2950 qui
547 2891 827 2949 jurisdifflone
841 2893 893 2935 ad
903 2893 1198 2938 absolutionem

219 2952 359 2997 valide
378 2950 693 3010 impertiendam
716 2963 855 2996 careat
873 2982 888 3004 ‚
911 2963 980 2996 aut
999 2953 1196 2998 sollicita·

222 3015 285 3057 tio
297 3012 404 3056 inter
419 3007 720 3056 confessarium
735 3013 799 3063 ,δι
815 3013 1094 3058 Poenitentem
1114 3027 1200 3056 mu·

223 3083 292 3116 tua
306 3068 429 3115 suerit
444 3072 548 3124 ,live
572 3068 850 3115 sollicitationi
869 3074 1074 3129 poenitens
1098 3086 1200 3117 con·

220 3129 415 3183 senserit,
440 3128 526 3177 live
550 3128 783 3174 consensum
814 3131 981 3175 minime
1009 3132 1202 3189 prestite-

220 3192 279 3235 rit
295 3220 311 3244 ,
329 3189 393 3234 vel
411 3189 581 3247 longum
598 3199 755 3245 tempus
780 3190 864 3246 poll
881 3191 1000 3247 ipsam
1016 3192 1202 3236 sollicita·

215 3252 377 3351 asitzpeni
391 3244 1034 3354 ῇῖῗησῐξυῗεξίῗωιίᾘῢεὶιιιίῖζ
1048 3256 1072 3297 a
1087 3254 1204 3353 Co‘n-

245 3324 266 3351 e
297 3323 387 3353 ario
507 3321 584 3365 po
611 3321 756 3364 etpo,
876 3324 1054 3364 proaia
1126 3324 1203 3354 ro.

223 3383 274 3411 na
301 3371 458 3425 peraeta
473 3366 598 3412 fiterit
615 3394 627 3408 .
643 3368 830 3411 caveant
858 3367 1019 3425 insuper
1032 3326 1203 3428 dii’iegen·

225 3435 293 3471 ter
306 3425 551 3472 Conseliarii
563 3450 580 3476 ,
593 3439 645 3470 ne
660 3424 962 3472 Paenitentibus
976 3458 991 3482 ,
1012 3442 1113 3487 quos
1127 3442 1202 3472 no-

226 3486 362 3530 verint
392 3487 468 3531 'am
492 3486 547 3531 ab
570 3485 653 3530 alio
679 3484 951 3541 sollicitatos,
976 3487 1203 3533 sacramen-

226 3545 352 3590 talem
365 3560 384 3587 a
417 3546 659 3590 mintionem
672 3546 995 3604 impertiant,nili
1010 3549 1119 3606 priua
1135 3548 1204 3593 de-

227 3606 530 3651 nuntiationem
546 3604 778 3662 proedielam
790 3605 841 3650 ad
853 3606 1037 3652 effectum
1054 3608 1206 3666 perdu-

224 3674 393 3717 aentes,
411 3664 726 3720 Delinqucntem
751 3667 1020 3713 indicaverint
1040 3681 1206 3727 compe·

227 3722 478 3782 tentiJudici
493 3749 509 3772 ,
524 3724 588 3766 vel
603 3721 741 3768 saltem
757 3727 810 3776 se,
823 3741 917 3771 cum
934 3729 1112 3785 primum
1129 3743 1203 3786 po-

223 3792 383 3840 terunt,
394 3781 612 3830 delatura·
629 3784 649 3825 s
643 3786 801 3841 pondes·
808 3796 869 3838 nt,
880 3801 927 3832 ae
942 3789 1203 3845 promittant.

738 134 902 224 Sub
971 136 1372 225 Benedifft'o
1434 138 1579 226 XI
1602 142 1706 230 V.

1306 297 1396 352 ξς.
1457 299 1511 339 Et
1525 299 1717 355 quoniam
1731 300 1903 356 improbi
1934 302 2117 345 homines
2141 299 2232 357 qui·

1250 354 1344 397 dam
1369 357 1625 412 reperiuntur
1639 361 1733 414 ‚qui
1750 360 1817 401 vel
1833 362 1931 403 odio
1946 387 1961 409 ,
1977 363 2042 404 vel
2056 365 2115 403 ira
2135 389 2149 413 ,
2163 359 2230 402 vel

1249 415 1329 457 alisi
1345 414 1512 471 indigna
1537 416 1655 459 causa
1680 418 1909 469 commoti,
1938 421 2229 463 velaliorum„

1249 475 1382 531 impiis
1410 476 1682 529 suasionibus,
1706 488 1776 520 aut
1798 477 2013 532 prorniffis,
2028 490 2097 521 aut
2110 480 2230 522 blan-

1253 534 1365 576 ditiis
1379 563 1394 587 ,
1406 544 1476 577 aut
1491 537 1610 578 minis
1626 562 1640 584 ³
1657 546 1726 578 aut
1743 536 1827 577 alio
1852 538 1997 591 quovis
2023 538 2149 580 modo
2163 539 2229 579 in-

1252 594 1395 643 citati,
1410 595 1627 637 tremendo
1655 595 1730 636 Dei
1745 594 1902 650 judicio
1916 595 2147 650 posthabito
2162 624 2177 648 ,
2189 597 2229 639 &

1252 652 1444 696 Ecclefiae
1474 654 1716 696 auc'toritate
1745 653 2013 707 contempta,
2035 655 2227 698 innoxios

1248 712 1491 755 Sacerdotes
1508 712 1616 769 apud
1632 711 1928 755 Ecclefiasticos
1949 713 2111 768 Judices
2125 712 2229 756 falsi)

1247 771 1551 814 sollicitationis
1569 771 1799 814 insimulant
1813 799 1825 815 ,.
1842 774 1902 816 Ut
1916 772 2044 827 igitur
2059 781 2143 815 tam
2158 786 2232 815 ne·

1244 829 1345 873 faria
1386 829 1554 873 audacia
1579 857 1593 880 a
1621 832 1660 872 &
1688 829 1928 873 detestabile
1957 829 2110 874 facinus
2141 843 2228 874 me-

1244 899 1289 932 tu
1325 889 1614 944 magnitudinis
1641 903 1772 946 poenae
1806 890 2048 934 coerceatur
2071 917 2086 940 2
2148 904 2229 933 uae·

1245 949 2232 1064 Stltzsstffiffisszsfsslffeiffff‘ssi'ssellsslp‘fssz

1244 1067 1481 1108 innocentes
1495 1066 1766 1110 Confessarios
1782 1067 1834 1109 im
1839 1067 1903 1123 pie
1920 1067 2232 1117 calumniando,

1244 1136 1288 1169 ut
1307 1123 1347 1166 id
1364 1125 1414 1167 ab
1431 1124 1519 1167 aliis
1535 1122 1606 1167 fiat
1622 1154 1637 1178 ,
1665 1127 1685 1169 ἑ
1702 1141 1946 1184 quocunque
1974 1126 2227 1176 Sacerdote,

1242 1184 1388 1242 quovis
1415 1184 1667 1240 privilegi0‚
1694 1188 1943 1230 auctoritate
1965 1188 2005 1229 δι
2025 1185 2231 1242 dignitate

1244 1244 1399 1287 munita
1414 1264 1430 1297 ,
1442 1254 1704 1299 praeterquam
1725 1247 1750 1290 a
1767 1246 1901 1289 Nobis
1913 1273 1928 1296 ‚
1955 1246 2229 1302 nostristque.)

1248 1302 1642 1355 succefforibus,nifi
1664 1305 1704 1345 in
1726 1301 1806 1347 fine
1831 1306 1951 1356 vitat,
1981 1306 2023 1349 δε
2047 1314 2231 1359 excepto

1247 1362 1393 1406 mortis
1406 1361 1584 1407 articulo
1594 1392 1609 1413 ,
1623 1360 1691 1417 spe
1703 1361 1969 1406 absolutionis
2000 1361 2234 1406 obtinenda:

1246 1435 1366 1478 quam
1394 1420 1555 1469 Nobis,
1572 1420 1915 1463 &successoribus
1938 1421 2140 1477 praedic‘tis
2166 1435 2235 1478 ref

1250 1481 1450 1522 servamus
1462 1503 1476 1523 ‚
1494 1480 1700 1531 perpetuo
1710 1488 1851 1520 careat
1867 1504 1878 1516 .

1308 1536 1348 1584 ᾗ.
1362 1547 1406 1588 4.
1471 1536 1646 1577 Demum
1684 1549 1934 1593 magnopere
1963 1537 2179 1594 cupientes
2209 1537 2237 1582 ὲ

1251 1591 1531 1638 Sacerdotalis
1543 1592 1694 1650 Judicii
1708 1620 1723 1643 ,
1735 1595 1772 1635 &
1785 1595 1884 1638 sacri
1901 1596 2138 1641 Tribunalis
2153 1595 2238 1640 san-

1250 1653 1394 1695 &itate
1414 1664 1580 1695 omnem
1597 1653 1861 1709 turpitudinis
1873 1657 2135 1700 occationem
2149 1685 2164 1710 ,
2194 1658 2236 1700 δε

1251 1716 1608 1757 Sacramentorum
1637 1722 1949 1770 contemptum,
1973 1729 2020 1758 ac
2042 1717 2234 1760 Ecclefiae

1252 1770 1440 1828 injuriam
1456 1770 1578 1827 longe
1593 1771 1834 1817 submovere
1845 1801 1860 1824 ,
1890 1775 1929 1816 8(
1946 1783 2029 1817 tam
2044 1774 2235 1820 seditiosa

1253 1827 1483 1886 hujusmodi
1497 1829 1603 1873 mala
1619 1834 1779 1887 prorsus
1795 1831 2025 1885 eliminare,
2037 1835 2096 1887 δι,
2109 1848 2238 1892 quan-

1253 1891 1340 1933 tum
1370 1890 1409 1931 in
1441 1890 1618 1933 Domino
1649 1889 1851 1946 possumus
1864 1921 1881 1943 ,
1903 1892 2131 1937 animarum
2162 1908 2236 1951 pe-

1254 1948 1392 1993 riculis
1405 1962 1624 1992 occurrere
1639 1978 1652 2002 ,
1683 1965 1783 2006 quas
1805 1949 1988 2007 sacrilegi
2005 1952 2204 2008 quidam-2
2224 1981 2241 2006 ,

1257 2008 1459 2051 Daemonis
1474 2011 1774 2067 potitis-,quam
1803 2012 1878 2054 Dei
1899 2010 2097 2062 Ministri‚
2130 2011 2232 2055 loco

1253 2083 1320 2111 eas
1338 2081 1408 2123 per
1421 2070 1731 2112 Sacramentum
1746 2070 1939 2114 Creatori
1957 2070 1981 2112 s
1975 2086 2030 2116 uo
2042 2100 2058 2123 ,
2079 2085 2127 2115 ac
2159 2085 2239 2115 no-

1252 2129 1334 2171 stro
1348 2126 1667 2178 reconciliandi,
1694 2128 1846 2186 majore
1863 2141 2129 2186 peccatorum
2146 2144 2236 2174 mo-

1252 2189 1292 2231 le
1306 2198 1524 2230 onerantes
1544 2215 1558 2239 ,
1579 2189 1619 2231 in
1636 2188 1889 2244 profundum
1915 2190 2145 2247 iniquitatis
2172 2190 2241 2234 ba·

1253 2247 1441 2291 ratbrum
1457 2246 1610 2290 nefarie
1632 2248 1895 2304 submergunt
1908 2275 1926 2302 ,
1941 2249 2240 2294 nonnullorum

1255 2307 1561 2351 Venerabilium
1582 2309 1770 2351 Fratrum
1787 2306 2018 2352 nostrornm
2049 2311 2089 2351 S.
2112 2311 2166 2353 R.
2183 2310 2236 2352 E.

1254 2364 1533 2411 cardinalium
1548 2393 1563 2418 ‚
1579 2367 1621 2409 ἃ·
1652 2368 1884 2424 aliquorum
1899 2367 1938 2410 in
1974 2367 2241 2424 Theologia.»

1255 2424 1542 2482 Magilirorum
1561 2426 1733 2471 consilio
1746 2425 1918 2482 desuper
1934 2426 2145 2478 adhibito,
2164 2440 2237 2470 ac·

1252 2484 1493 2530 cedentibus
1523 2499 1690 2542 quoque
1719 2487 1876 2531 iteratis
1913 2486 2095 2545 plurium
2123 2483 2240 2544 Epis:-

1251 2558 1451 2601 eoporum
1481 2543 1843 2602 supplicationibus
1858 2570 1874 2597 ,
1894 2544 1972 2588 hac
1992 2545 2128 2590 nostra
2162 2545 2241 2592 in.»

1257 2614 1500 2664 perpetuum
1522 2602 1695 2645 valitura
1711 2604 1940 2653 sanctione,
1965 2602 2237 2660 quemadmo-

1255 2665 1353 2707 dum
1365 2664 1387 2704 ὲ
1402 2661 1586 2715 pluribus
1599 2659 1808 2717 Episcopis
1822 2674 1894 2718 per
1907 2662 2136 2718 synodales
2154 2661 2238 2707 suas

1256 2719 1585 2767 constitutiones
1624 2720 1705 2775 jam
1732 2719 1879 2764 facium
1912 2719 1991 2764 effe
2011 2721 2235 2775 novimus,

1253 2778 1440 2826 omnibus
1457 2776 1670 2834 &singulis
1698 2778 1989 2824 Sacerdotibus
2002 2809 2019 2832 ,
2046 2791 2130 2825 tam
2162 2780 2239 2824 Sa:-

1258 2838 1489 2889 cularibus‚
1503 2838 1624 2894 quam
1645 2838 1922 2895 Regularibus
1938 2838 2235 2899 ,cuiuscunque

1259 2896 1430 2941 Ordinis
1446 2923 1460 2946 ‚
1485 2898 1523 2939 δι
1543 2897 1782 2953 dignitatis,
1798 2901 1955 2943 tametsi
1980 2898 2161 2958 alioquin
2190 2899 2240 2942 ad

1260 2954 1527 3003 consessiones
1542 2957 1800 3013 excipiendas
1812 2958 2048 3015 approbatis
2063 2987 2078 3012 ,
2090 2960 2132 3003 δι
2143 2972 2242 3017 quo·

1262 3018 1321 3061 vis
1337 3016 1558 3072 privilegio
1575 3044 1588 3069 ,
1606 3017 1646 3059 ὰ
1659 3017 1980 3069 indulto‚etiam
1994 3017 2157 3076 speciali
2170 3023 2251 3063 exii

1264 3076 1479 3135 prellione,
1497 3077 1539 3119 ἃ
1555 3075 1830 3133 specialillima
1856 3087 1952 3122 nota
1977 3079 2018 3122 δι
2034 3078 2242 3123 mentione

1262 3137 1386 3193 digna
1401 3133 1586 3188 suffultis,
1600 3137 1842 3182 auctoritate
1859 3137 2154 3193 Apostolum&
2168 3150 2244 3182 no·

1267 3196 1351 3240 ssrae
1367 3195 1575 3250 potestatis
1586 3194 1842 3252 plenitudine
1855 3195 2136 3241 interdicimus
2149 3224 2164 3250 ,
2197 3196 2240 3239 δι

1266 3255 1528 3313 prohibemus
1541 3284 1557 3308 ,
1575 3268 1627 3298 ne
1641 3254 1784 3312 aliquis
1799 3269 1940 3300 eorum
1964 3264 2079 3300 extra
2105 3252 2242 3299 casum

1265 3326 1455 3359 extreme
1470 3314 1727 3368 necessitatis,
1741 3314 1930 3359 nimirum
1944 3315 1984 3359 in
2005 3315 2121 3371 ipsius
2134 3329 2245 3358 mor·

1267 3375 1317 3418 tis
1332 3374 1509 3420 articulo
1526 3402 1541 3427 ,
1561 3376 1602 3418 δι
1618 3373 1838 3419 deficiente
1862 3384 1962 3420 tune
1990 3387 2241 3431 quocunque

1266 3435 1349 3479 alio
1373 3432 1625 3484 Sacerdote,
1637 3435 1704 3491 qui
1719 3429 1958 3479 confessarii
1982 3446 2130 3478 munus
2151 3435 2244 3478 obi·

1266 3510 1311 3539 re
1326 3493 1441 3551 pollis
1456 3522 1471 3548 ,
1491 3491 1782 3539 conseilionem
1807 3490 2134 3537 (iteramentalcm
2150 3507 2244 3551 per-

1267 3556 1368 3599 sone
1392 3552 1602 3612 complicis
1630 3555 1670 3598 in
1685 3559 1854 3611 peceato
1867 3553 2008 3609 turpi,
2036 3564 2158 3610 atque
2185 3553 2244 3598 in.

1267 3611 1439 3658 honesto
1453 3622 1597 3659 contra
1614 3610 1768 3658 {extum
1786 3611 1981 3669 Decalogi
1998 3622 2242 3671 praceptum

1265 3671 1476 3717 commisso
1490 3700 1507 3727 ‚
1527 3675 1718 3731 excipere
1746 3669 1892 3715 audeat
1909 3700 1926 3724 ,
1959 3670 2117 3718 sublata
2143 3686 2247 3729 pro·

1268 3742 1408 3788 pterea
1436 3730 1499 3775 illi
1528 3731 1613 3789 ipso
1624 3730 1715 3789 jure
1726 3744 1967 3788 quacunque
1996 3732 2242 3776 auetoritate

1265 3791 1306 3834 ὰ
1321 3788 1595 3849 jurisdielione
1619 3789 1670 3837 ad
1683 3791 2008 3849 qualemcunque
2036 3790 2245 3898 persotgtm

2137 3864 2158 3892 a
