2444 4192
368 192 530 254 120

299 322 364 369 (eu
377 325 735 370 commendatoriis
759 323 914 375 libere,
942 322 1116 381 cujusvis
1145 324 1271 381 impe-

298 386 473 430 dimenti
484 387 649 430 sublato
664 383 876 428 obstaculo
890 411 905 434 ‚
930 395 1268 440 quorumcunque

294 443 387 501 ipfis
403 447 615 490 Fratribus
629 444 819 487 confiteri
835 442 1062 484 volentium
1076 443 1183 486 infra
1197 446 1267 486 hu.

291 502 464 562 jusmodi
476 506 682 550 Civitates
693 506 735 547 &
744 501 950 545 Dioeceses
963 530 982 552 ‚
999 515 1266 559 'quocumque

293 564 389 607 loco
414 567 456 608 δι
480 576 696 619 ternpore,
724 563 837 620 juxta
865 558 1042 603 formam
1055 562 1268 606 Constitu·

293 623 420 667 tionis
444 624 651 667 antedicta
681 651 697 674 ‚
734 619 998 664 confeffiones
1025 621 1198 672 audire,
1225 622 1266 664 δι

292 681 466 739 ipsorum
482 679 796 725 confeffionibus
822 681 874 722 fic
896 679 1047 723 auditis
1063 709 1079 733 ‚
1101 682 1159 724 eis
1187 695 1265 738 pro

291 741 503 784 commiffis
517 769 532 791 ‚
545 738 810 781 absolutionis
834 737 1080 783 beneficium
1106 741 1264 796 impen-

290 801 408 850 dere,
424 804 462 843 &
476 798 743 854 poenitentias
757 798 838 839 ἃς.
853 798 987 842 libere
1002 801 1262 855 permittant:

287 874 451 903 necnon
484 857 695 901 licentiam
730 857 963 902 concedere
990 872 1072 901 non
1097 858 1262 916 postpo-

291 930 390 962 nant
403 947 416 957 .

404 974 573 1020 Praelati
596 976 699 1020 vero
723 978 766 1020 ἃ
791 979 989 1022 Κεᾶοτες
1016 977 1232 1035 Γυρτειάἰέὶί
1249 1003 1264 1026 ,

288 1032 607 1092 quotiescunque
624 1050 697 1091 per
710 1050 783 1078 vos
795 1062 810 1084 a
823 1038 891 1079 vel
907 1037 1067 1093 aliquos
1084 1063 1099 1085 ‚
1113 1037 1176 1078 seu
1189 1036 1267 1077 ali·

288 1107 406 1152 quem
418 1091 716 1143 vesti-umnam
729 1095 768 1135 ἃ
783 1095 1034 1150 temporibus
1051 1094 1265 1149 congruis,

289 1153 574 1209 conjunctim,
605 1153 671 1194 vel
701 1151 860 1194 divisim
884 1152 1002 1208 super
1016 1155 1095 1195 hoc
1115 1151 1269 1195 fuerint

489 1205 943 1327 ’fise‘ffz‘gz‘szsffisszg‘i
954 1210 1270 1326 ῆὲεὴὲῐέῑεῖξῑε

283 1332 422 1375 facere
437 1341 670 1388 procurent
684 1356 700 1378 a
721 1344 851 1387 eaque
872 1328 1027 1373 faciant
1042 1329 1268 1374 inviolabi-

288 1392 390 1434 liter
416 1391 649 1434 observari.
680 1389 906 1434 Districlit‘is
929 1390 1165 1434 inhibentes
1190 1388 1267 1432 cis-

290 1450 385 1493 dem
397 1448 632 1492 Ordinariis
648 1449 878 1495 &Praelatis
903 1449 978 1493 sub
1007 1463 1131 1507 poena
1154 1460 1267 1491 ante·

290 1508 429 1557 dieta,
448 1521 504 1551 ne
534 1522 606 1565 per
630 1509 812 1564 ipsorum
842 1509 1003 1552 litteras
1030 1508 1267 1553 velalium.»

288 1581 580 1624 quemcunque
592 1566 760 1613 modum
773 1596 789 1619 ‚
802 1569 959 1613 diree't'e
977 1567 1042 1610 vel
1055 1569 1268 1616 indirecft'e,

287 1626 460 1683 publice
479 1626 544 1669 vel
557 1627 730 1671 occulte
743 1657 759 1680 ‚
771 1628 917 1684 quovis
928 1626 1091 1684 quaefito
1105 1627 1271 1677 colore,

297 1697 370 1727 vos
384 1714 399 1738 ,
430 1685 495 1728 vel
515 1685 696 1741 aliquem
716 1686 890 1730 vestrum
904 1685 1152 1744 impediant,
1165 1701 1272 1744 quo·

300 1746 435 1787 minus
464 1743 488 1786 a
515 1742 714 1800 pra-dictis
737 1745 937 1800 subditis,
978 1748 1090 1790 omni
1120 1747 1271 1791 loco&

293 1814 483 1859 tempore
498 1830 514 1853 ,
530 1803 763 1860 hujusmodi
773 1804 1048 1862 eleemosynas
1060 1835 1076 1860 ,
1088 1808 1130 1850 δι
1142 1806 1273 1851 cbari-

297 1862 398 1905 tatis
413 1860 582 1905 sublidia
596 1877 676 1920 pro
697 1864 790 1907 vitae
813 1864 1106 1909 sustentatione
1132 1878 1272 1923 perere

292 1922 336 1964 δι
361 1921 555 1978 recipere
580 1923 752 1966 valeatis
776 1951 790 1964 .
821 1923 1025 1966 Volumus
1046 1924 1207 1981 insuper
1234 1925 1273 1966 ἃ.

296 1980 545 2024 auctoritare
556 1980 797 2036 Apostolica
807 1981 1038 2035 statuimus,
1048 1985 1160 2039 quod
1174 1998 1275 2040 prae·

291 2038 468 2083 sentatio
492 2039 619 2083 semel
642 2040 742 2083 facta
761 2041 993 2083 Ordinariis
1018 2044 1058 2082 δι
1088 2043 1272 2084 Praelatis

295 2098 517 2141 antedictis
557 2097 611 2139 de
639 2097 874 2153 hujusmodi
900 2098 1115 2141 Fratribus
1157 2097 1273 2154 super

294 2154 616 2201 confcffionibus
630 2169 705 2213 per
718 2170 786 2201 eos
798 2186 814 2209 ,
825 2167 871 2200 ut
890 2158 1157 2214 praemittitur
1173 2185 1190 2208 ,
1201 2170 1269 2198 au-

293 2214 483 2268 diendis,
509 2216 704 2272 quamdiu
726 2216 767 2257 in
781 2215 1085 2261 Civitatibus&
1104 2215 1272 2255 Dioece-

293 2275 401 2318 fibns
413 2300 429 2322 ‚
454 2271 507 2314 ad
520 2285 619 2328 quas
632 2269 858 2327 praestntati
874 2269 1025 2314 fuerint
1040 2301 1056 2324 ,
1085 2271 1272 2328 persevc-

292 2333 506 2379 nverint‚
529 2328 729 2373 sufficiat.
761 2330 827 2370 Dc
852 2342 932 2385 qua
959 2329 1272 2386 presentatione

294 2391 324 2436 fi
339 2390 463 2433 alicui
491 2388 532 2429 in
550 2388 722 2430 dubium
738 2396 975 2431 verteretur
987 2417 1004 2440 ‚
1032 2387 1204 2431 sufficiat
1230 2385 1275 2428 fi·

295 2451 392 2494 dem
417 2447 549 2491 faeere
578 2459 651 2503 per
666 2444 957 2491 testimoniales
974 2447 1135 2492 litteras
1151 2445 1276 2491 Mini-

293 2509 365 2554 ssri
390 2516 463 2551 aut
478 2502 675 2550 eustodis
686 2518 765 2561 pro
777 2513 965 2563 tempore
978 2538 995 2562 ‚
1023 2506 1093 2550 ubi
1106 2508 1275 2550 Fratres

297 2569 354 2614 fic
380 2562 612 2623 presentati
639 2577 797 2607 moram
822 2566 1024 2621 trahunt3
1050 2565 1168 2620 super
1192 2578 1276 2620 quo

294 2624 479 2687 ipsorum
495 2623 669 2667 Ministri
694 2624 735 2665 δι
756 2623 984 2670 Custodum
1008 2624 1275 2669 conscientias

302 2695 520 2730 oneramus
540 2695 554 2722 ι
577 2681 851 2739 apostolicis,
877 2698 925 2729 ac
948 2683 1277 2730 Provincialibus

300 2747 341 2790 ει
375 2741 650 2801 synodalibus
677 2742 1054 2791 Constitutionibus
1074 2770 1091 2794 ‚
1121 2743 1163 2786 δι
1187 2743 1276 2787 aliis

304 2801 527 2849 contrariis
558 2813 640 2844 non
665 2800 915 2846 obstantibus
938 2831 952 2846 .
997 2805 1278 2849 Decerncntcs

307 2877 358 2910 ex
374 2874 473 2906 tunc
490 2860 651 2903 irritum
663 2859 743 2902 &c-
755 2861 977 2919 contigerit
991 2863 1190 2908 attentari
1207 2892 1219 2904 .

428 2923 583 2964 Datum
605 2920 747 2963 Roma
759 2920 866 2977 apud
881 2923 923 2966 S·
934 2923 1104 2967 Petrum
1117 2924 1170 2967 Χ.
1187 2921 1282 2967 Kal.

307 2980 419 3042 junii
431 2974 702 3026 Pontificem:
718 2978 847 3025 nostri
861 2982 988 3026 Anno
999 2984 1124 3028 xut-

373 3095 522 3157 Regest.
544 3098 722 3144 vutm.
748 3098 987 3145 uanam
1007 3104 1162 3165 ipso}-
1186 3115 1279 3162 134·

312 3158 562 3219 valdengur
574 3165 670 3205 ton.
685 3171 727 3216 9.
742 3159 978 3223 Anna-sol.
992 3175 1048 3219 ⁴⁷
1054 3176 1093 3210 a.

850 164 1009 251 Sub
1076 161 1474 280 Bonifacio
1537 165 1699 251 IX.

1330 327 1515 380 Festum
1547 330 1597 379 S.
1613 323 1807 378 Antonii
1842 321 2054 372 Patavini
2085 321 2110 371 a
2130 318 2303 369 Fratri-

1400 401 1485 449 bus
1504 399 1700 450 Ordinis
1727 399 1966 445 Minorum
1981 428 1997 451 ,
2014 411 2066 442 ac
2085 390 2303 442 Moniali-

1399 470 1484 520 bns
1501 467 1694 521 Ordinis
1710 468 1916 518 S.Clarae
1934 465 2173 513 annuatim
2193 477 2302 511 cum

1398 541 1584 593 Ostava
1601 539 1820 595 celebrari
1835 533 2022 585 mandat
2036 568 2054 591 ,
2082 532 2133 583 <St
2157 532 2306 582 omni-

1393 612 1476 663 bus
1500 608 1885 664 christifidelibus
1903 641 1919 665 ,
1950 606 2031 673 qui
2058 616 2163 651 tum
2193 601 2301 651 die,

1392 682 1506 734 festo
1534 720 1551 743 ,
1585 699 1689 734 tum
1718 680 1878 730 diebus
1906 673 2262 745 petoftavarn
2283 707 2300 730 ,

1395 754 1694 805 celebrationi
1726 749 1891 802 Officii
1920 746 2197 817 poenitentes
2250 740 2303 794 &

1396 822 1584 874 confesti
1609 826 1866 874 intererunt
1884 856 1900 880 ,
1929 834 2100 868 annum
2132 831 2302 872 unum,

1398 894 1446 946 ἃ
1465 895 1773 967 quadraginta
1799 892 1895 943 dies
1926 890 1983 940 de
2013 886 2298 959 poenitentiis

1399 966 1610 1030 injunstis
1630 968 1804 1015 relaxat
1817 999 1831 1014 .
1977 974 1980 978 ’

1391 1066 1821 1134 BoNffAcms
1857 1051 2243 1131 *EPISCOPU'S-

1506 1152 1684 1192 Ssavus
1718 1147 1977 1188 SsRvoRuM
2011 1142 2150 1182 Dan·
2182 1144 2186 1147 ’

1475 1217 1545 1262 Ad
1559 1225 1798 1275 perpetuam
1810 1215 1872 1260 rei
1899 1210 2128 1258 memoriam
2142 1237 2156 1251 .
2243 1266 2247 1271 ·

1427 1331 1546 1381 tum,
1572 1329 1614 1370 &
1635 1328 1851 1373 honestum
1876 1323 1954 1371 else
1982 1322 2229 1368 censemus2
2260 1325 2306 1361 ut

1449 1403 1552 1447 quos
1567 1390 1677 1432 Deus
1692 1389 1843 1433 merito
1859 1383 2095 1430 SanCtitatis
2109 1386 2303 1444 coronat,

1328 1451 1366 1492 δι
1389 1450 1565 1492 honorat
1580 1451 1619 1492 in
1634 1449 1755 1492 coelis
1770 1476 1785 1499 ,
1810 1450 1900 1491 Nos
1915 1443 2054 1486 officio
2069 1448 2313 1484 veneratio-

1329 1510 1389 1550 nis
1407 1507 1566 1551 laudari
1582 1537 1597 1561 ‚
1625 1510 1666 1550 δι
1681 1506 1906 1563 glorificari
1934 1501 2127 1545 faciamus
2154 1499 2202 1542 in
2216 1505 2311 1540 ter-

1329 1569 1389 1610 ris
1407 1596 1418 1608 .
1447 1567 1557 1610 Hinc
1571 1566 1628 1608 est
1643 1595 1659 1619 ,
1682 1563 1792 1623 quod
1812 1568 1901 1609 Nos
1924 1564 2176 1607 dilectorum
2196 1554 2310 1599 filio-

1332 1641 1421 1670 rum
1448 1625 1622 1670 Henrici
1650 1624 1825 1668 Ministri
1852 1622 2072 1669 Generalis
2098 1646 2114 1668 s
2143 1620 2185 1659 ἃ
2211 1618 2316 1682 Fra-³

1333 1697 1440 1730 trum
1455 1683 1625 1728 Ordinis
1638 1684 1852 1727 Minoi-um
1868 1683 1908 1724 in
1923 1684 2000 1724 hac
2015 1687 2131 1735 parte
2163 1673 2313 1775 su‘ppli-

1332 1742 1566 1789 cationibus
1580 1742 1798 1796 inclinati,
1828 1740 2075 1785 aufioritate
2102 1738 2198 1792 Apo
2231 1732 2315 1802 oli-'-

1331 1820 1379 1850 ca
1394 1835 1407 1858 ,
1421 1814 1568 1848 tenore
1583 1800 1841 1862 praesentium
1855 1800 2071 1844 statuimus
2088 1823 2104 1846 s
2131 1797 2168 1837 &
2187 1803 2314 1836 etiam

1334 1864 1572 1908 ordinamus
1588 1892 1603 1916 ,
1631 1873 1675 1906 ut
1703 1864 1758 1906 de
1771 1871 1923 1906 caetero
1934 1855 2149 1917 perpetuis
2162 1850 2316 1895 futuris

1335 1925 1594 1981 temporibus
1608 1948 1624 1972 2
1651 1924 1691 1965 in
1709 1920 1905 1966 Ecclesiis
1920 1949 1936 1972 ,
1966 1916 2169 1962 Domibus
2183 1935 2199 1960 s
2216 1911 2317 1954 ΜΟ·

1335 1984 1516 2028 nasteriis
1532 2012 1549 2033 ,
1577 1985 1615 2023 &
1643 1981 1751 2022 locis
1768 2007 1783 2029 ,
1810 1989 1892 2020 tam
1920 1972 2098 2033 praedicti
2114 2001 2132 2025 ,
2158 1968 2315 2028 quim.-

1335 2045 1383 2083 s.
1409 2038 1570 2087 Clare,
1595 2040 1637 2080 δι
1666 2033 1971 2081 Minoriffarum
1995 2032 2201 2077 ordinum
2227 2029 2319 2071 ubi·

1335 2112 1511 2155 cumque
1525 2098 1607 2141 litis
1621 2128 1636 2150 ,
1651 2098 1766 2140 annis
1780 2095 1942 2153 fingulis
1957 2093 2101 2139 festum
2116 2094 2159 2136 S·
2177 2092 2318 2133 Anto-

1334 2157 1390 2199 nii
1403 2157 1456 2200 de
1474 2156 1610 2200 Padua
1626 2184 1642 2207 ,
1666 2157 1736 2211 qui
1755 2155 1852 2197 dini
1866 2154 2038 2197 Ordinis
2066 2148 2320 2203 minorum-i

1331 2211 1535 2256 Proseffor
1549 2213 1691 2255 extitit
1706 2238 1722 2260 ,
1735 2225 1832 2253 cum
1847 2221 1938 2253 tota
1954 2212 2110 2252 octava
2122 2234 2137 2256 ,
2159 2206 2226 2249 vet
2243 2218 2319 2261 per

1333 2274 1426 2315 octo
1439 2270 1529 2314 dics
1542 2270 1674 2328 ipsum
1699 2267 1845 2313 festum
1876 2268 2115 2312 immediate
2145 2265 2318 2323 sequen-

1335 2342 1426 2383 tes,
1453 2344 1548 2374 cum
1577 2330 1660 2374 illis
1678 2329 1957 2381 celebritate,
1986 2329 2027 2371 δι
2053 2325 2318 2371 solemnitate

1336 2389 1600 2439 celebretur,
1618 2402 1711 2431 cum
1728 2390 1874 2446 quibus
1896 2388 2036 2431 sellum
2062 2400 2155 2431 cum
2172 2387 2320 2435 octava

1335 2446 1629 2504 Affumptionis
1658 2450 1704 2490 B.
1720 2450 1861 2492 Maria
1886 2447 2068 2504 Virginis
2097 2447 2215 2490 annis
2238 2446 2318 2487 sin-

1336 2506 1441 2565 gulis
1455 2508 1495 2549 in
1512 2508 1588 2550 Dei
1607 2506 1787 2551 Ecclefia
1804 2507 2074 2558 celebratur3
2095 2502 2320 2550 distristius

1336 2566 1569 2610 inhibentes
1587 2566 1787 2609 Ministris
1803 2594 1818 2618 ,
1848 2563 2103 2609 Guardianis
2118 2593 2133 2617 ,
2164 2565 2207 2609 δι
2228 2565 2320 2608 Cu-

1336 2625 1520 2672 ssodibus
1535 2652 1551 2677 ,
1563 2623 1800 2680 ceterisque
1813 2624 2028 2667 Fratribus
2065 2622 2292 2665 Minoribus
2305 2648 2322 2673 ,

1337 2699 1414 2733 nec
1429 2697 1508 2729 non
1524 2682 1739 2728 Abbatiffis
1753 2712 1769 2736 ,
1785 2680 2035 2726 Monialibus
2048 2707 2063 2733 2
2080 2681 2120 2724 ει
2135 2680 2333 2738 personis·

1337 2746 1453 2791 diae
1468 2747 1512 2789 S.
1527 2743 1663 2787 Clarae
1680 2739 1985 2787 Minoriss'arum
2011 2739 2248 2790 Ordinum,
2278 2742 2320 2782 iu
2387 2735 2404 2778 .’

1340 2805 1498 2851 virtute
1516 2805 1667 2848 Sanssae
1693 2801 1986 2854 obedientie,
2014 2806 2062 2843 ut
2092 2796 2321 2845 statutum..

1341 2868 1381 2911 δε
1395 2864 1704 2908 ordinationem
1718 2859 1953 2919 hujusmodi
1977 2857 2161 2902 studeant
2188 2858 2320 2903 invio-

1342 2924 1526 2970 labiliter
1537 2921 1757 2967 observare
1769 2933 1782 2964 t
1798 2920 1955 2964 statutis
1964 2943 1980 2968 s
2001 2919 2041 2961 δι
2053 2917 2320 2964 consuctudi-

1342 2985 1462 3031 nibus
1475 2983 1679 3027 dictorum
1694 2980 1899 3026 ordinum
1912 3004 1928 3029 2
1941 2977 1982 3021 δι’
1993 2976 2084 3022 aliis
2097 2977 2318 3023 contrariis

1342 3060 1424 3092 non
1447 3042 1704 3087 obstantibus
1718 3038 2024 3096 quibuscunque
2037 3067 2049 3080 .
2064 3038 2117 3081 Et
2130 3046 2177 3083 ut
2191 3037 2317 3083 Chri·

1345 3103 1532 3151 ssifideles
1560 3100 1679 3146 Missis
1692 3130 1708 3156 ‚
1728 3103 1767 3145 &
1781 3099 1871 3144 aliis
1904 3096 2053 3143 divinis
2067 3096 2224 3142 Officiis
2242 3096 2318 3140 ἔτι.»

1345 3162 1624 3213 Ecclefiis‚&
1644 3161 1749 3206 locis
1773 3156 1971 3218 predicti·
1987 3183 2003 3209 ,
2028 3156 2071 3199 in
2100 3156 2250 3208 Festo,
2278 3156 2319 3198 δι

1345 3239 1419 3285 per
1435 3232 1566 3268 totam
1579 3223 1777 3267 Octavam
1793 3212 2023 3275 hujusmodi
2050 3213 2146 3258 dieti
2174 3218 2215 3259 s.
2230 3216 2320 3258 An-

1347 3283 1457 3330 tonii
1486 3277 1747 3328 celebrandis
1764 3308 1782 3332 ,
1806 3273 2002 3321 devotius
2030 3272 2218 3318 intercise
2249 3287 2319 3318 cu-

1350 3345 1463 3402 piant
1479 3371 1495 3397 ‚
1508 3340 1697 3389 omnibus
1715 3335 1814 3383 vere
1833 3333 2148 3395 poenitentibus,
2165 3334 2203 3378 δι
2217 3347 2321 3376 con-

1351 3401 1456 3448 feffis
1472 3430 1487 3456 ‚
1511 3401 1582 3462 qul
1607 3395 1879 3444 celebrationi
1909 3392 2136 3450 hujusmodl
2166 3394 2322 3437 intere·

1351 3472 1497 3508 rerunt
1508 3488 1525 3515 ‚
1537 3473 1662 3506 unum
1674 3468 1849 3506 annum,
1876 3454 1917 3497 dt
1940 3453 2208 3512 quadraginta
2229 3453 2319 3497 dies

1349 3518 1606 3578 deinjunssls
1630 3519 1686 3563 eir
1814 3513 1969 3559 itentiis
1998 3513 2319 3559 misericorditer

1350 3581 1585 3627 relaxamus
1598 3604 1611 3619 .
1633 3580 1702 3622 Nu
1724 3576 1753 3621 ll
1773 3587 1872 3634 ergo
1888 3574 1965 3619 ecc.

1468 3639 1620 3684 Datum
1638 3637 1783 3681 Rome
1797 3633 1903 3693 apud
1921 3637 1960 3679 S.
1978 3635 2146 3679 Petrum
2178 3632 2319 3680 Idibus

1350 3693 1693 3745 Dec.Pontificat.
1708 3694 1834 3740 nostri
1848 3698 1969 3739 Anno
1982 3695 2319 3751 Decimoquarro·

1407 3755 1622 3801 Arcadum
1636 3755 1864 3799 Vulcanum
1875 3755 1945 3799 tib.
1958 3759 2089 3799 namu
2108 3751 2318 3811 usu-59·

1468 3815 1711 3875 Waddt‘ngm
1728 3825 1864 3874 tem-9.
1884 3812 2238 3916 Αηηαῌοῗιιῖἆο
