2444 4192
712 149 878 233 Sub
941 152 1287 264 Gregorio
1347 146 1501 235 X--l
1530 148 1631 233 V·

195 296 344 347 litteris
369 292 636 351 Apostolicis,
655 293 849 348 indultis,
865 306 935 340 aut
961 300 1144 343 declara-

194 354 369 404 tionibus
396 367 475 396 non
502 353 745 396 obstantibus
771 354 962 405 excludi,
997 371 1042 398 ac
1067 355 1143 400 dit:

191 412 436 474 pensationes
456 411 708 470 quascunque
720 439 734 462 ,
745 421 814 453 aut
826 411 1136 466 legitimationes

191 486 271 518 non
292 470 496 528 suffragari
512 500 527 523 ‚
552 485 680 527 neque
705 467 745 512 in
761 467 939 512 futurum
953 483 1043 511 cum
1057 471 1134 518 his,

189 532 263 578 nifi
295 531 317 573 a
331 529 435 573 Sede
451 529 708 586 Apostolica,
735 525 960 580 Privilegiis
982 528 1142 580 quibus-

187 602 362 645 cumque
387 603 464 632 non
475 588 719 632 obstantibus
732 614 746 638 ,
763 583 984 642 dispensare
996 582 1141 638 posse...

186 648 350 701 voluit3
378 647 614 691 auctoritate
635 644 862 703 Apostolica
892 653 1035 685 tenore
1046 656 1142 697 prae-

185 705 360 750 sentium
390 706 440 750 ad
472 706 666 751 terminos
693 703 787 763 juris
809 701 1038 746 reducimus
1055 727 1070 751 ,
1099 701 1140 743 δι

186 764 475 816 moderamur,
505 779 552 807 ac
579 777 711 810 omnes
730 759 1044 818 'dispensationes
1059 788 1075 810 ,
1100 760 1141 801 8ι

183 823 485 867 habilitationes
520 823 658 880 vigore
682 819 983 878 privilegiorum
1013 844 1028 867 ,
1071 828 1139 860 aut

181 880 438 924 indultorum
468 880 794 937 Apostolicorum
824 878 950 922 cuivis
972 876 1136 927 Ordini,

180 939 405 995 Religioni,
425 939 665 983 Monasserio
676 966 691 990 ,
705 946 771 981 aut
786 935 1104 992 Congregationi
1121 960 1136 983 ‚

180 1011 377 1043 eorumve
391 998 671 1053 Superioribus
683 997 723 1040 in
738 1009 899 1052 genere,
917 995 983 1039 vel
999 995 1038 1038 in
1053 995 1138 1050 spe-

181 1058 247 1101 cie
261 1085 279 1108 ,
293 1065 335 1098 ut
351 1055 561 1114 praefertur
574 1083 588 1106 ,
602 1055 872 1100 concessorum
886 1082 900 1104 ,
929 1068 1015 1111 quae
1036 1063 1137 1096 tem-

180 1128 284 1176 pore
309 1114 655 1158 Constitutionum
686 1113 913 1169 hujusmodi
935 1112 1002 1155 usu
1029 1125 1138 1155 rece-

180 1182 283 1231 pta,
312 1173 352 1215 &
382 1186 458 1216 non
481 1171 550 1214 sub
581 1173 670 1216 ullis
701 1172 788 1214 aliis
801 1171 1137 1218 revocationibus

176 1230 466 1285 comprehensa
479 1240 614 1287 erunt,
626 1242 697 1283 per
718 1230 973 1285 quoscunque
992 1241 1134 1272 eorum

178 1289 410 1343 Superiores
438 1286 587 1340 factas,
615 1289 657 1329 in
683 1287 887 1342 pristinum
917 1288 1061 1330 statum
1091 1287 1132 1328 δι

179 1347 433 1392 validitatem
445 1375 460 1398 ,
475 1345 514 1390 in
528 1345 670 1403 quibus
685 1354 778 1389 ante
808 1342 908 1402 ipsas
919 1344 1129 1390 Constitu·

180 1406 314 1451 tiones
349 1404 568 1450 existebant
595 1429 610 1453 ‚
639 1403 879 1448 restituimus
907 1406 947 1448 &
977 1404 1129 1448 reinte-

182 1477 342 1523 gramus
355 1493 366 1505 .
383 1463 602 1514 Volentes,
612 1458 752 1505 iisdem
768 1461 1136 1506 Constitutionibus

182 1536 269 1567 non
280 1521 524 1566 obstantibus
537 1550 551 1574 ‚
565 1533 650 1573 eos,
662 1520 731 1577 qui
741 1522 888 1578 quovis
907 1521 1033 1565 modo
1046 1520 1138 1563 ille-

213 1582 319 1624 itimi
335 1581 537 1637 procreati
551 1578 717 1632 fuerint,
730 1577 781 1622 ad
796 1579 974 1624 habitum
988 1582 1028 1623 &
1043 1593 1138 1636 pro-

182 1597 388 1685 ?effionem
402 1639 623 1694 Regulares
637 1638 798 1681 admitti
812 1636 933 1695 poffe,
946 1637 1139 1696 quemad-

183 1697 347 1743 modum
376 1696 548 1740 admitti·
578 1704 766 1753 poterant
795 1722 810 1745 ‚
853 1695 878 1738 fi
914 1696 1140 1753 supradidiae

184 1755 504 1800 Constitutiones
519 1754 634 1799 editae
664 1768 743 1797 non
755 1752 911 1798 fuiffent
941 1783 952 1795 .
983 1758 1045 1798 lta
1076 1764 1138 1797 ta-

182 1827 273 1860 men
283 1843 300 1866 ,
313 1824 374 1866 ut,
387 1827 480 1858 cum
495 1814 546 1858 de
561 1812 800 1870 recipiendis
824 1814 1138 1869 quomodocum-

189 1885 271 1930 que
287 1871 497 1926 illegitime
514 1873 614 1916 natis
645 1870 696 1916 ad
709 1871 892 1915 habitum
915 1875 956 1916 δι
982 1871 1136 1928 profes-

186 1928 340 1976 fionem
353 1929 548 1972 Ordinum
561 1942 907 1985 quorumcumque
923 1941 1079 1988 agetur,
1091 1932 1137 1979 ii,

187 1989 240 2034 ad
252 2001 353 2045 quos
371 1985 595 2044 hujusmodi
609 1986 786 2044 receptio
801 1987 948 2042 speetat
962 2016 977 2040 ,
995 1997 1138 2044 praeter

190 2048 268 2092 alia
281 2075 296 2099 ,
309 2046 361 2089 de
372 2045 514 2103 quibus
529 2059 577 2088 ex
595 2045 788 2089 dictarum
799 2046 1144 2090 Constitutionum

186 2114 390 2164 pra-cepto
403 2104 512 2146 circa
521 2104 914 2160 quostunque,etiam
930 2103 1142 2159 legitimos,

188 2163 408 2219 disquirere
422 2163 588 2212 debent,
600 2161 818 2215 diligenter
831 2177 972 2204 eorum
991 2163 1115 2204 vitam
1126 2189 1141 2213 ‚

189 2221 233 2264 δι
245 2232 376 2264 mores
387 2219 590 2273 inquirant
600 2245 616 2269 ,
629 2220 734 2260 &ita
746 2217 910 2261 demum
923 2219 1136 2274 recipiant,

183 2278 358 2324 litamen
375 2277 519 2320 bonam
534 2275 716 2319 indolem
732 2302 747 2326 ‚
775 2278 813 2319 δι
829 2277 992 2321 virtutis
1012 2276 1135 2332 speci·

183 2348 276 2382 men
290 2332 542 2394 praeseferant
557 2362 571 2386 ,
599 2349 649 2378 ac
675 2342 740 2379 tot
764 2335 821 2378 eis
836 2337 981 2378 merita
1005 2334 1133 2377 suffra·

184 2403 337 2454 gentur
355 2420 371 2445 ,
386 2403 432 2438 ut
450 2391 658 2439 Natalium
691 2392 895 2449 suppleant
908 2391 1108 2436 defectum
1122 2421 1136 2444 ,

183 2452 1140 2568 33:¹32&‘gizffiss’m50352522‘0ff‘s’35’4

183 2573 267 2616 hoo
285 2571 298 2613 i
328 2568 372 2612 so
386 2568 427 2621 ii,
441 2568 493 2612 ad
513 2582 630 2623 quos,
641 2578 686 2613 ut
699 2568 849 2613 dietum
862 2569 919 2613 est
931 2598 948 2622 ,
963 2570 1139 2627 pertinet

183 2630 215 2678 h
236 2627 258 2640 ““
343 2628 411 2672 odi
426 2628 784 2686 receptimmatura
798 2627 1138 2675 deliberatione.)

189 2687 217 2731 lt
273 2686 403 2737 itaxita
414 2685 643 2731 censitetint
661 2687 702 2730 δι
714 2685 980 2742 judicaverint
995 2687 1137 2739 ,dum-

190 2744 322 2788 modo
343 2752 477 2787 tamcn
493 2741 596 2792 filius
626 2743 861 2800 illegitimus
893 2747 933 2788 in
956 2745 1138 2802 Religio.

186 2817 267 2852 ne,
280 2802 544 2857 ioquaPater
558 2801 666 2853 ,five
677 2812 772 2846 ante
782 2831 798 2853 ,
828 2805 908 2845 ssve
925 2803 1012 2860 post
1033 2805 1140 2846 nati-

188 2861 359 2905 vitatem
373 2857 468 2903 dieti
481 2856 555 2900 filii
579 2857 767 2914 profeffus
795 2857 942 2911 fuerit,
969 2862 1051 2918 ipso
1066 2863 1139 2904 Pa-

186 2927 255 2964 tre
263 2919 448 2967 rivente,
460 2929 541 2961 non
552 2915 788 2962 admittatur
799 2918 934 2974 ,quod
956 2919 1141 2977 expresse

187 2978 450 3037 probibemus
466 3003 481 3018 .
582 3030 584 3034 .
979 3017 981 3019 .

308 3035 507 3088 Volumus
518 3046 676 3092 quoque
691 3048 737 3079 ae
750 3034 962 3079 statuimus*
973 3036 1138 3084 licerea

190 3094 416 3147 Generali,
442 3103 515 3137 aut
531 3092 782 3146 Provinciali
797 3093 1037 3149 singulorum
1057 3098 1138 3138 Or.

189 3153 331 3199 diuum
344 3183 362 3206 ,
387 3162 454 3197 aut
468 3152 844 3209 congregationum
858 3180 875 3204 ,
903 3161 974 3196 aut
995 3151 1142 3208 Hospi-

186 3211 364 3271 talium,
399 3210 451 3254 ad
467 3225 569 3268 quos
600 3210 704 3255 dicta
733 3210 964 3266 dispensatio
995 3212 1141 3267 speflat

193 3269 302 3325 jona
331 3278 515 3314 tenorem
546 3269 878 3326 privilegiorum,
900 3270 938 3311 &
962 3269 1137 3313 indulto-

194 3327 628 3385 'rd‘QApostolicorum
645 3329 700 3371 eis
724 3324 996 3371 concefforum
1010 3353 1027 3377 2
1056 3342 1139 3385 quae

198 3382 414 3443 dummodo
443 3388 512 3431 usu
528 3395 711 3442 recepta,
739 3400 814 3429 nec
838 3385 934 3430 alias
947 3384 1016 3428 sub
1045 3387 1141 3429 ullis

198 3444 520 3490 revocationibus
532 3443 816 3499 comprehensa
847 3443 948 3494 sint,
979 3451 1024 3486 ut
1041 3459 1140 3500 prae-

200 3496 408 3566 (ςῐξιιιζᾴ-,ὶιι
426 3505 506 3549 hac-
524 3515 638 3561 parte
659 3503 932 3547 revalidamus
947 3517 1038 3544 cum
1052 3503 1140 3546 ille·

201 3567 352 3613 gnum*
370 3584 389 3607 a
410 3574 506 3617 quos
535 3561 631 3608 alias
655 3563 783 3606 diftus
814 3560 1028 3605 Generalis
1069 3570 1138 3604 aut

201 3613 484 3666 Pfo'incialsss
491 3633 581 3664 cum
593 3622 783 3676 generali,
795 3618 1030 3678 provinciali
1047 3648 1060 3670 ,
1073 3619 1138 3662 seu

202 3673 669 3733 intermedioCapitul'o,
704 3682 744 3722 &
767 3694 846 3723 non
859 3679 954 3723 alias
972 3707 986 3729 ,
1001 3677 1134 3722 suffra„

205 3730 387 3788 gantibus
415 3733 569 3781 meritis
595 3737 739 3792 dignos
767 3737 1060 3795 judicaverint,
1090 3737 1140 3781 ad

1928 181 2091 259 307

1203 303 1378 344 honores
1393 299 1564 353 ,gradus
1577 324 1592 345 ,
1621 297 1661 336 &
1685 293 1899 348 dignitates
1917 302 2149 348 obtinendas

1199 357 1419 410 dispensare
1449 382 1466 404 ,
1507 368 1554 395 ac
1582 353 1891 404 dispensationes
1922 359 2147 412 hujusmodi

1193 426 1269 467 pro
1290 410 1540 463 temporeita
1553 409 1690 458 factas,
1703 410 1742 449 &
1758 408 1850 452 inde
1869 413 2029 467 sequuta
2046 430 2149 470 quae.

1192 481 1364 522 cunque,
1380 476 1426 507 ut
1445 475 1577 517 antea,
1591 467 1743 517 valere,
1756 468 1795 507 δι
1810 478 1967 518 tenere,
1987 473 2148 524 perinde

1199 540 1245 623 sc
1269 527 1295 566 fi
1311 523 1534 580 supradifitae
1547 524 1862 568 Constitutiones
1875 541 1957 569 non
1971 528 2150 570 emanfis-

1216 594 1306 626 ent;

1313 640 1530 690 Caeterum,
1544 656 1631 684 cum
1645 643 1920 699 acceperimus
1932 671 1947 694 ‚
1978 644 2153 686 nonnul-

1199 699 1328 743 larum
1347 701 1612 756 Religionum
1636 703 1677 743 δι
1706 702 1920 750 Ordinum,
1938 704 2150 757 praesertim

1199 761 1501 804 Monachalium
1517 761 1756 803 Monasteria
1785 762 1840 803 ita
1853 762 2032 805 instituta
2060 759 2149 809 effe,

1198 820 1295 862 utin
1311 821 1366 861 eis
1378 828 1572 875 perpetua
1586 819 1764 874 quaedam
1781 817 2154 865 filiatioconstitua·

1197 888 1264 921 tur
1277 892 1290 919 :
1307 878 1488 934 Ideoque
1506 880 1686 934 receptio
1709 878 1963 921 Novitiorum
1993 880 2033 921 in
2048 891 2150 919 uno-

1194 950 1356 992 quoque
1386 936 1623 979 Monasserio
1650 936 1698 978 ad
1727 936 1971 992 superiorem
2004 936 2150 980 Praela—

1199 1006 1284 1039 tum
1298 1021 1312 1043 ³
1324 998 1365 1038 δι
1378 995 1614 1052 Capitulum
1630 994 1801 1050 ejusdem
1816 996 2041 1038 Monasterii
2058 1004 2150 1038 tan-

1197 1055 1282 1099 tum
1294 1054 1495 1110 pertineat
1509 1080 1524 1102 ,
1553 1067 1640 1109 quar
1664 1053 1781 1095 etiam
1803 1055 2040 1098 Monasteria
2056 1082 2071 1104 ,
2099 1062 2146 1095 ut

1197 1112 1408 1169 plurimum
1425 1115 1532 1157 inter
1545 1111 1583 1154 se
1599 1112 1720 1167 longe
1735 1112 1877 1155 distant
1893 1142 1908 1164 ,
1937 1127 2011 1156 nec
2026 1126 2149 1168 gene-

1198 1170 1294 1215 ralia
1317 1199 1332 1221 2
1362 1171 1627 1228 provincialia
1643 1199 1658 1224 ,
1688 1171 2009 1216 autintermedia
2022 1171 2149 1226 Capi-

1194 1230 1294 1279 tula,
1312 1229 1380 1272 nifi
1396 1244 1488 1274 raro
1501 1259 1514 1282 ,
1528 1229 1736 1273 celebrare
1753 1230 1879 1274 solent
1899 1261 1911 1273 .
1944 1231 2048 1274 Ideo
2075 1229 2151 1271 sta-

1191 1287 1360 1339 tuimus,
1374 1300 1419 1332 ut
1432 1291 1673 1344 Superiores
1699 1288 1863 1332 illorum
1881 1289 2152 1332 Monasterio-

1187 1358 1295 1397 rum,
1303 1345 1355 1387 de
1367 1347 1554 1389 consensu
1574 1348 1631 1390 fisi
1651 1347 1851 1402 Capituli,
1865 1348 2078 1401 praehabite
2104 1347 2153 1386 si·

1195 1403 1276 1446 mul
1290 1417 1382 1446 cum
1401 1406 1461 1447 his
1475 1404 1555 1453 ,de
1573 1404 1715 1460 quibus
1744 1404 1786 1446 in
1813 1418 2050 1461 unaquaque
2068 1405 2151 1446 Re-

1196 1462 1346 1518 ligione
1359 1473 1427 1506 aut
1452 1460 1845 1519 Monasterio,juxta
1870 1462 1955 1518 ejus
1987 1463 2149 1506 Consti·

1196 1521 1388 1573 tutiones,
1400 1521 1652 1576 recipiendus
1664 1520 1905 1577 interrogari
1922 1520 2021 1564 solet
2036 1552 2051 1573 ,
2081 1522 2151 1563 ali·

1197 1592 1275 1635 qua
1300 1579 1584 1622 informatione
1606 1578 1721 1635 super
1745 1580 1834 1632 his,
1866 1594 1952 1636 quae
1981 1583 2019 1623 in
2035 1581 2149 1622 dietis

1197 1638 1564 1682 Constitutionibus
1578 1638 1837 1681 continentur
1854 1665 1868 1687 ,
1881 1639 1931 1680 ad
1948 1640 2153 1694 receptio·

1198 1711 1287 1740 nem
1303 1695 1525 1752 hujusmodi
1549 1696 1771 1753 procedere
1802 1697 1988 1747 valeant,
2019 1699 2148 1740 dum.‚

1197 1765 1330 1799 tamen
1357 1763 1569 1812 antequam
1593 1756 1641 1798 ad
1659 1754 1940 1798 Profeffionem
1963 1756 2151 1798 admitta-

1198 1824 1262 1856 tur
1276 1814 1475 1869 ,plenaria
1492 1817 1554 1866 ,δι
1575 1828 1625 1856 eo
1648 1814 1768 1855 modo
1784 1841 1798 1864 ‚
1822 1823 1944 1868 prout
1969 1816 2007 1855 in
2035 1813 2150 1854 dictis

1196 1874 1564 1916 Constitutionibus
1590 1871 1793 1918 habetur,
1823 1870 2022 1926 inquisitio
2052 1868 2149 1919 fiat,

1194 1945 1280 1988 qua
1302 1932 1435 1986 postea
1463 1934 1512 1974 ab
1538 1930 1626 1981 his,
1664 1929 1686 1971 i
1713 1929 1854 1986 quibus
1884 1929 1923 1970 in
1954 1928 2148 1984 praediois

1201 1988 1446 2031 Monasseriis
1487 1988 1703 2029 examinari
1738 1985 1867 2028 solent
1889 2015 1903 2037 ,
1934 1986 2152 2040 diligenter

1202 2045 1451 2088 examinetur
1473 2069 1489 2092 s
1518 2045 1556 2085 &
1593 2043 1868 2098 approbetur,
1892 2045 1933 2084 δι
1957 2044 2152 2088 demum,

1202 2103 1338 2146 omnia
1369 2103 1408 2145 in
1437 2102 1544 2147 dicto
1558 2100 1754 2157 Capitulo
1778 2114 1915 2143 coram
1937 2102 2153 2156 superiore

1200 2161 1429 2205 referantur
1453 2190 1464 2201 .
1497 2159 1697 2203 Volentes
1728 2185 1742 2208 ,
1773 2157 1878 2214 quod
1910 2160 2150 2216 Superiores

1198 2218 1373 2274 prodidi
1392 2232 1483 2259 cum
1496 2232 1634 2259 eorum
1649 2217 1845 2273 Capitulo
1859 2246 1875 2269 ,
1887 2229 1952 2260 aut
1969 2216 2036 2260 ubi
2050 2232 2150 2261 con-

1195 2275 1366 2319 suetudo
1406 2289 1486 2318 non
1513 2273 1632 2318 fuerit
1661 2276 1891 2318 celebrandi
1929 2278 2148 2333 Capitu1a‚

1194 2349 1286 2378 cum
1301 2336 1454 2386 tribus,
1473 2343 1541 2376 aut
1556 2343 1755 2389 quatuor,
1785 2333 1836 2375 ad
1863 2333 1902 2376 id
1931 2335 1971 2376 in
1997 2337 2150 2391 genrali

1197 2394 1528 2450 Congregatione
1541 2406 1611 2448 per
1626 2403 1718 2435 vota
1743 2389 1893 2436 secreta
1919 2393 2144 2450 deputatis,

1198 2453 1362 2497 servatis
1402 2465 1543 2495 eorum
1572 2450 1846 2507 Regularibus
1877 2451 2069 2496 institutis
2100 2468 2145 2495 ac

1200 2510 1431 2568 supradictis
1444 2511 1627 2554 omnibus
1639 2540 1655 2561 ,
1669 2509 1768 2552 eand
1777 2522 1841 2551 em
1854 2509 1893 2551 in
1907 2512 2148 2567 recipiendis

1201 2570 1382 2614 Novitiis
1397 2569 1567 2613 habeant
1587 2569 1865 2611 austeritatem
1876 2594 1890 2616 ,
1905 2582 1988 2624 quae
2003 2585 2073 2625 per
2086 2570 2151 2610 di.

1196 2633 1277 2672 etas
1299 2629 1617 2672 constitutiones
1633 2627 1949 2671 Provincialibus
1977 2630 2149 2684 Capitu-

1196 2690 1247 2732 lis
1269 2687 1322 2731 ess
1335 2688 1537 2731 attributa
1554 2716 1564 2727 .
1578 2688 1847 2729 Decernentes
1863 2685 1912 2727 fic
1926 2714 1941 2737 ,
1971 2688 2012 2727 &
2034 2702 2146 2731 non„

1197 2747 1316 2791 aliter
1330 2760 1404 2803 per
1416 2746 1685 2803 quoscumque
1704 2744 1869 2801 Judices
1897 2745 1938 2786 δι
1953 2745 2150 2788 Commis-

1199 2807 1323 2849 sarios
1335 2805 1473 2862 quavis
1499 2805 1740 2847 auctoritate
1761 2799 1998 2858 fungentes,
2029 2806 2148 2847 etiam

1199 2863 1374 2919 ejusdem
1389 2865 1582 2905 Romane
1601 2862 1730 2904 Curia:
1743 2862 2036 2914 Cardinales‚&
2049 2878 2145 2906 cau-

1198 2925 1327 2966 sarum
1351 2920 1495 2964 Palatii
1515 2917 1736 2975 Apostolici
1752 2917 1996 2970 Auditores,
2017 2921 2144 2962 subla-

1196 2980 1241 3023 ti
1262 2982 1320 3022 eis
1331 3009 1348 3031 ,
1360 2982 1400 3022 a:
1417 2991 1558 3020 eorum
1576 2975 1740 3019 cuilibet
1754 2971 1892 3030 quavis
1906 2977 2030 3019 aliter
2047 2977 2146 3031 judi-

1197 3039 1314 3082 candi
1332 3039 1404 3088 ,δι
1418 3033 1710 3091 interpretandi
1723 3033 1937 3083 facultate,
1958 3037 2147 3078 &aueto-

1198 3097 1321 3141 ritate
1347 3095 1494 3150 ubique
1508 3092 1680 3149 judicari
1699 3093 1765 3144 ,δι
1779 3090 1936 3134 definiri
1966 3092 2116 3136 debere
2129 3121 2144 3145 ,

1197 3154 1358 3199 irritum
1370 3164 1530 3208 quoque
1544 3153 1584 3193 δι
1594 3151 1731 3202 inane,
1743 3150 1932 3208 quicquid
1948 3150 2059 3194 secus
2078 3151 2143 3193 su-

1197 3226 1269 3270 per
1285 3213 1345 3255 his
1357 3213 1377 3254 a
1389 3223 1585 3267 quoquam
1597 3211 1738 3266 quavis
1763 3210 2004 3252 auctoritate
2023 3209 2143 3252 scien-

1198 3283 1261 3315 ter
1271 3271 1334 3314 vel
1351 3271 1582 3326 ignoranter
1596 3269 1816 3325 contigerit
1831 3267 2034 3310 attentari.
2052 3270 2144 3310 Non

1197 3330 1442 3373 obstantibus
1472 3326 1666 3384 praemiffis
1690 3356 1705 3378 ,
1736 3342 1782 3370 ac
1813 3325 2014 3383 quibusvis
2057 3326 2143 3368 aliis

1198 3387 1565 3433 Constitutionibus
1580 3412 1595 3435 ,
1622 3385 2007 3428 &ordinationibus
2032 3386 2142 3441 Apo·

1197 3446 1347 3490 stolicis
1362 3473 1377 3495 ,
1407 3446 1636 3499 caeterisque
1658 3444 1866 3486 contrariis
1892 3442 2141 3500 quibuscum-

1197 3520 1276 3561 que
1289 3535 1300 3546 .
1315 3505 1514 3548 Volumus
1535 3513 1667 3544 autem
1680 3528 1695 3551 ,
1721 3501 1829 3556 quod
1855 3502 2140 3557 praesentium

1197 3562 1480 3616 transumptis,
1493 3562 1610 3603 etiam
1627 3559 1817 3614 impreffis
1842 3573 1956 3605 manu
1971 3561 2140 3618 alicujus

1198 3620 1358 3664 Notarii
1376 3618 1527 3675 publici
1554 3615 1775 3673 subscriptis
1791 3646 1806 3670 ,
1819 3620 1859 3661 δι
1871 3621 2000 3676 tigillo
2012 3621 2138 3662 alicu·

1198 3679 1259 3736 jus
1276 3677 1433 3722 Praelati
1448 3706 1465 3728 ,
1488 3675 1551 3719 vel
1578 3674 1751 3731 personae
1772 3677 1813 3718 in
1839 3678 2037 3735 dignitate
2065 3679 2135 3716 Ec.
2202 3708 2205 3711 .

1197 3736 1407 3782 clcfiastica
1437 3735 1658 3779 constitutae
1684 3736 1895 3793 obfignatis
1925 3765 1940 3788 ,
1969 3734 2140 3786 eadem-s

1605 3796 1686 3860 Q
1718 3810 1741 3838 2
1973 3802 2083 3845 pror-
