2444 4192
324 240 488 328 550

248 379 368 424 rioris
396 374 615 431 disciplinae
638 372 775 415 froeno
804 374 995 414 coercere
1024 371 1223 423 volentes,

250 443 373 483 Motu
388 435 555 493 proprio
565 464 581 485 ‚
613 433 653 473 δι
665 447 712 475 ex
729 440 843 473 certa
857 429 1020 474 scientia
1035 459 1048 483 ‚
1077 447 1124 474 ac
1138 447 1223 475 ma-

248 511 342 541 tura
354 494 652 539 deliberatione
666 490 818 540 nostra,
829 487 962 545 deque
976 491 1220 546 Apostolicae

246 556 456 615 potestatis
473 548 754 609 plenitudine,
786 548 1134 594 Constitutionem
1147 565 1220 607 per

246 613 457 675 praefatum
483 612 640 652 Sixtum
657 605 991 652 Praedecefforem
1017 609 1189 666 desuper
1204 640 1219 664 ,

245 685 294 719 ut
308 673 513 731 prefertur
523 696 540 718 ‚
553 669 705 712 editam
718 696 736 721 ‚
760 665 991 724 Apostolica
1003 670 1215 713 auctorita-

244 744 289 786 te
301 746 445 776 tenore
457 728 705 786 presentium
716 728 919 783 perpetuo
927 729 1220 785 approbamus,

245 791 529 836 confirmamus
539 814 554 838 ‚
566 787 858 830 &innovamus
871 815 884 828 .

302 853 339 902 ξ.
353 865 398 907 3.
460 851 514 891 Et
547 845 709 904 insuper
739 846 926 889 omnibus
948 872 964 896 ‚
992 848 1033 890 δι
1061 846 1221 906 quibus·

243 923 419 963 cumque
434 907 585 959 Laicis,
596 905 881 964 cujuscumque
903 904 1017 949 sextis
1031 934 1046 959 ,
1073 907 1216 950 condi·

244 971 396 1020 tionis,
413 966 535 1010 statiis
545 995 561 1018 ‚
573 962 722 1022 gradt'is
736 994 753 1016 ,
766 964 976 1021 qualitatis
990 991 1005 1014 ‚
1027 967 1065 1007 δι
1080 966 1216 1023 digni-

240 1030 339 1070 tatis
352 1058 367 1079 ‚
379 1028 502 1070 etiam
518 1024 811 1069 Marchionalis
825 1053 842 1076 ,
857 1023 921 1066 vel
944 1025 1113 1068 Ducalis
1126 1027 1213 1068 exi·

241 1088 435 1132 flentibus
447 1114 463 1138 ‚
486 1085 621 1142 quide
642 1083 743 1127 statu
757 1082 1007 1140 Reipublicae
1024 1085 1218 1127 Christia-

242 1162 303 1190 nae
314 1174 328 1196 ‚
343 1146 407 1189 vel
423 1144 536 1191 sedis
552 1142 818 1200 Apostolicae,
848 1141 928 1188 five
941 1143 994 1189 de
1006 1142 1089 1187 vita
1102 1170 1117 1193 ,
1147 1152 1216 1186 aut

240 1216 377 1249 morte
392 1204 564 1249 Romani
586 1200 794 1248 Pontificis
822 1215 899 1258 pro
926 1211 1108 1259 tempore
1133 1203 1216 1246 exi-

239 1265 405 1317 stentis,
434 1263 593 1323 ejusque
603 1260 726 1319 usque
752 1261 804 1305 ad
821 1261 991 1305 tertium
1006 1262 1215 1318 gradum...

238 1323 434 1367 inclulive
460 1324 867 1380 consanguineorum,
883 1321 1190 1366 Mathematicus
1202 1350 1217 1374 ,

240 1383 411 1426 Ariolos
421 1408 436 1431 ‚
452 1382 679 1438 Aruspices,
693 1381 1004 1424 Vaticinatores
998 1394 1047 1424 ve
1061 1394 1215 1424 nuncu·

239 1451 386 1499 patos,
407 1442 471 1484 vel
498 1442 598 1484 alios
625 1440 899 1494 Astrologiam
922 1438 1214 1493 judiciariam..

234 1511 470 1544 exercentes
483 1529 500 1554 ,
514 1499 575 1542 seu
589 1500 682 1541 alias
693 1498 1006 1552 quomodolibet
1017 1494 1212 1547 profiten-

236 1570 301 1603 tes
311 1561 363 1599 de
374 1568 522 1598 coetero
535 1551 827 1601 consuluerint,
838 1550 919 1592 five
942 1548 1113 1607 desuper
1138 1563 1212 1594 eo·

235 1630 325 1660 rum
342 1612 490 1670 judicia
501 1639 516 1662 ‚
530 1609 785 1667 prognostica
798 1636 814 1660 ,
833 1608 1131 1664 predictiones,
1143 1608 1208 1652 seu

235 1671 573 1732 praecognitiones
590 1699 607 1721 ,
631 1668 755 1712 etiam
784 1665 852 1710 fibi
864 1668 1023 1711 oblatas
1046 1682 1208 1725 recepe·

233 1736 343 1782 rint,
374 1730 502 1774 illisve
527 1726 840 1786 quomodolibet
861 1728 919 1770 ufi
930 1724 1110 1778 fuerint,
1142 1728 1205 1772 vel

238 1793 327 1837 inas
340 1804 461 1847 penes
478 1789 517 1832 se
530 1790 701 1832 scienter
718 1786 963 1830 retinuerint
974 1814 988 1837 ‚
1003 1798 1073 1831 aut
1087 1786 1206 1831 alicui

236 1850 481 1895 ostenderint
495 1878 509 1902 ,
536 1862 695 1891 necnon
724 1845 860 1889 iisdem
877 1846 1178 1890 Mathematicis
1191 1877 1207 1900 ,

235 1909 388 1956 Ariolis
405 1938 420 1960 ‚
435 1906 688 1963 Aruspicibus
705 1932 719 1955 ‚
732 1904 1083 1949 Vaticinatoribus
1096 1935 1111 1957 ‚
1128 1905 1206 1949 five

236 1969 327 2013 aliis
340 1967 612 2023 Astrologiam
630 1965 892 2021 Judieiariam
906 1992 922 2017 ,
945 1967 1007 2008 seu
1031 1966 1205 2022 quamli-

232 2031 306 2071 bet
319 2037 449 2068 artem
463 2025 753 2069 divinatoriam
777 2024 1094 2082 quomodolibet
1108 2038 1205 2081 pro-

231 2087 438 2130 fitentibus
461 2114 477 2137 ,
506 2086 574 2142 qui
592 2084 750 2142 Judicia
764 2113 780 2137 ,
813 2084 1071 2140 Prognostica
1092 2111 1109 2135 ‚
1140 2084 1206 2127 seu

229 2146 574 2204 praecognitiones
587 2171 604 2195 ‚
630 2145 671 2186 δι
683 2143 956 2200 ρηάἱᾶἰοηες
974 2141 1092 2201 super
1104 2158 1206 2201 prae·

229 2203 352 2250 miffis
365 2230 381 2254 ‚
392 2206 544 2248 etiamfi
560 2203 603 2246 id
617 2217 697 2247 non
712 2206 830 2248 certo
840 2203 879 2246 se
893 2203 1095 2247 affirmare
1110 2217 1206 2261 pro-

229 2264 455 2314 testentur,
480 2262 651 2308 fecerint
664 2291 680 2315 ‚
708 2261 789 2307 five
813 2265 838 2307 a
854 2264 892 2306 se
906 2290 922 2314 ‚
954 2262 1020 2307 vel
1049 2264 1101 2305 ab
1114 2264 1203 2308 aliis

231 2323 315 2382 jam
330 2322 429 2366 saeta
442 2353 458 2375 ,
483 2321 549 2367 seu
578 2320 969 2378 saetasimpollerum
984 2336 1104 2379 penes
1125 2322 1204 2369 se„

229 2383 414 2429 fimilitcr
439 2383 678 2427 retinuerint
701 2410 717 2435 ‚
746 2382 809 2425 vel
835 2381 958 2426 alicui
982 2382 1173 2426 dederint
1184 2409 1200 2433 ,

227 2442 295 2486 seu
325 2442 572 2485 ostenderint
594 2469 610 2491 ‚
638 2452 707 2485 aut
730 2442 784 2486 de
810 2443 868 2485 eis
896 2442 1045 2500 quovis
1075 2441 1200 2487 modo

228 2501 354 2546 etiam
376 2501 643 2558 improbando
657 2527 672 2551 ‚
689 2500 843 2558 scripto
854 2529 868 2550 ,
884 2501 948 2545 vel
971 2503 1102 2546 verbis
1116 2512 1200 2546 tra·

229 2561 458 2611 flaverint,
483 2561 633 2605 nedum
661 2562 1095 2606 excommunicationis
1114 2576 1201 2605 ma-

228 2618 332 2685 joris
350 2619 435 2662 latae
450 2619 677 2671 (intende,
708 2618 776 2664 sed
787 2619 910 2665 etiam
925 2625 984 2664 uti
1002 2620 1094 2665 laesae
1110 2625 1202 2664 Ma·

227 2677 379 2732 ‚estatis
394 2678 468 2719 reia
479 2707 496 2730 ‚
507 2680 642 2723 ultimi
656 2678 838 2735 supplicii
849 2708 867 2732 ,
880 2694 927 2722 ae
938 2678 1199 2723 confiscatio·-¹

226 2736 291 2782 nis
304 2735 485 2779 omnium
498 2737 701 2779 bonorum
714 2734 893 2789 snorum,
905 2738 1030 2780 etiam
1044 2739 1201 2781 Roma-

226 2808 290 2841 ne
305 2796 438 2837 Curia
455 2793 685 2838 officiorum
700 2820 716 2843 ‚
743 2808 791 2837 ae
806 2794 1086 2838 devolutionia
1100 2810 1199 2851 qua·

228 2865 496 2905 rusticumque
509 2853 739 2896 Civitatutn
753 2876 768 2900 ‚
778 2852 1014 2895 Castrorum
1027 2881 1043 2905 ,
1072 2855 1114 2896 δι
1135 2855 1200 2897 Ιο-

227 2924 375 2958 corum
387 2909 752 2965 'prisdietionalium
765 2935 781 2960 ‚
793 2911 834 2954 dt
848 2909 1070 2956 feudalium
1083 2924 1100 2956 ε

284 2972 308 3022 9
336 2985 380 3025 4.
440 2969 613 3014 clericis
636 2981 800 3024 quoque
815 2995 832 3021 ‚
855 2971 897 3014 ᾱ
913 2971 1041 3016 Presb
1072 2974 1197 3028 terit,

225 3029 396 3087 aliisque
412 3026 592 3074 Perlbnis
607 3026 889 3074 Ecclefiastieia
902 3059 917 3084 ‚
932 3041 1017 3075 tam
1049 3034 1196 3077 ceula-

227 3093 339 3135 ribur
351 3115 366 3139 ‚
394 3092 515 3146 quam
536 3087 706 3142 cuiusvis
729 3088 921 3143 Ordinis,
951 3094 1195 3150 congrega-

227 3151 348 3193 tioni·
364 3177 380 3202 ‚
409 3147 627 3193 societatis
640 3174 655 3198 ‚
679 3146 746 3192 seu
777 3149 951 3195 instituti
967 3175 982 3198 ‚
1007 3151 1069 3195 vel
1087 3152 1194 3195 Mili·

225 3211 375 3253 tiarum
399 3219 746 3265 qttarumenrnque
769 3234 784 3257 ‚
819 3209 941 3253 etiam
973 3209 1196 3266 Hospitalis

226 3269 360 3314 saneti
375 3264 538 3325 joannis
553 3266 943 3323 Hierosolymam,
973 3269 1194 3323 aliisque-³

254 3325 537 3370 umnodolibet
551 3328 748 3384 exemptis
761 3352 775 3377 ‚
788 3341 836 3372 ac
851 3329 983 3372 Nobis
995 3357 1010 3380 ‚
1023 3331 1061 3372 et
1078 3332 1195 3386 Αρο·

225 3343 376 3430 zolicoe
392 3385 487 3430 sedi
504 3384 740 3430 immediate
755 3384 935 3443 subjee'iia
946 3414 962 3437 ‚
980 3388 1195 3445 Regulari-

223 3446 299 3488 δυσ
315 3444 519 3501 utriusque
534 3443 647 3490 scails
663 3472 677 3498 ‚
691 3444 799 3491 ultra
814 3445 1020 3499 pradinas
1036 3475 1051 3500 ‚
1070 3449 1193 3492 etiam

224 3503 461 3560 privationis
473 3502 760 3548 beneficiorum
775 3532 789 3557 ‚
799 3506 841 3549 Gt
851 3505 1095 3562 dignitatum
1109 3534 1124 3559 ‚
1144 3522 1190 3551 ac

226 3561 454 3605 officioram
476 3562 847 3609 Bcclefiastlcorum
873 3593 888 3618 ,
906 3566 1031 3610 otiam
1046 3570 1191 3611 Mona-

223 3621 453 3669 sseriorum,
473 3621 747 3676 prioratuum,
758 3625 799 3668 δι
815 3626 1190 3681 Praecptoriarum,

220 3693 269 3724 ae
282 3679 452 3724 allorum
462 3692 813 3741 ‹insomnii-umque
825 3712 841 3737 ‚
871 3685 911 3727 ει
923 3684 1189 3730 inhabilitatis

222 3738 637 3842 '‘0⁶¹⁹‘'v'mmmizss'e'
656 3749 844 3845 ψῖξῗΐ
855 3744 1187 3857 midaii:

250 3856 518 3917 qemun-a
529 3858 666 3904 curia
691 3858 865 3907 ficulni
883 3862 1099 3919 tradantur
1110 3876 1186 3919 pu·

1028 210 1576 330 Appendix.

1285 370 1439 414 niendae
1451 400 1467 422 ,
1481 372 1520 414 in
1538 370 1762 428 Epist-opali
1778 372 1879 415 vero
1893 400 1906 423 ‚
1925 373 2262 432 Archiepiscopa-

1284 430 1312 472 li
1327 459 1343 483 ‚
1363 432 1685 487 Metropolitana
1701 459 1715 484 ,
1733 431 1954 476 primatiali
1968 462 1986 484 ‚
1999 434 2263 479 Patriarcha-

1279 489 1334 539 li,
1349 499 1419 532 aut
1432 505 1681 548 quacumque
1709 492 1786 535 alia
1817 495 1941 535 etiam
1964 490 2157 546 superiori
2174 498 2258 538 Ec-

1278 548 1493 593 clefialiica
1508 576 1522 600 ,
1538 551 1603 593 vel
1620 551 1841 601 mundana,
1857 554 2117 606 quantumvis
2141 553 2260 596 subli-

1276 608 1334 650 mi
1346 634 1360 657 ‚
1372 609 1602 652 excellente
1616 637 1630 659 ,
1644 612 1685 653 &
1699 610 1858 666 speciali
1875 620 1970 652 nota
1985 611 2122 668 digna,
2135 621 2259 654 etiam

1274 667 1698 723 suprema,eonllitutis
1712 668 2088 723 dignitate‚easdem
2103 683 2269 713 excom-

1280 728 1562 770 municationis
1575 757 1589 779 ,
1607 743 1653 771 ac
1666 728 2021 771 administrationis
2047 730 2175 772 etiam
2193 742 2261 770 re·

1279 787 1458 841 giminis,
1470 802 1517 829 ac
1534 788 1776 844 privationis
1791 787 2086 839 Ecclefiarum,
2106 789 2147 829 δι
2161 787 2261 831 alio·

1281 858 1371 886 rum
1387 860 1732 902 quorumcumque
1746 845 2037 890 beneficiorum
2052 875 2066 899 ‚
2078 848 2118 889 &
2131 845 2260 902 digni.

1278 913 1426 956 tatum,
1439 907 1702 962 quantumvis
1733 905 2057 961 ampliffimarum
2075 933 2090 957 ,
2118 906 2160 947 δι
2188 907 2263 948 Pa·-

1276 963 1488 1006 triarchali
1510 964 1709 1020 majorum
1724 993 1739 1016 ‚
1752 978 1799 1006 ac
1811 964 2041 1008 officiorum
2060 964 2219 1008 suorum
2233 993 2252 1015 ,

1272 1022 1588 1067 &inhabilitatis
1603 1037 1742 1079 poenas
1756 1023 1839 1079 ipso
1853 1022 1959 1067 facio
1987 1023 2256 1067 incurrendas

1278 1081 1517 1136 Apostolica
1566 1084 1806 1126 auctoritate
1833 1094 1975 1127 tenore
2004 1082 2256 1140 praesentium

1274 1140 1492 1197 infligimus
1512 1142 1583 1192 „Bt
1599 1141 1845 1197 imponimus
1862 1172 1874 1184 .

1334 1199 1374 1250 ξ.
1394 1215 1434 1253 ς.
1493 1201 1784 1256 cognitionem
1801 1211 1938 1245 autem
1956 1200 2166 1246 causarum
2179 1202 2258 1244 hu-

1274 1257 1442 1315 jusmodi
1466 1260 1602 1319 quoad
1622 1262 1810 1316 personas
1826 1260 2118 1304 Ecclefiasticas
2131 1287 2147 1311 ‚
2171 1271 2258 1304 tam

1278 1318 1527 1371 Saeculares‚
1556 1320 1675 1375 quam
1704 1320 1927 1375 Regulares
1941 1349 1957 1371 ,
1986 1322 2029 1362 in
2051 1321 2165 1365 Urbe
2179 1332 2254 1362 no·

1275 1376 1349 1419 stra
1365 1405 1381 1428 ‚
1406 1378 1448 1419 δε
1479 1378 1588 1421 illius
1611 1378 1789 1422 districtu
1808 1378 1857 1420 ad
1869 1378 2040 1421 dileftos
2054 1377 2160 1421 filios
2178 1392 2253 1420 no-

1274 1434 1447 1477 strumin
1461 1438 1519 1476 eis
1535 1437 1742 1478 Vicarium
1772 1437 1811 1476 in
1839 1435 2110 1489 spiritualibus
2131 1449 2254 1490 gene-

1275 1491 1405 1531 ralem
1421 1518 1436 1541 ,
1461 1505 1621 1534 necnon
1644 1492 1820 1548 ejusdem
1850 1493 1976 1538 Urbis
1991 1492 2252 1537 Gubernato.

1273 1560 1360 1590 rem
1371 1576 1387 1599 ‚
1415 1563 1460 1593 ac
1488 1548 1711 1594 Causarum
1725 1549 1865 1595 Curiae
1879 1553 2061 1596 Camerae
2075 1551 2252 1609 Aposto-

1271 1604 1358 1649 licae
1382 1608 1631 1653 Auditorem
1663 1610 1908 1655 Generalcm
1927 1637 1943 1661 ‚
1985 1613 2025 1654 &
2064 1625 2251 1656 eorum.-

1267 1666 1488 1723 quemlibet
1501 1669 1541 1711 in
1557 1667 1744 1721 solidum,
1756 1680 1871 1714 extra
1885 1670 1985 1714 vero
2002 1670 2155 1715 Urbem
2177 1699 2194 1722 ,
2207 1670 2250 1713 δε

1268 1725 1490 1770 districtum
1511 1727 1745 1785 praedit‘tum
1773 1730 1812 1772 in
1825 1730 2052 1773 Provinciis
2081 1730 2212 1773 Nobis
2228 1755 2245 1779 ‚

1269 1786 1311 1828 δι
1324 1785 1568 1840 Apostolicae
1583 1790 1678 1833 Sedi
1695 1787 1948 1844 subjeelimd
1958 1791 2001 1832 S.
2016 1791 2071 1832 R.
2086 1791 2136 1832 E.
2149 1792 2253 1832 Car·

1267 1845 1423 1889 dinales
1452 1846 1491 1890 in
1518 1845 1669 1891 eisdem
1686 1847 1909 1892 Provinciis
1932 1848 1984 1891 de
2002 1850 2153 1892 Latere
2166 1849 2251 1891 Le·

1268 1914 1415 1961 gatos,
1444 1907 1482 1949 δι
1497 1906 1758 1963 prolegum,
1782 1921 1830 1951 ac
1846 1905 2028 1951 Praelides
2054 1908 2095 1949 in
2110 1907 2250 1961 digni·

1268 1974 1354 2007 tate
1380 1963 1654 2009 Ecclefiastica
1680 1967 1920 2011 constitutos
1960 1979 2034 2022 pro
2060 1974 2249 2022 tempore

1268 2023 1481 2068 existentes
1495 2052 1511 2076 ‚
1525 2026 1564 2068 in
1577 2024 1665 2068 aliis
1682 2025 1782 2069 verb
1796 2024 1983 2069 omnibus
1995 2026 2060 2079 ,δι
2077 2024 2242 2082 lingulis

1267 2084 1517 2134 Provinciis,
1535 2086 1683 2141 Regnis
1696 2113 1711 2138 ,
1737 2085 2012 2138 Civitatibus,
2033 2082 2208 2141 Oppidis
2225 2110 2242 2134 ‚

1264 2143 1414 2188 Castris
1425 2170 1439 2194 ,
1465 2144 1504 2185 δι
1533 2143 1634 2187 locis
1647 2173 1662 2196 ,
1690 2155 1772 2188 tam
1787 2143 1855 2186 sub
1871 2144 2034 2196 nostra,
2063 2144 2105 2187 δι
2126 2142 2242 2188 dieta

1268 2203 1412 2256 Sedis,
1436 2204 1557 2261 quim
1584 2202 1752 2255 cuiusvis
1776 2203 1946 2248 alterius
1963 2202 2164 2260 Principis
2175 2202 2244 2247 di·

1266 2262 1379 2306 tione
1390 2262 1702 2320 comprehensis,
1716 2262 1912 2318 privative
1927 2263 2060 2319 quoad
2082 2269 2241 2315 omnes-,3

1262 2322 1385 2366 etiam
1402 2323 1634 2378 Superiores
1651 2321 1949 2378 Religiosorum
1967 2351 1982 2375 ,
2014 2319 2239 2379 ipfisqut.»

1263 2382 1550 2438 Superioribus
1565 2381 1723 2436 penitus
1734 2382 1920 2432 exciam,
1932 2381 1984 2424 ad
1997 2379 2243 2425 Ordinarios

1263 2441 1476 2494 locorum,
1493 2440 1665 2484 ubilibet
1679 2442 1780 2485 vero
1795 2441 1981 2485 locorum
1993 2469 2009 2495 ,
2032 2441 2156 2484 etiam
2187 2437 2241 2482 ad

1261 2501 1455 2546 haereticoe
1468 2501 1679 2560 pravitatis
1691 2499 1952 2560 Inquifitores
1966 2499 2143 2559 speeiare
2160 2512 2240 2542 vo-

1262 2561 1423 2672 lungoug:
1473 2619 1714 2664 Mandantes
1727 2618 1885 2661 dilectis
1896 2616 1988 2660 filiis
2002 2615 2148 2660 nostris
2162 2640 2178 2664 s
2192 2616 2235 2658 δι

1259 2678 1375 2720 dicte
1397 2677 1511 2721 Sedis
1531 2677 1584 2720 de
1603 2678 1748 2720 Latere
1775 2677 1940 2733 Legatis
1954 2703 1970 2728 ,
1994 2677 2032 2719 se
2058 2687 2235 2719 eorum...

1261 2736 1515 2791 vicelegatis
1529 2764 1544 2788 ‚
1569 2735 1610 2776 δι
1625 2734 1852 2779 Proeiidibut
1879 2734 2076 2791 praedietis
2094 2747 2203 2777 nunc
2218 2758 2234 2782 ,

1259 2796 1300 2837 δι
1315 2805 1583 2851 protempore
1608 2793 1870 2837 exilientibus
1883 2819 1898 2843 ,
1922 2806 2078 2838 necnon
2093 2791 2234 2836 Vene-

1261 2853 1453 2897 rabilibus
1472 2852 1678 2897 Fratribus
1698 2852 1969 2907 Patriarchis‚
1999 2848 2238 2909 Archiepis-

1260 2914 1402 2970 copis,
1427 2914 1466 2956 &
1482 2909 1689 2970 Episcopia
1713 2910 1902 2969 singulis,
1938 2912 2130 2956 videlicet
2161 2912 2234 2955 in.»

1259 2973 1336 3017 suis
1351 2972 1609 3022 Civitate‚&
1625 2970 1798 3015 Dioeceli
1812 2999 1827 3023 ‚
1840 2972 1881 3015 δι
1897 2970 2033 3028 quoad
2056 2970 2150 3015 loca
2164 2970 2231 3014 in-

1258 3043 1321 3076 tra
1334 3030 1431 3077 fines
1459 3029 1632 3086 alicujus
1650 3030 1841 3075 Dioecesis
1857 3057 1872 3081 ,
1904 3044 1983 3074 non
2015 3039 2152 3074 tamen
2177 3027 2231 3072 dc

1260 3091 1433 3136 Dioeceii
1454 3089 1683 3141 existentia,
1697 3088 1867 3147 ipsarum
1885 3088 2119 3134 Dioecesfim
2145 3088 2232 3141 ,in-

1258 3161 1323 3196 tra
1332 3165 1505 3207 quarum
1519 3147 1618 3194 fines
1634 3148 1777 3192 eadem
1797 3149 1889 3193 loca
1901 3149 2130 3201 extiterint,
2145 3147 2227 3205 quo

1259 3212 1363 3256 verb
1378 3210 1427 3255 ad
1439 3225 1486 3255 ea
1499 3236 1514 3260 ‚
1529 3224 1617 3267 que
1633 3219 1747 3253 extra
1761 3206 1860 3253 lines
1875 3207 2045 3267 alicujus
2060 3208 2230 3252 Dioece·

1258 3269 1306 3314 lia
1321 3271 1537 3314 coniiflunt
1553 3297 1568 3321 ‚
1600 3267 1864 3313 vicinioribus
1877 3267 2097 3313 eorundem
2112 3266 2229 3311 loco-

1259 3343 1348 3373 rum
1373 3328 1601 3373 Ordinariia
1627 3356 1642 3381 ,
1682 3341 1729 3371 ac
1763 3329 1887 3372 etiam
1917 3323 2230 3386 lnquifitoribus

1258 3387 1482 3445 pra-dietis,
1508 3397 1704 3445 quatenus
1729 3386 1781 3431 ad
1806 3388 2031 3433 instantiam
2055 3382 2231 3442 cujusvis

1256 3447 1357 3492 Fisci
1369 3476 1386 3502 ‚
1403 3447 1466 3492 vel
1482 3446 1811 3501 denunciatoria,
1822 3460 1869 3491 ac
1883 3448 1965 3493 etia
2018 3458 2068 3488 ex
2082 3457 2228 3489 corum

1253 3506 1392 3552 officio
1401 3506 1610 3552 causarum
1626 3503 1859 3563 hujusmodi
1879 3517 1982 3563 cogn
2000 3504 2132 3547 tionet
2146 3502 2226 3547 sus·

1250 3564 2075 3670 {spis-¹:252:&11202‘223152‘2‘35‘2
2090 3562 2225 3667 &33:1⁵1

1250 3640 1745 3741 (dleci'alitirdel'egatiain
1754 3636 1878 3726 gausa
1895 3652 1984 3740 ipsit
1999 3679 2124 3725 modo
2136 3693 2228 3740 prg-

1250 3741 1362 3787 miil‘o
1378 3742 1601 3799 procedant
1614 3741 1800 3785 omnibus
1814 3740 1939 3799 juria,
1971 3742 2012 3786 dt
2033 3738 2125 3784 fasti
2157 3754 2227 3786 re-

1249 3802 1392 3846 mediis
1403 3799 1644 3859 opportuni·
1660 3827 1677 3854 ‚
1705 3801 1903 3847 invocato
1927 3802 2051 3848 etiam
2065 3798 2222 3845 auxilio

1247 3861 1402 3908 brachii
1416 3857 1617 3909 ibt-ularii
1630 3889 1644 3904 .
2083 3917 2108 3970 θ
