2444 4192
730 109 893 196 Sub
951 115 1333 210 Clemente
1399 115 1543 202 VI
1562 113 1602 195 I
1621 111 1680 196 I.

235 258 502 323 prescriptum
534 259 705 315 Regulae
721 288 735 312 ‚
762 262 804 301 δι
829 266 1198 316 Constitutionum‚

237 317 416 366 alimenti
435 319 573 370 etiam,
587 320 614 360 fi
635 332 732 375 opus
750 318 898 372 suerit,
912 323 1195 368 subtractione.

294 392 334 423 ι.
396 377 537 419 1.εᾶἰο
552 380 681 422 Sacrae
694 379 925 432 Scriptura,
937 380 998 421 vel
1018 383 1196 425 Casuum

236 430 484 481 conscientiae
513 434 574 478 bis
606 437 648 481 in
676 435 929 479 hebdomada
961 437 1194 494 praescriptis

235 491 380 537 diebus
395 493 435 535 in
461 495 624 551 fingulis
639 494 886 539 Monasteriis
905 520 920 543 ,
943 494 984 535 &
999 499 1192 539 Conven-

234 552 338 595 tibus
368 551 560 597 habeatur
586 581 601 604 ,
632 555 682 597 ad
711 566 835 611 quam
862 556 1024 597 Fratres
1052 566 1191 594 omnes

232 612 482 656 conveniant
495 642 512 666 ,
524 626 652 671 eaque
670 611 851 656 absoluta
864 639 879 660 ,
908 622 1044 655 mutua
1060 610 1191 653 colla-

231 670 346 714 tione
363 670 475 714 circa
487 673 728 730 explicatam
755 671 985 716 dostrinam
1014 665 1090 714 sest:
1114 671 1191 714 uti·

218 726 335 772 'liter
353 742 592 776 exerceant.

286 802 331 843 3·
390 790 487 848 Qo
532 789 764 835 Tridentini
796 787 977 833 Concilii
1010 791 1188 832 Decreta

225 843 281 888 de
311 850 558 903 paupertatis
603 859 710 895 voto
748 848 1007 892 custodiendo
1031 847 1188 892 fidelius

227 903 502 951 observentur
523 937 538 962 ,
553 908 796 967 praecipitur,
811 918 855 950 ut
877 907 1012 952 nullus
1025 920 1074 950 ex
1088 909 1187 950 Pra-

226 963 359 1009 tribus
378 994 393 1018 ,
409 966 557 1011 etiamfi
589 967 778 1025 Superior
801 969 847 1010 s1t
861 994 875 1019 ,
890 968 997 1011 bona
1010 966 1194 1010 immobi-

227 1021 282 1064 lia
294 1051 310 1075 ,
331 1021 398 1068 seu
413 1027 574 1070 mobilia
591 1056 606 1080 ,
621 1035 690 1071 aut
703 1026 912 1084 pecuniam
925 1053 940 1077 ,
952 1035 1192 1084 proventus,

229 1079 366 1125 census
379 1110 394 1134 ,
412 1084 687 1141 eleemosynas
699 1114 715 1139 ,
734 1087 818 1130 five
831 1099 878 1133 ex
892 1085 1157 1129 concionibus
1172 1113 1187 1136 ,

223 1136 306 1182 five
327 1155 378 1184 ex
393 1141 631 1186 lectionibus
648 1172 662 1194 ,
687 1155 757 1187 aut
777 1158 854 1200 pro
874 1143 991 1187 millis
1005 1173 1020 1196 ,
1053 1145 1187 1187 tamin

222 1199 390 1255 propria
402 1200 593 1254 Ecctefia,
606 1202 727 1258 quim
742 1204 968 1258 ubicunque
981 1202 1186 1245 celebran-

223 1252 288 1298 dis
301 1285 316 1310 ,
332 1257 465 1301 aliove
484 1258 662 1315 ipsorum
689 1257 790 1315 justo
805 1258 947 1301 labore
960 1286 975 1309 ,
988 1262 1029 1302 ει
1042 1260 1158 1302 causa
1171 1289 1187 1311 ,

223 1315 264 1358 δι
322 1329 542 1373 uocumque
570 1316 736 1363 nomine
766 1316 955 1374 acquifita
986 1346 1000 1368 ,
1030 1315 1186 1360 etiamst

226 1330 395 1442 subzdia
407 1373 799 1435 consanguineorum
813 1405 828 1429 ,
855 1384 922 1420 aut
936 1376 1099 1433 piorum
1114 1376 1187 1420 lar-

227 1433 431 1500 gitiones,
461 1433 593 1491 legata
610 1464 624 1488 ,
653 1445 721 1479 aut
750 1434 988 1479 donationes
1014 1435 1190 1490 suerint,

227 1500 420 1549 tanquam
451 1495 637 1551 propria,
664 1501 733 1538 aut
747 1492 867 1538 etiam
881 1495 1046 1537 nomine
1074 1497 1190 1538 Con·

227 1548 373 1594 ventiis
386 1550 583 1608 poffidere
600 1552 743 1609 potiit:
759 1551 824 1596 sed
841 1568 887 1596 ea
910 1554 1045 1596 onmia
1059 1551 1191 1595 statim

226 1608 510 1665 Superioribus
536 1612 773 1662 tradantur,
807 1613 846 1653 &
862 1612 1102 1655 Conventui
1130 1613 1191 1655 in-

225 1677 512 1724 corporentur,
526 1679 646 1727 atque
661 1683 752 1712 cum
771 1671 921 1712 caeteris
934 1670 1045 1713 illius
1060 1671 1193 1723 bonis,

227 1726 486 1779 redditibus,
517 1728 724 1785 pecuniis,
752 1741 799 1770 ac
815 1730 1079 1785 proventibus
1093 1743 1185 1771 con-

228 1780 478 1839 fitndantur,
502 1789 583 1844 quo
594 1787 817 1832 communis
843 1788 935 1830 inde
964 1789 1116 1840 victus,
1148 1788 1186 1830 &

230 1843 391 1886 vestitus
404 1847 588 1889 omnibus
602 1845 843 1903 suppeditari
860 1846 975 1902 poffit
986 1875 999 1889 .

289 1914 331 1957 4·
393 1905 538 1959 Neque
555 1903 859 1958 Superioribus,
886 1905 1188 1961 quicunqueilli

183 1952 187 1957 ⁶
230 1958 303 2004 fint
317 1990 334 2013 ,
346 1959 432 2005 ullo
447 1964 562 2019 pae‘to
577 1961 696 2006 liceat
711 1961 860 2006 eisdem
875 1963 1078 2006 Fratribus
1093 1991 1107 2012 ‚
1123 1971 1191 2005 aut

230 2031 372 2063 eorum
385 2020 508 2065 alicui
523 2016 631 2066 bona
652 2021 826 2070 stabilia,
851 2023 972 2065 etiam
998 2021 1047 2063 ad
1062 2020 1194 2063 usum·-

233 2075 405 2121 frueium
421 2107 437 2132 ,
451 2080 514 2123 vel
534 2078 646 2124 usum
663 2107 677 2130 ,
692 2078 1076 2122 administrationem
1094 2107 1108 2129 ,
1125 2090 1193 2124 aut

230 2136 515 2181 commendam
528 2167 543 2188 ,
557 2139 679 2180 etiam
698 2136 864 2192 depofiti
879 2165 894 2189 ,
920 2148 989 2180 aut
1004 2138 1192 2182 eustodiae

231 2194 399 2238 nomine
413 2194 644 2239 concedere
658 2222 672 2237 .

287 2262 328 2303 s.
390 2255 544 2299 Eorum
560 2254 688 2304 vero,
718 2267 807 2310 quar
820 2253 869 2297 ad
887 2253 1191 2299 neceilitatem...

226 2309 407 2355 concessa
422 2323 569 2364 erunt,
585 2312 720 2356 nullus
734 2313 951 2369 quicquam
980 2312 1189 2370 possideat,

229 2379 274 2413 ut
292 2371 500 2430 proprium
512 2401 527 2426 ,
545 2386 677 2430 neque
692 2380 733 2413 ut
750 2376 920 2428 proprio
934 2382 1076 2416 utatur
1090 2402 1101 2413 .

285 2429 328 2472 6.
388 2432 473 2488 Qui
489 2431 528 2475 in
545 2427 824 2488 prcmifforum
850 2431 991 2488 aliquo
1003 2431 1189 2487 delique-

226 2487 285 2531 rit
297 2502 470 2590 ,specim
481 2516 498 2541 2
521 2490 669 2534 nedum
683 2488 704 2531 ὃ
720 2490 917 2534 Concilio
943 2489 1190 2534 Tridentino

226 2560 307 2603 pre
326 2549 495 2606 criptas,
507 2547 573 2593 sed
589 2549 683 2594 alias
705 2561 866 2606 quoque
881 2548 1010 2591 multo
1026 2550 1186 2604 gravio·

224 2619 320 2659 res,
330 2606 587 2666 Superiorum
611 2607 782 2653 arbitrio
802 2607 1063 2667 imponendas
1075 2639 1092 2663 ‚
1124 2609 1187 2654 in-

226 2676 367 2711 currat
381 2694 395 2710 ο

286 2737 333 2774 7.
396 2723 523 2768 Nulla
551 2738 885 2780 quorumcunque
924 2729 1185 2783 superiorum

228 2779 473 2839 dispensatio
484 2807 500 2830 ,
515 2782 626 2824 nulla
638 2781 801 2825 licentia
818 2810 831 2831 ‚
847 2787 1041 2839 quantum
1055 2788 1103 2829 ad
1116 2787 1189 2829 bo-

230 2854 281 2884 na
295 2839 518 2884 immobilia
531 2865 546 2888 ,
561 2839 628 2883 vel
645 2841 807 2883 mobilia
825 2844 983 2887 Fratres
997 2843 1190 2889 excusare

228 2898 347 2956 poffit
358 2927 374 2952 ,
401 2899 487 2956 quo
501 2899 632 2941 minus
645 2898 771 2955 culpae
785 2928 798 2950 ‚
824 2901 864 2942 δι
881 2916 1005 2949 poenae
1022 2905 1072 2948 ab
1084 2902 1185 2957 ejus·

230 2958 325 3000 dem
340 2957 519 3002 Concilii
533 2957 721 3002 Decretis
738 2958 926 3012 impofitoe
938 2990 952 3012 ,
977 2963 1017 3005 δι
1029 2962 1113 3019 iplb
1129 2961 1188 3005 fa-

230 3020 296 3059 Cto
315 3015 567 3060 incurrendae
578 3045 592 3069 ,
604 3016 769 3060 obnoxii
783 3018 855 3059 lint
869 3044 882 3068 ,
895 3020 1044 3063 etiamn
1064 3027 1190 3076 Supe-

230 3077 361 3121 riores
376 3074 597 3120 asseverent
614 3073 839 3133 hujusmodi
865 3076 1190 3133 dispensationes,

232 3146 302 3179 aut
322 3135 505 3179 licentias
520 3133 558 3177 se
571 3134 797 3178 concedere
826 3136 934 3190 posse
946 3164 961 3185 ,
985 3140 1127 3196 quibus
1151 3140 1190 3183 in

233 3205 279 3238 ea
295 3207 337 3238 re
350 3193 470 3239 fidem
491 3193 654 3238 minime
667 3192 853 3237 adhiberi
879 3195 1065 3241 volumus
1078 3226 1091 3240 .

262 3268 269 3274 v·
292 3254 332 3295 8.
391 3257 578 3298 Fratrum
594 3252 783 3305 vestitus,
795 3255 836 3296 δι
850 3252 1055 3309 suppellex
1069 3252 1189 3300 cella·

241 3321 330 3353 rum
351 3325 401 3356 ex
415 3313 617 3358 communi
644 3312 813 3368 pecunia
832 3326 1092 3373 comparetur
1106 3343 1120 3366 ,
1150 3318 1191 3358 δι

239 3368 402 3414 omnino
412 3370 625 3416 uniformis
641 3370 686 3413 fit
708 3374 886 3416 Fratrum
905 3398 920 3422 ‚
939 3379 979 3420 δι
991 3388 1187 3434 quorum·

238 3437 394 3482 cunque
407 3431 664 3487 superiorum
678 3458 694 3482 ,
707 3431 900 3489 statuique
923 3433 1186 3492 paupertatis,

238 3495 357 3535 ‘luam
368 3486 524 3541 profesti
540 3488 629 3534 sunt
643 3519 658 3542 ,
673 3492 881 3535 conveniat
895 3505 909 3534 :
944 3495 1000 3538 ita
1021 3502 1068 3537 ut
1084 3492 1185 3536 nihil

238 3540 427 3594 superfluff
441 3545 679 3592 admittatur
693 3563 710 3603 ς
726 3550 822 3593 nihil
837 3551 960 3596 etiam
973 3583 989 3607 ‚
1013 3551 1121 3610 quod
1138 3552 1186 3595 fit

239 3597 507 3655 neceffarium,
517 3607 638 3652 alicui
648 3609 871 3664 denegetur
886 3641 899 3655 .

221 3683 224 3686 ·
302 3670 341 3711 9·
402 3664 659 3722 Quaecunque
684 3670 869 3714 Fratrum
884 3671 1009 3715 vestes
1021 3701 1036 3723 ‚
1050 3672 1186 3715 five.»

240 3714 386 3770 laneaes
406 3718 486 3763 (ive
506 3721 617 3768 linea
630 3727 862 3785 ,omnisque
891 3731 967 3774 alia
979 3728 1184 3789 suppellex

1977 148 2015 223 3
2037 155 2068 196 2
2097 154 2134 234 ς

1260 269 1303 310 in
1330 269 1505 322 aliquem
1529 262 1787 307 commodum
1815 266 2051 312 Conventus
2076 274 2211 317 locum

1256 324 1496 365 deserantur
1508 351 1524 372 ,
1540 322 1674 374 ibique
1689 321 1740 360 ab
1756 335 1849 368 uno,
1867 324 1925 363 vel
1942 326 2098 367 duobus
2116 335 2209 373 Fra-

1256 380 1386 420 tribus
1402 380 1495 419 huic
1512 377 1670 420 muneri
1683 376 1889 429 deputatis
1905 381 2125 436 diligenter
2140 403 2209 428 cu·

1257 435 1498 484 stodiantur,
1514 444 1557 475 ut
1569 433 1663 474 inde
1677 436 1906 488 Superioris
1920 440 2107 492 arbitrio,
2120 456 2211 494 pro-

1252 504 1296 536 ut
1318 493 1533 547 unicuique
1548 505 1651 546 opus
1666 489 1788 535 fuerit
1803 522 1818 545 ,
1834 494 2117 539 subministrari
2141 513 2213 556 op-

1253 552 1430 608 portune
1446 550 1593 606 poffint
1606 580 1618 592 .

1315 622 1381 653 ιο.
1442 612 1593 651 Omnes
1621 610 1741 653 etiam
1756 611 1994 666 Superiores
2010 639 2023 662 ,
2039 613 2211 670 quicun-

1248 685 1329 726 que
1347 667 1405 712 illi
1425 668 1526 720 sint,
1554 669 1700 711 eodem
1719 684 1834 726 pane,
1849 671 1992 714 eodem
2011 673 2120 719 vino,
2144 686 2213 713 eo-

1251 731 1425 784 demque
1437 728 1610 771 obsonio
1626 757 1640 779 ‚
1662 728 1740 771 five
1756 731 1895 773 eadem
1907 730 1928 786 (
1942 742 1984 773 ut
1999 729 2136 788 ajunt)
2154 733 2214 786 pi-

1250 788 1395 839 tantia,
1406 787 1446 829 in
1463 788 1669 830 communi
1685 787 1818 832 mensa
1834 790 1979 846 prima,
1996 790 2058 833 vel
2075 789 2213 833 secun-

1250 850 1301 892 da
1315 876 1330 899 ,
1345 846 1411 889 nifi
1428 844 1676 890 infirmitatis
1695 845 1813 890 causa
1832 849 2015 903 impediti
2034 848 2211 900 suerint,

1248 905 1489 954 vescantur,
1517 920 1645 962 neque
1673 904 1872 962 fingulare
1906 908 2059 964 aliquid
2086 936 2102 959 ,
2132 921 2212 964 quo

1251 966 1439 1022 privatim
1451 965 1617 1021 quisque
1641 966 1679 1006 in
1696 965 1828 1007 cibum
1846 976 2000 1014 utatur,
2015 966 2103 1008 ullo
2119 980 2211 1007 mo-

1248 1025 1305 1068 do
1321 1023 1452 1068 afferri
1468 1023 1580 1078 poffit
1597 1054 1611 1076 ,
1632 1023 1656 1066 fi
1673 1025 1762 1081 quis
1789 1024 1826 1066 in
1841 1040 1885 1069 ea
1900 1040 1945 1067 re
1964 1025 2208 1080 peccaverit,

1249 1083 1346 1127 nihil
1366 1098 1414 1127 ea
1426 1083 1493 1125 die
1507 1083 1690 1128 alimenti
1717 1083 1916 1141 percipiat
1931 1110 1945 1134 ,
1969 1084 2037 1126 nili
2071 1096 2212 1140 panem

1248 1146 1288 1186 δι
1315 1156 1456 1200 aquam
1474 1170 1487 1183 .

1312 1217 1325 1244 ι
1340 1215 1374 1243 1.
1435 1201 1669 1258 Superiores
1684 1215 1825 1245 omnes
1841 1228 1855 1251 ‚
1882 1203 2003 1246 etiam
2022 1205 2212 1246 Genera·

1248 1259 1298 1302 lis
1316 1287 1331 1309 ,
1350 1261 1417 1315 qui
1434 1261 1645 1312 redditus,
1661 1272 1728 1308 aut
1745 1261 2017 1317 praeslationes
2035 1261 2215 1315 peculia-

1249 1331 1312 1360 res
1341 1320 1497 1361 ratione
1517 1318 1748 1362 officiorum
1763 1320 1911 1361 habent
1927 1346 1941 1367 ,
1978 1332 2125 1361 eorum
2145 1331 2214 1358 ac-

1247 1386 1367 1433 cepta
1383 1402 1398 1423 ‚
1414 1376 1456 1418 δι
1478 1376 1648 1431 expensa
1666 1378 1706 1419 in
1736 1376 1845 1419 libro
1863 1377 2053 1420 distincto
2083 1375 2212 1417 fideli-

1248 1445 1338 1486 ter,
1365 1436 1404 1476 δι
1426 1434 1648 1489 diligenter
1660 1436 1850 1479 adnotari
1875 1446 2022 1480 curent
2037 1464 2052 1487 ‚
2083 1449 2212 1489 neque

1251 1494 1290 1536 in
1317 1493 1421 1535 alios
1448 1494 1566 1546 usus,
1584 1494 1703 1550 quim
1739 1494 1901 1537 ratione
1925 1492 2119 1538 officiisui
2142 1507 2210 1534 ne-

1252 1551 1438 1595 ceffarios
1454 1579 1469 1602 ,
1482 1554 1697 1610 quicquam
1711 1552 1942 1606 expendant
1955 1581 1971 1594 .
1995 1556 2101 1596 Cum
2118 1552 2211 1594 vero

1250 1611 1472 1666 contigerit
1504 1607 1609 1666 ipsos
1638 1612 1677 1654 in
1690 1610 1829 1667 aliquo
1857 1614 2080 1654 Conventu
2097 1624 2213 1654 com-

1250 1670 1431 1719 morari,
1447 1684 1535 1712 eam
1551 1671 1726 1726 pecuniae
1739 1670 2010 1726 quantitatem
2031 1671 2070 1712 in
2099 1683 2214 1711 com-

1249 1743 1372 1773 mune
1385 1729 1595 1774 conferant
1610 1759 1624 1782 ,
1648 1744 1696 1772 ex
1711 1742 1787 1785 qua
1804 1729 1871 1769 fibi
1885 1756 1900 1779 ,
1923 1730 1964 1771 δι
1979 1730 2051 1777 iis,
2065 1728 2134 1783 qui
2157 1726 2215 1768 se·-

1247 1802 1340 1829 cum
1355 1801 1470 1830 erunt
1485 1818 1498 1839 ‚
1524 1790 1648 1830 vinus
1663 1788 1711 1829 ad
1732 1787 2004 1841 praescriptum
2023 1786 2184 1841 Regula
2198 1814 2213 1836 ,

1247 1846 1286 1888 &
1310 1847 1661 1890 Conllitutionum
1676 1844 1953 1900 suppeditetur
1967 1873 1980 1885 .

1315 1918 1381 1949 12.
1441 1903 1590 1949 Nullus
1614 1920 1661 1948 ex
1687 1903 1968 1958 Superioribus
1993 1902 2181 1945 locorum
2198 1931 2213 1954 ‚

1253 1961 1639 2006 administrationem
1660 1963 1858 2005 bonorum
1873 1989 1889 2014 ‚
1918 1972 1988 2003 aut
2009 1961 2212 2005 aliarum,

1254 2034 1386 2062 rerum
1403 2049 1418 2070 ,
1434 2019 1850 2076 dispensationemque
1873 2019 2132 2072 pecuniarum
2146 2045 2162 2069 ,
2174 2020 2214 2074 ἃς

1255 2078 1485 2120 reddituum
1503 2077 1558 2123 sui
1572 2074 1810 2124 Conventus
1824 2105 1836 2127 ,
1850 2076 1971 2118 etiam
1996 2077 2214 2120 nominss..

1253 2136 1496 2180 Conventus
1510 2167 1524 2190 ,
1539 2154 1611 2191 per
1629 2138 1666 2180 se
1683 2134 1806 2192 ipsum
1823 2135 1990 2186 habere,
2006 2134 2084 2178 five
2097 2148 2213 2177 exer-

1253 2208 1347 2237 cere
1375 2195 1515 2248 poffit3
1542 2198 1607 2239 sed
1634 2194 1858 2237 universum
1892 2195 1931 2237 id
1960 2207 2056 2236 onus
2085 2193 2212 2235 tribus

1253 2254 1466 2297 fratribus
1490 2254 1667 2308 ejusdem
1695 2250 1936 2297 Conventus
1965 2253 1984 2293 εὶ
2014 2252 2208 2295 Generali

1251 2312 1307 2355 ita
1332 2312 1602 2357 demandetur
1627 2343 1642 2365 ,
1669 2324 1711 2355 ut
1739 2324 1836 2353 unus
1860 2325 1989 2353 rerum
2017 2313 2053 2352 δι
2070 2312 2203 2353 bono-

1250 2386 1338 2416 rum
1362 2401 1376 2424 ,
1408 2372 1723 2430 reddituumque
1757 2368 2080 2425 colligendorum
2111 2398 2125 2420 ,
2157 2383 2202 2410 ac

1250 2431 1542 2488 exigendorum
1559 2448 1698 2476 curam
1718 2430 1864 2474 habeat
1880 2442 1894 2470 ε
1910 2430 2011 2472 alter
2023 2440 2212 2484 tanquam

1248 2492 1540 2545 depolitarius‚
1568 2492 1754 2547 pecunias
1775 2515 1789 2538 ‚
1818 2500 1862 2529 ac
1892 2498 2035 2532 caetera
2060 2490 2110 2528 ab
2139 2486 2212 2527 illo

1248 2550 1422 2593 collecta
1454 2552 1494 2592 δι
1521 2554 1656 2594 exaaa
1683 2547 1860 2593 fideliter
1884 2546 2078 2589 affcrvet:
2106 2545 2206 2585 alius

1247 2610 1299 2653 de
1317 2611 1498 2666 pecuniis
1512 2637 1525 2658 ‚
1538 2611 1575 2652 δι
1592 2612 1708 2654 rebus
1730 2611 1753 2653 ὲ
1767 2606 2019 2660 Depofitario
2033 2605 2209 2658 acceptis

1250 2669 1459 2721 Priori‚&
1479 2670 1686 2711 Fratribus
1699 2682 1769 2717 ,ac
1791 2666 2023 2707 Conventui
2053 2665 2207 2705 univcr-

1249 2730 1290 2772 lb
1315 2729 1367 2773 de
1400 2727 1624 2772 necell'ariis
1650 2756 1666 2780 ,
1699 2724 1915 2769 mandante
1959 2734 2096 2764 tamen
2126 2721 2208 2776 ipso

1248 2788 1418 2838 Priore,
1436 2801 1517 2830 non
1534 2785 1751 2831 secundum
1783 2782 1995 2839 proprium
2008 2780 2208 2829 affectum,

1250 2843 1315 2887 sed
1337 2845 1673 2900 juxtacharitatis
1694 2841 1874 2896 regulam
1889 2868 1904 2892 ,
1936 2839 2065 2883 veluti
2079 2838 2207 2881 bonus

1247 2901 1494 2958 dispensator
1507 2904 1718 2958 provideat
1735 2926 1750 2949 ,
1764 2896 1995 2940 officiorum
2007 2897 2210 2953 hujusmo-

1251 2963 1291 3006 di
1309 2961 1540 3006 consulione
1555 2961 1713 3016 penitus
1743 2954 1950 2998 interdifia
1965 2983 1977 2995 .

1317 3036 1378 3076 13.
1425 3021 1628 3063 Ceterum
1646 3018 1684 3060 hi
1701 3028 1782 3060 tres
1798 3024 1880 3056 tam
1899 3009 2206 3067 impenfi,quam

1252 3079 1406 3133 accepti
1432 3077 1592 3134 singulis
1617 3076 1815 3120 mensibus
1837 3071 2044 3128 Superiori
2083 3068 2205 3111 locali

1251 3138 1443 3181 adhibitis
1466 3137 1587 3180 etiam
1600 3136 1782 3182 duobus,
1804 3131 1868 3174 vel
1899 3131 2026 3181 tribus
2054 3130 2207 3171 Fratri·

1252 3200 1322 3242 bus
1344 3195 1519 3251 ejusdem
1533 3192 1771 3240 Conventt'is
1792 3189 2090 3246 probatioribus
2105 3215 2120 3238 ,
2146 3200 2206 3229 re·

1251 3269 1420 3311 rumque
1445 3256 1512 3298 usu
1528 3256 1694 3311 peritis,
1716 3253 1910 3295 rationem
1927 3248 2117 3291 reddant:
2131 3247 2208 3287 De-

1248 3315 1340 3358 inde
1355 3315 1507 3370 ipsimet
1523 3313 1654 3360 rursus
1671 3342 1686 3364 ,
1712 3308 1965 3367 praesentibus
1982 3308 2122 3349 Priore
2137 3330 2151 3352 ‚
2167 3305 2207 3345 δι

1247 3374 1387 3431 peritis
1403 3375 1596 3430 praedictis
1609 3401 1624 3423 ,
1643 3372 1763 3416 etiam
1778 3366 1968 3410 Generali
1980 3395 1995 3419 ‚
2009 3378 2102 3407 cum
2133 3361 2205 3430 ad-

1247 3434 1430 3478 venerit:
1459 3434 1633 3489 denique
1658 3429 1738 3486 ipse
1752 3425 1963 3470 Generalis
1980 3453 1995 3476 ,
2012 3426 2050 3466 in
2065 3421 2202 3478 quoli-

1245 3494 1314 3536 bet
1337 3493 1519 3547 proximo
1547 3489 1743 3545 Capitulo
1759 3484 1955 3529 Generali
1970 3482 2109 3525 saltem
2131 3495 2201 3521 co·

1247 3565 1330 3595 ram
1353 3551 1479 3593 tribus
1505 3549 1729 3604 judicibus,
1753 3547 1803 3587 ab
1832 3545 1912 3600 ipso
1933 3543 2123 3607 Capitulo
2150 3538 2198 3579 ad

1248 3611 1325 3652 hoc
1348 3608 1576 3651 constitutis
1591 3638 1606 3659 ,
1626 3605 1789 3648 illorum
1803 3603 1983 3645 omnium
1997 3630 2012 3653 ,
2042 3614 2105 3642 uni
2116 3608 2199 3638 ver-

1248 3667 1411 3724 samque
1429 3667 1500 3711 suae
1522 3663 1876 3710 administrationis
1903 3673 1986 3704 tam
2005 3657 2169 3715 publicae
2183 3675 2197 3696 2

1247 3728 1367 3784 ‘1⁰3²OE
1380 3727 1546 3785 privata
1575 3725 1774 3770 rationem
1794 3721 1967 3766 reddere
1991 3722 2201 3809 εεοεέἑῗτ,
