<?xml version="1.0" encoding="UTF-8"?>
<!DOCTYPE html PUBLIC "-//W3C//DTD XHTML 1.0 Transitional//EN"
    "http://www.w3.org/TR/xhtml1/DTD/xhtml1-transitional.dtd">
<html xmlns="http://www.w3.org/1999/xhtml" xml:lang="en" lang="en">
 <head>
  <title>
</title>
<meta http-equiv="Content-Type" content="text/html;charset=utf-8" />
  <meta name='ocr-system' content='tesseract 3.04.00' />
  <meta name='ocr-capabilities' content='ocr_page ocr_carea ocr_par ocr_line ocrx_word'/>
</head>
<body>
  <div class='ocr_page' id='page_1' title='image "./bullariumordinis06cath/bullariumordinis06cath_0169.png"; bbox 0 0 2444 4192; ppageno 0'>
   <div class='ocr_carea' id='block_1_1' title="bbox 106 2514 1176 2633">
    <p class='ocr_par' dir='ltr' id='par_1_1' title="bbox 106 2514 1176 2633">
     <span class='ocr_line' id='line_1_1' title="bbox 111 2514 988 2574; baseline 0.006 -13"><span class='ocrx_word' id='word_1_1' title='bbox 111 2571 114 2574; x_wconf 69' lang='lat'>,</span> <span class='ocrx_word' id='word_1_2' title='bbox 202 2529 348 2561; x_wconf 76' lang='lat' dir='ltr'>rarum</span> <span class='ocrx_word' id='word_1_3' title='bbox 360 2530 377 2570; x_wconf 70' lang='grc' dir='ltr'>ς</span> <span class='ocrx_word' id='word_1_4' title='bbox 391 2514 456 2565; x_wconf 75' lang='lat' dir='ltr'>sed</span> <span class='ocrx_word' id='word_1_5' title='bbox 473 2517 840 2564; x_wconf 77' lang='lat' dir='ltr'>noviffimisdiebus</span> <span class='ocrx_word' id='word_1_6' title='bbox 851 2521 988 2566; x_wconf 79' lang='lat' dir='ltr'>divina</span> 
     </span>
     <span class='ocr_line' id='line_1_2' title="bbox 106 2574 1176 2633; baseline 0.009 -18"><span class='ocrx_word' id='word_1_7' title='bbox 106 2604 111 2615; x_wconf 85' lang='grc'><strong>.</strong></span> <span class='ocrx_word' id='word_1_8' title='bbox 199 2574 314 2629; x_wconf 70' lang='lat' dir='ltr'>satio</span> <span class='ocrx_word' id='word_1_9' title='bbox 328 2575 598 2622; x_wconf 76' lang='lat' dir='ltr'>exuberanter</span> <span class='ocrx_word' id='word_1_10' title='bbox 619 2579 762 2623; x_wconf 78' lang='lat' dir='ltr'>effudit</span> <span class='ocrx_word' id='word_1_11' title='bbox 780 2610 794 2633; x_wconf 87' lang='lat'>,</span> <span class='ocrx_word' id='word_1_12' title='bbox 827 2594 920 2623; x_wconf 90' lang='lat' dir='ltr'>cum</span> <span class='ocrx_word' id='word_1_13' title='bbox 949 2581 989 2624; x_wconf 92' lang='lat' dir='ltr'>in</span> <span class='ocrx_word' id='word_1_14' title='bbox 1020 2581 1176 2626; x_wconf 88' lang='lat' dir='ltr'>multo-</span> 
     </span>
    </p>
   </div>
   <div class='ocr_carea' id='block_1_2' title="bbox 828 193 1565 277">
    <p class='ocr_par' dir='ltr' id='par_1_2' title="bbox 828 193 1565 277">
     <span class='ocr_line' id='line_1_3' title="bbox 828 193 1565 277; baseline -0.004 0"><span class='ocrx_word' id='word_1_15' title='bbox 828 195 994 277; x_wconf 81' lang='lat' dir='ltr'>Sub</span> <span class='ocrx_word' id='word_1_16' title='bbox 1060 195 1391 276; x_wconf 78' lang='lat' dir='ltr'>Nicolao</span> <span class='ocrx_word' id='word_1_17' title='bbox 1463 193 1565 274; x_wconf 91' lang='lat' dir='ltr'>V.</span> 
     </span>
    </p>
   </div>
   <div class='ocr_carea' id='block_1_3' title="bbox 172 336 1184 2565">
    <p class='ocr_par' dir='ltr' id='par_1_3' title="bbox 172 336 1184 2565">
     <span class='ocr_line' id='line_1_4' title="bbox 214 336 1180 397; baseline -0.003 -10"><span class='ocrx_word' id='word_1_18' title='bbox 214 358 312 390; x_wconf 75' lang='lat' dir='ltr'>,eum</span> <span class='ocrx_word' id='word_1_19' title='bbox 329 349 527 386; x_wconf 88' lang='lat' dir='ltr'>terrarum</span> <span class='ocrx_word' id='word_1_20' title='bbox 540 339 691 397; x_wconf 89' lang='lat' dir='ltr'>ubique</span> <span class='ocrx_word' id='word_1_21' title='bbox 706 336 920 383; x_wconf 88' lang='lat' dir='ltr'>videamus</span> <span class='ocrx_word' id='word_1_22' title='bbox 932 370 946 392; x_wconf 86' lang='lat'>,</span> <span class='ocrx_word' id='word_1_23' title='bbox 973 343 1040 386; x_wconf 85' lang='lat' dir='ltr'>ubi</span> <span class='ocrx_word' id='word_1_24' title='bbox 1056 343 1180 386; x_wconf 85' lang='lat' dir='ltr'>floret</span> 
     </span>
     <span class='ocr_line' id='line_1_5' title="bbox 219 398 1180 455; baseline -0.004 -7"><span class='ocrx_word' id='word_1_25' title='bbox 219 402 364 448; x_wconf 85' lang='lat' dir='ltr'>Christi</span> <span class='ocrx_word' id='word_1_26' title='bbox 379 399 541 455; x_wconf 83' lang='lat' dir='ltr'>religio,</span> <span class='ocrx_word' id='word_1_27' title='bbox 554 398 662 442; x_wconf 87' lang='lat' dir='ltr'>sacra</span> <span class='ocrx_word' id='word_1_28' title='bbox 677 399 882 442; x_wconf 87' lang='lat' dir='ltr'>Coenobia</span> <span class='ocrx_word' id='word_1_29' title='bbox 898 401 1180 451; x_wconf 88' lang='lat' dir='ltr'>Viris‚Mulie·</span> 
     </span>
     <span class='ocr_line' id='line_1_6' title="bbox 218 455 1173 516; baseline -0.005 -11"><span class='ocrx_word' id='word_1_30' title='bbox 218 463 403 516; x_wconf 79' lang='lat' dir='ltr'>ribusque</span> <span class='ocrx_word' id='word_1_31' title='bbox 429 457 578 501; x_wconf 90' lang='lat' dir='ltr'>referta</span> <span class='ocrx_word' id='word_1_32' title='bbox 594 487 608 510; x_wconf 86' lang='lat'>‚</span> <span class='ocrx_word' id='word_1_33' title='bbox 630 458 697 515; x_wconf 86' lang='lat' dir='ltr'>qui</span> <span class='ocrx_word' id='word_1_34' title='bbox 719 455 864 513; x_wconf 80' lang='lat' dir='ltr'>seipsos</span> <span class='ocrx_word' id='word_1_35' title='bbox 890 458 1173 514; x_wconf 83' lang='lat' dir='ltr'>omnipotenti</span> 
     </span>
     <span class='ocr_line' id='line_1_7' title="bbox 217 515 1174 568; baseline -0.006 -5"><span class='ocrx_word' id='word_1_36' title='bbox 217 523 311 563; x_wconf 89' lang='lat' dir='ltr'>Deo</span> <span class='ocrx_word' id='word_1_37' title='bbox 324 521 452 562; x_wconf 80' lang='lat' dir='ltr'>sacras</span> <span class='ocrx_word' id='word_1_38' title='bbox 479 518 659 561; x_wconf 58' lang='lat' dir='ltr'>victimas</span> <span class='ocrx_word' id='word_1_39' title='bbox 675 515 966 568; x_wconf 67' lang='lat' dir='ltr'>immolarunt3</span> <span class='ocrx_word' id='word_1_40' title='bbox 997 531 1090 558; x_wconf 92' lang='lat' dir='ltr'>cum</span> <span class='ocrx_word' id='word_1_41' title='bbox 1116 516 1174 560; x_wconf 91' lang='lat' dir='ltr'>vi-</span> 
     </span>
     <span class='ocr_line' id='line_1_8' title="bbox 217 574 1177 621; baseline -0.006 0"><span class='ocrx_word' id='word_1_42' title='bbox 217 577 377 621; x_wconf 80' lang='lat' dir='ltr'>deamus</span> <span class='ocrx_word' id='word_1_43' title='bbox 406 574 722 620; x_wconf 85' lang='lat' dir='ltr'>innumerabiles</span> <span class='ocrx_word' id='word_1_44' title='bbox 743 574 833 619; x_wconf 85' lang='lat' dir='ltr'>sere</span> <span class='ocrx_word' id='word_1_45' title='bbox 859 574 1112 617; x_wconf 70' lang='lat' dir='ltr'>sanctiffimos</span> <span class='ocrx_word' id='word_1_46' title='bbox 1137 576 1177 616; x_wconf 87' lang='lat'>&amp;</span> 
     </span>
     <span class='ocr_line' id='line_1_9' title="bbox 210 633 1177 690; baseline -0.006 -9"><span class='ocrx_word' id='word_1_47' title='bbox 210 635 490 682; x_wconf 72' lang='lat' dir='ltr'>devotiffimos</span> <span class='ocrx_word' id='word_1_48' title='bbox 516 635 743 679; x_wconf 83' lang='lat' dir='ltr'>sacerdotes</span> <span class='ocrx_word' id='word_1_49' title='bbox 768 633 986 690; x_wconf 83' lang='lat' dir='ltr'>fungentes</span> <span class='ocrx_word' id='word_1_50' title='bbox 1012 633 1084 676; x_wconf 94' lang='lat' dir='ltr'>suo</span> <span class='ocrx_word' id='word_1_51' title='bbox 1099 635 1177 675; x_wconf 89' lang='lat' dir='ltr'>mi-</span> 
     </span>
     <span class='ocr_line' id='line_1_10' title="bbox 213 694 1177 750; baseline -0.003 -13"><span class='ocrx_word' id='word_1_52' title='bbox 213 694 378 739; x_wconf 82' lang='lat' dir='ltr'>nisterio</span> <span class='ocrx_word' id='word_1_53' title='bbox 392 695 433 739; x_wconf 91' lang='lat' dir='ltr'>id</span> <span class='ocrx_word' id='word_1_54' title='bbox 450 695 620 750; x_wconf 87' lang='lat' dir='ltr'>implere</span> <span class='ocrx_word' id='word_1_55' title='bbox 634 694 772 737; x_wconf 90' lang='lat' dir='ltr'>conari</span> <span class='ocrx_word' id='word_1_56' title='bbox 787 722 802 746; x_wconf 88' lang='lat'>‚</span> <span class='ocrx_word' id='word_1_57' title='bbox 815 703 859 736; x_wconf 93' lang='lat' dir='ltr'>ut</span> <span class='ocrx_word' id='word_1_58' title='bbox 876 694 926 736; x_wconf 81' lang='lat' dir='ltr'>ab</span> <span class='ocrx_word' id='word_1_59' title='bbox 941 694 1015 735; x_wconf 86' lang='lat' dir='ltr'>hac</span> <span class='ocrx_word' id='word_1_60' title='bbox 1032 706 1177 735; x_wconf 81' lang='lat' dir='ltr'>carna-</span> 
     </span>
     <span class='ocr_line' id='line_1_11' title="bbox 210 750 1175 811; baseline -0.003 -16"><span class='ocrx_word' id='word_1_61' title='bbox 210 753 240 796; x_wconf 91' lang='lat' dir='ltr'>li</span> <span class='ocrx_word' id='word_1_62' title='bbox 258 756 341 798; x_wconf 82' lang='lat' dir='ltr'>vita</span> <span class='ocrx_word' id='word_1_63' title='bbox 363 755 402 796; x_wconf 89' lang='lat' dir='ltr'>in</span> <span class='ocrx_word' id='word_1_64' title='bbox 428 752 910 811; x_wconf 79' lang='lat' dir='ltr'>spiritualemtranseant,</span> <span class='ocrx_word' id='word_1_65' title='bbox 937 754 978 795; x_wconf 76' lang='grc' dir='ltr'>δε</span> <span class='ocrx_word' id='word_1_66' title='bbox 1006 750 1028 794; x_wconf 72' lang='lat' dir='ltr'>a</span> <span class='ocrx_word' id='word_1_67' title='bbox 1047 750 1175 794; x_wconf 78' lang='lat' dir='ltr'>saeculi</span> 
     </span>
     <span class='ocr_line' id='line_1_12' title="bbox 212 810 1177 871; baseline -0.003 -16"><span class='ocrx_word' id='word_1_68' title='bbox 212 814 331 869; x_wconf 77' lang='lat' dir='ltr'>hujus</span> <span class='ocrx_word' id='word_1_69' title='bbox 348 812 683 871; x_wconf 83' lang='lat' dir='ltr'>concupiscentiis</span> <span class='ocrx_word' id='word_1_70' title='bbox 712 812 962 856; x_wconf 87' lang='lat' dir='ltr'>immaculati</span> <span class='ocrx_word' id='word_1_71' title='bbox 987 810 1177 867; x_wconf 83' lang='lat' dir='ltr'>illaefique</span> 
     </span>
     <span class='ocr_line' id='line_1_13' title="bbox 212 871 1177 928; baseline -0.003 -12"><span class='ocrx_word' id='word_1_72' title='bbox 212 881 475 928; x_wconf 81' lang='lat' dir='ltr'>permaneant</span> <span class='ocrx_word' id='word_1_73' title='bbox 487 900 502 924; x_wconf 82' lang='lat'>‚</span> <span class='ocrx_word' id='word_1_74' title='bbox 523 885 619 915; x_wconf 89' lang='lat' dir='ltr'>cum</span> <span class='ocrx_word' id='word_1_75' title='bbox 633 885 683 916; x_wconf 85' lang='lat' dir='ltr'>ex</span> <span class='ocrx_word' id='word_1_76' title='bbox 693 871 975 915; x_wconf 89' lang='lat' dir='ltr'>innumerabili</span> <span class='ocrx_word' id='word_1_77' title='bbox 993 871 1177 913; x_wconf 89' lang='lat' dir='ltr'>multitu·</span> 
     </span>
     <span class='ocr_line' id='line_1_14' title="bbox 208 930 1179 988; baseline -0.001 -15"><span class='ocrx_word' id='word_1_78' title='bbox 208 931 307 974; x_wconf 89' lang='lat' dir='ltr'>dine</span> <span class='ocrx_word' id='word_1_79' title='bbox 321 930 462 987; x_wconf 88' lang='lat' dir='ltr'>populi</span> <span class='ocrx_word' id='word_1_80' title='bbox 476 955 490 979; x_wconf 88' lang='lat'>,</span> <span class='ocrx_word' id='word_1_81' title='bbox 515 944 608 987; x_wconf 89' lang='lat' dir='ltr'>pars</span> <span class='ocrx_word' id='word_1_82' title='bbox 620 945 703 975; x_wconf 89' lang='lat' dir='ltr'>non</span> <span class='ocrx_word' id='word_1_83' title='bbox 719 933 861 988; x_wconf 86' lang='lat' dir='ltr'>exigua</span> <span class='ocrx_word' id='word_1_84' title='bbox 876 945 948 987; x_wconf 89' lang='lat' dir='ltr'>per</span> <span class='ocrx_word' id='word_1_85' title='bbox 965 930 1179 986; x_wconf 82' lang='lat' dir='ltr'>Evangelii</span> 
     </span>
     <span class='ocr_line' id='line_1_15' title="bbox 208 987 1178 1048; baseline 0.001 -17"><span class='ocrx_word' id='word_1_86' title='bbox 208 987 391 1033; x_wconf 82' lang='lat' dir='ltr'>semitam</span> <span class='ocrx_word' id='word_1_87' title='bbox 405 988 574 1034; x_wconf 87' lang='lat' dir='ltr'>transire</span> <span class='ocrx_word' id='word_1_88' title='bbox 590 999 767 1035; x_wconf 86' lang='lat' dir='ltr'>conatur</span> <span class='ocrx_word' id='word_1_89' title='bbox 779 1020 794 1044; x_wconf 86' lang='lat'>,</span> <span class='ocrx_word' id='word_1_90' title='bbox 830 990 1041 1048; x_wconf 88' lang='lat' dir='ltr'>implendo</span> <span class='ocrx_word' id='word_1_91' title='bbox 1061 1005 1178 1032; x_wconf 87' lang='lat' dir='ltr'>man·</span> 
     </span>
     <span class='ocr_line' id='line_1_16' title="bbox 208 1048 1177 1106; baseline 0.001 -15"><span class='ocrx_word' id='word_1_92' title='bbox 208 1048 315 1092; x_wconf 77' lang='lat' dir='ltr'>data</span> <span class='ocrx_word' id='word_1_93' title='bbox 334 1049 516 1093; x_wconf 86' lang='lat' dir='ltr'>coelestia</span> <span class='ocrx_word' id='word_1_94' title='bbox 533 1077 547 1100; x_wconf 84' lang='lat'>,</span> <span class='ocrx_word' id='word_1_95' title='bbox 566 1050 771 1106; x_wconf 73' lang='lat' dir='ltr'>quantum·</span> <span class='ocrx_word' id='word_1_96' title='bbox 789 1050 878 1094; x_wconf 87' lang='lat' dir='ltr'>sinit</span> <span class='ocrx_word' id='word_1_97' title='bbox 905 1050 1091 1094; x_wconf 87' lang='lat' dir='ltr'>mortalis</span> <span class='ocrx_word' id='word_1_98' title='bbox 1116 1051 1177 1092; x_wconf 88' lang='lat' dir='ltr'>in·</span> 
     </span>
     <span class='ocr_line' id='line_1_17' title="bbox 208 1106 1178 1167; baseline -0.001 -16"><span class='ocrx_word' id='word_1_99' title='bbox 208 1106 376 1162; x_wconf 77' lang='lat' dir='ltr'>firmitas</span> <span class='ocrx_word' id='word_1_100' title='bbox 389 1138 401 1151; x_wconf 87' lang='lat'><strong>.</strong></span> <span class='ocrx_word' id='word_1_101' title='bbox 435 1111 530 1152; x_wconf 86' lang='lat' dir='ltr'>Haec</span> <span class='ocrx_word' id='word_1_102' title='bbox 543 1108 646 1153; x_wconf 66' lang='lat' dir='ltr'>faeta</span> <span class='ocrx_word' id='word_1_103' title='bbox 661 1108 751 1154; x_wconf 87' lang='lat' dir='ltr'>sunt</span> <span class='ocrx_word' id='word_1_104' title='bbox 762 1107 901 1153; x_wconf 77' lang='lat' dir='ltr'>divina</span> <span class='ocrx_word' id='word_1_105' title='bbox 914 1107 1178 1167; x_wconf 69' lang='lat' dir='ltr'>providentia</span> 
     </span>
     <span class='ocr_line' id='line_1_18' title="bbox 186 1169 1178 1226; baseline -0.001 -15"><span class='ocrx_word' id='word_1_106' title='bbox 186 1214 190 1219; x_wconf 69' lang='grc'>,</span> <span class='ocrx_word' id='word_1_107' title='bbox 209 1181 287 1223; x_wconf 83' lang='lat' dir='ltr'>per</span> <span class='ocrx_word' id='word_1_108' title='bbox 299 1169 585 1213; x_wconf 82' lang='lat' dir='ltr'>humanitatem</span> <span class='ocrx_word' id='word_1_109' title='bbox 600 1169 907 1226; x_wconf 69' lang='lat' dir='ltr'>doetrinamque</span> <span class='ocrx_word' id='word_1_110' title='bbox 922 1169 1092 1222; x_wconf 79' lang='lat' dir='ltr'>christi,</span> <span class='ocrx_word' id='word_1_111' title='bbox 1104 1181 1178 1226; x_wconf 89' lang='lat' dir='ltr'>per</span> 
     </span>
     <span class='ocr_line' id='line_1_19' title="bbox 207 1225 1176 1286; baseline 0.003 -18"><span class='ocrx_word' id='word_1_112' title='bbox 207 1227 324 1284; x_wconf 84' lang='lat' dir='ltr'>ipsius</span> <span class='ocrx_word' id='word_1_113' title='bbox 341 1225 558 1282; x_wconf 75' lang='lat' dir='ltr'>passionem</span> <span class='ocrx_word' id='word_1_114' title='bbox 588 1227 630 1269; x_wconf 82' lang='grc' dir='ltr'>8ι</span> <span class='ocrx_word' id='word_1_115' title='bbox 660 1234 856 1280; x_wconf 81' lang='lat' dir='ltr'>mortem3</span> <span class='ocrx_word' id='word_1_116' title='bbox 878 1241 951 1285; x_wconf 89' lang='lat' dir='ltr'>per</span> <span class='ocrx_word' id='word_1_117' title='bbox 964 1227 1176 1286; x_wconf 84' lang='lat' dir='ltr'>Apostolo-</span> 
     </span>
     <span class='ocr_line' id='line_1_20' title="bbox 206 1285 1173 1341; baseline 0 -12"><span class='ocrx_word' id='word_1_118' title='bbox 206 1295 298 1329; x_wconf 80' lang='lat' dir='ltr'>rum</span> <span class='ocrx_word' id='word_1_119' title='bbox 318 1285 464 1328; x_wconf 89' lang='lat' dir='ltr'>itinera</span> <span class='ocrx_word' id='word_1_120' title='bbox 480 1314 496 1336; x_wconf 92' lang='lat'>,</span> <span class='ocrx_word' id='word_1_121' title='bbox 521 1299 593 1340; x_wconf 89' lang='lat' dir='ltr'>per</span> <span class='ocrx_word' id='word_1_122' title='bbox 621 1288 855 1341; x_wconf 87' lang='lat' dir='ltr'>Martyrum</span> <span class='ocrx_word' id='word_1_123' title='bbox 870 1286 1142 1330; x_wconf 78' lang='lat' dir='ltr'>contumelias</span> <span class='ocrx_word' id='word_1_124' title='bbox 1158 1316 1173 1338; x_wconf 89' lang='lat'>,</span> 
     </span>
     <span class='ocr_line' id='line_1_21' title="bbox 204 1343 1175 1403; baseline -0.001 -14"><span class='ocrx_word' id='word_1_125' title='bbox 204 1357 350 1389; x_wconf 79' lang='lat' dir='ltr'>eruces</span> <span class='ocrx_word' id='word_1_126' title='bbox 366 1371 380 1395; x_wconf 84' lang='lat'><strong>‚</strong></span> <span class='ocrx_word' id='word_1_127' title='bbox 407 1343 637 1400; x_wconf 86' lang='lat' dir='ltr'>sanguinem</span> <span class='ocrx_word' id='word_1_128' title='bbox 651 1373 666 1397; x_wconf 87' lang='lat'>‚</span> <span class='ocrx_word' id='word_1_129' title='bbox 696 1353 899 1399; x_wconf 77' lang='lat' dir='ltr'>mortem3</span> <span class='ocrx_word' id='word_1_130' title='bbox 922 1360 994 1403; x_wconf 89' lang='lat' dir='ltr'>per</span> <span class='ocrx_word' id='word_1_131' title='bbox 1008 1348 1175 1390; x_wconf 69' lang='lat' dir='ltr'>Sancto-</span> 
     </span>
     <span class='ocr_line' id='line_1_22' title="bbox 200 1401 1175 1462; baseline 0.002 -16"><span class='ocrx_word' id='word_1_132' title='bbox 200 1415 297 1451; x_wconf 60' lang='grc' dir='ltr'>πω</span> <span class='ocrx_word' id='word_1_133' title='bbox 310 1401 609 1461; x_wconf 85' lang='lat' dir='ltr'>praedicabilem</span> <span class='ocrx_word' id='word_1_134' title='bbox 625 1404 750 1447; x_wconf 78' lang='lat' dir='ltr'>vitam</span> <span class='ocrx_word' id='word_1_135' title='bbox 767 1431 782 1455; x_wconf 83' lang='lat'>‚</span> <span class='ocrx_word' id='word_1_136' title='bbox 813 1413 935 1462; x_wconf 89' lang='lat' dir='ltr'>atque</span> <span class='ocrx_word' id='word_1_137' title='bbox 951 1406 990 1448; x_wconf 92' lang='lat' dir='ltr'>in</span> <span class='ocrx_word' id='word_1_138' title='bbox 1007 1405 1067 1448; x_wconf 85' lang='lat' dir='ltr'>his</span> <span class='ocrx_word' id='word_1_139' title='bbox 1083 1406 1175 1448; x_wconf 91' lang='lat' dir='ltr'>uni-</span> 
     </span>
     <span class='ocr_line' id='line_1_23' title="bbox 202 1461 1176 1522; baseline 0 -16"><span class='ocrx_word' id='word_1_140' title='bbox 202 1463 356 1515; x_wconf 61' lang='lat' dir='ltr'>versis,</span> <span class='ocrx_word' id='word_1_141' title='bbox 381 1461 502 1519; x_wconf 87' lang='lat' dir='ltr'>digna</span> <span class='ocrx_word' id='word_1_142' title='bbox 530 1464 646 1508; x_wconf 89' lang='lat' dir='ltr'>rebus</span> <span class='ocrx_word' id='word_1_143' title='bbox 673 1463 796 1505; x_wconf 88' lang='lat' dir='ltr'>tantis</span> <span class='ocrx_word' id='word_1_144' title='bbox 810 1473 929 1522; x_wconf 90' lang='lat' dir='ltr'>atque</span> <span class='ocrx_word' id='word_1_145' title='bbox 958 1464 1176 1509; x_wconf 81' lang='lat' dir='ltr'>virtutibus</span> 
     </span>
     <span class='ocr_line' id='line_1_24' title="bbox 207 1523 1178 1580; baseline 0 -15"><span class='ocrx_word' id='word_1_146' title='bbox 207 1530 289 1578; x_wconf 73' lang='lat' dir='ltr'>pro</span> <span class='ocrx_word' id='word_1_147' title='bbox 329 1531 559 1578; x_wconf 86' lang='lat' dir='ltr'>temporum</span> <span class='ocrx_word' id='word_1_148' title='bbox 601 1523 887 1580; x_wconf 72' lang='lat' dir='ltr'>oportunitate</span> <span class='ocrx_word' id='word_1_149' title='bbox 929 1524 1126 1568; x_wconf 88' lang='lat' dir='ltr'>miracula</span> <span class='ocrx_word' id='word_1_150' title='bbox 1165 1553 1178 1565; x_wconf 90' lang='lat'><strong>.</strong></span> 
     </span>
     <span class='ocr_line' id='line_1_25' title="bbox 206 1578 1176 1640; baseline 0.003 -17"><span class='ocrx_word' id='word_1_151' title='bbox 206 1583 376 1636; x_wconf 80' lang='lat' dir='ltr'>Quanta</span> <span class='ocrx_word' id='word_1_152' title='bbox 392 1581 492 1624; x_wconf 77' lang='lat' dir='ltr'>veto</span> <span class='ocrx_word' id='word_1_153' title='bbox 507 1579 564 1624; x_wconf 83' lang='lat' dir='ltr'>est</span> <span class='ocrx_word' id='word_1_154' title='bbox 582 1580 655 1624; x_wconf 87' lang='lat' dir='ltr'>illa</span> <span class='ocrx_word' id='word_1_155' title='bbox 667 1581 805 1626; x_wconf 80' lang='lat' dir='ltr'>divina</span> <span class='ocrx_word' id='word_1_156' title='bbox 819 1578 1051 1632; x_wconf 84' lang='lat' dir='ltr'>miseratio,</span> <span class='ocrx_word' id='word_1_157' title='bbox 1063 1583 1176 1640; x_wconf 88' lang='lat' dir='ltr'>quod</span> 
     </span>
     <span class='ocr_line' id='line_1_26' title="bbox 204 1638 1176 1697; baseline 0.002 -13"><span class='ocrx_word' id='word_1_158' title='bbox 204 1638 374 1685; x_wconf 72' lang='lat' dir='ltr'>decursu</span> <span class='ocrx_word' id='word_1_159' title='bbox 402 1641 908 1696; x_wconf 82' lang='lat' dir='ltr'>temporum,multorum</span> <span class='ocrx_word' id='word_1_160' title='bbox 936 1642 1176 1697; x_wconf 83' lang='lat' dir='ltr'>frigescente</span> 
     </span>
     <span class='ocr_line' id='line_1_27' title="bbox 199 1697 1175 1757; baseline 0.003 -16"><span class='ocrx_word' id='word_1_161' title='bbox 199 1697 424 1750; x_wconf 67' lang='lat' dir='ltr'>charitate,</span> <span class='ocrx_word' id='word_1_162' title='bbox 439 1697 552 1741; x_wconf 87' lang='lat' dir='ltr'>illam</span> <span class='ocrx_word' id='word_1_163' title='bbox 579 1699 740 1755; x_wconf 88' lang='lat' dir='ltr'>penitus</span> <span class='ocrx_word' id='word_1_164' title='bbox 755 1712 839 1743; x_wconf 89' lang='lat' dir='ltr'>non</span> <span class='ocrx_word' id='word_1_165' title='bbox 856 1700 947 1744; x_wconf 82' lang='lat' dir='ltr'>finit</span> <span class='ocrx_word' id='word_1_166' title='bbox 962 1702 1145 1757; x_wconf 84' lang='lat' dir='ltr'>extingui</span> <span class='ocrx_word' id='word_1_167' title='bbox 1161 1729 1175 1750; x_wconf 88' lang='lat'>,</span> 
     </span>
     <span class='ocr_line' id='line_1_28' title="bbox 201 1755 1172 1816; baseline 0.001 -15"><span class='ocrx_word' id='word_1_168' title='bbox 201 1755 276 1811; x_wconf 61' lang='lat' dir='ltr'>std</span> <span class='ocrx_word' id='word_1_169' title='bbox 295 1756 499 1801; x_wconf 72' lang='lat' dir='ltr'>continuo</span> <span class='ocrx_word' id='word_1_170' title='bbox 521 1757 741 1803; x_wconf 81' lang='lat' dir='ltr'>Ecclesiam</span> <span class='ocrx_word' id='word_1_171' title='bbox 762 1758 872 1803; x_wconf 87' lang='lat' dir='ltr'>suam</span> <span class='ocrx_word' id='word_1_172' title='bbox 898 1774 971 1816; x_wconf 90' lang='lat' dir='ltr'>per</span> <span class='ocrx_word' id='word_1_173' title='bbox 996 1760 1172 1804; x_wconf 79' lang='lat' dir='ltr'>ministe-</span> 
     </span>
     <span class='ocr_line' id='line_1_29' title="bbox 200 1814 1170 1873; baseline 0.001 -14"><span class='ocrx_word' id='word_1_174' title='bbox 200 1814 310 1866; x_wconf 60' lang='lat' dir='ltr'><strong><em>W</em></strong></span> <span class='ocrx_word' id='word_1_175' title='bbox 322 1815 549 1861; x_wconf 61' lang='lat' dir='ltr'>electorum</span> <span class='ocrx_word' id='word_1_176' title='bbox 563 1814 726 1864; x_wconf 89' lang='lat' dir='ltr'>suorum</span> <span class='ocrx_word' id='word_1_177' title='bbox 739 1833 941 1863; x_wconf 85' lang='lat' dir='ltr'>renovare</span> <span class='ocrx_word' id='word_1_178' title='bbox 951 1849 965 1873; x_wconf 86' lang='lat'>,</span> <span class='ocrx_word' id='word_1_179' title='bbox 980 1822 1021 1863; x_wconf 77' lang='grc' dir='ltr'>δι</span> <span class='ocrx_word' id='word_1_180' title='bbox 1034 1820 1170 1864; x_wconf 88' lang='lat' dir='ltr'>multi.</span> 
     </span>
     <span class='ocr_line' id='line_1_30' title="bbox 212 1870 1170 1937; baseline 0.007 -21"><span class='ocrx_word' id='word_1_181' title='bbox 212 1870 374 1934; x_wconf 54' lang='lat' dir='ltr'>§Beue</span> <span class='ocrx_word' id='word_1_182' title='bbox 389 1888 470 1919; x_wconf 87' lang='lat' dir='ltr'>non</span> <span class='ocrx_word' id='word_1_183' title='bbox 482 1876 605 1920; x_wconf 81' lang='lat' dir='ltr'>cessat</span> <span class='ocrx_word' id='word_1_184' title='bbox 619 1903 633 1925; x_wconf 88' lang='lat'>,</span> <span class='ocrx_word' id='word_1_185' title='bbox 658 1879 876 1937; x_wconf 90' lang='lat' dir='ltr'>unicuique</span> <span class='ocrx_word' id='word_1_186' title='bbox 889 1881 1069 1937; x_wconf 84' lang='lat' dir='ltr'>tempori</span> <span class='ocrx_word' id='word_1_187' title='bbox 1087 1879 1170 1923; x_wconf 93' lang='lat' dir='ltr'>ele-</span> 
     </span>
     <span class='ocr_line' id='line_1_31' title="bbox 205 1932 1176 1998; baseline 0.009 -25"><span class='ocrx_word' id='word_1_188' title='bbox 205 1933 305 1998; x_wconf 63' lang='lat' dir='ltr'>&amp;oo</span> <span class='ocrx_word' id='word_1_189' title='bbox 339 1932 532 1988; x_wconf 80' lang='lat' dir='ltr'>quosdam</span> <span class='ocrx_word' id='word_1_190' title='bbox 569 1936 674 1989; x_wconf 77' lang='lat' dir='ltr'>quasi</span> <span class='ocrx_word' id='word_1_191' title='bbox 701 1939 852 1992; x_wconf 89' lang='lat' dir='ltr'>primos</span> <span class='ocrx_word' id='word_1_192' title='bbox 879 1940 1014 1995; x_wconf 78' lang='lat' dir='ltr'>magni</span> <span class='ocrx_word' id='word_1_193' title='bbox 1040 1940 1176 1995; x_wconf 87' lang='lat' dir='ltr'>gregis</span> 
     </span>
     <span class='ocr_line' id='line_1_32' title="bbox 212 1989 1179 2049; baseline 0.004 -15"><span class='ocrx_word' id='word_1_194' title='bbox 212 1996 362 2034; x_wconf 78' lang='lat' dir='ltr'>arietes</span> <span class='ocrx_word' id='word_1_195' title='bbox 377 2018 393 2040; x_wconf 91' lang='lat'>,</span> <span class='ocrx_word' id='word_1_196' title='bbox 407 1990 447 2032; x_wconf 70' lang='lat' dir='ltr'>Gt.</span> <span class='ocrx_word' id='word_1_197' title='bbox 460 1989 567 2046; x_wconf 86' lang='lat' dir='ltr'>quasi</span> <span class='ocrx_word' id='word_1_198' title='bbox 580 1992 730 2035; x_wconf 87' lang='lat' dir='ltr'>alteros</span> <span class='ocrx_word' id='word_1_199' title='bbox 743 1995 962 2049; x_wconf 76' lang='lat' dir='ltr'>Apostolos</span> <span class='ocrx_word' id='word_1_200' title='bbox 976 1995 1179 2038; x_wconf 82' lang='lat' dir='ltr'>destinan-</span> 
     </span>
     <span class='ocr_line' id='line_1_33' title="bbox 212 2047 1183 2105; baseline 0.002 -14"><span class='ocrx_word' id='word_1_201' title='bbox 212 2047 354 2105; x_wconf 82' lang='lat' dir='ltr'>do,qui</span> <span class='ocrx_word' id='word_1_202' title='bbox 368 2048 577 2104; x_wconf 82' lang='lat' dir='ltr'>Evangelii</span> <span class='ocrx_word' id='word_1_203' title='bbox 591 2049 771 2093; x_wconf 86' lang='lat' dir='ltr'>semitam</span> <span class='ocrx_word' id='word_1_204' title='bbox 787 2050 872 2095; x_wconf 87' lang='lat' dir='ltr'>fere</span> <span class='ocrx_word' id='word_1_205' title='bbox 887 2051 1183 2100; x_wconf 81' lang='lat' dir='ltr'>oblitteratam,</span> 
     </span>
     <span class='ocr_line' id='line_1_34' title="bbox 210 2107 1184 2166; baseline 0.003 -17"><span class='ocrx_word' id='word_1_206' title='bbox 210 2107 254 2149; x_wconf 69' lang='grc' dir='ltr'>δι</span> <span class='ocrx_word' id='word_1_207' title='bbox 266 2121 366 2163; x_wconf 88' lang='lat' dir='ltr'>pene</span> <span class='ocrx_word' id='word_1_208' title='bbox 376 2116 637 2152; x_wconf 87' lang='lat' dir='ltr'>corruentem</span> <span class='ocrx_word' id='word_1_209' title='bbox 657 2112 720 2159; x_wconf 69' lang='lat' dir='ltr'>a&amp;</span> <span class='ocrx_word' id='word_1_210' title='bbox 734 2110 825 2152; x_wconf 88' lang='lat' dir='ltr'>vitae</span> <span class='ocrx_word' id='word_1_211' title='bbox 838 2110 1044 2166; x_wconf 85' lang='lat' dir='ltr'>exemplo,</span> <span class='ocrx_word' id='word_1_212' title='bbox 1061 2113 1099 2153; x_wconf 76' lang='grc' dir='ltr'>δι</span> <span class='ocrx_word' id='word_1_213' title='bbox 1111 2111 1184 2152; x_wconf 91' lang='lat' dir='ltr'>do·</span> 
     </span>
     <span class='ocr_line' id='line_1_35' title="bbox 209 2166 1183 2221; baseline 0.001 -14"><span class='ocrx_word' id='word_1_214' title='bbox 209 2166 345 2207; x_wconf 63' lang='lat' dir='ltr'>(trine</span> <span class='ocrx_word' id='word_1_215' title='bbox 359 2167 492 2207; x_wconf 82' lang='lat' dir='ltr'>verbis</span> <span class='ocrx_word' id='word_1_216' title='bbox 518 2166 786 2216; x_wconf 77' lang='lat' dir='ltr'>innovarent,</span> <span class='ocrx_word' id='word_1_217' title='bbox 815 2176 938 2211; x_wconf 78' lang='lat' dir='ltr'>tantae</span> <span class='ocrx_word' id='word_1_218' title='bbox 968 2168 1183 2221; x_wconf 59' lang='lat' dir='ltr'>perfeetio-</span> 
     </span>
     <span class='ocr_line' id='line_1_36' title="bbox 205 2219 1178 2280; baseline 0.002 -15"><span class='ocrx_word' id='word_1_219' title='bbox 205 2221 272 2265; x_wconf 80' lang='lat' dir='ltr'>nis</span> <span class='ocrx_word' id='word_1_220' title='bbox 292 2222 334 2263; x_wconf 89' lang='lat' dir='ltr'>in</span> <span class='ocrx_word' id='word_1_221' title='bbox 364 2219 658 2276; x_wconf 77' lang='lat' dir='ltr'>seexemplaria</span> <span class='ocrx_word' id='word_1_222' title='bbox 672 2223 904 2280; x_wconf 86' lang='lat' dir='ltr'>jacientes,</span> <span class='ocrx_word' id='word_1_223' title='bbox 932 2238 1019 2280; x_wconf 88' lang='lat' dir='ltr'>quae</span> <span class='ocrx_word' id='word_1_224' title='bbox 1047 2225 1178 2274; x_wconf 82' lang='lat' dir='ltr'>postea</span> 
     </span>
     <span class='ocr_line' id='line_1_37' title="bbox 209 2277 1176 2339; baseline 0.002 -16"><span class='ocrx_word' id='word_1_225' title='bbox 209 2277 524 2323; x_wconf 81' lang='lat' dir='ltr'>innumerabiles</span> <span class='ocrx_word' id='word_1_226' title='bbox 539 2277 626 2324; x_wconf 87' lang='lat' dir='ltr'>fere</span> <span class='ocrx_word' id='word_1_227' title='bbox 639 2309 654 2332; x_wconf 86' lang='lat'><em>‚</em></span> <span class='ocrx_word' id='word_1_228' title='bbox 674 2281 820 2326; x_wconf 77' lang='lat' dir='ltr'>divino</span> <span class='ocrx_word' id='word_1_229' title='bbox 833 2283 988 2339; x_wconf 85' lang='lat' dir='ltr'>Spiritu</span> <span class='ocrx_word' id='word_1_230' title='bbox 1007 2283 1176 2326; x_wconf 83' lang='lat' dir='ltr'>illorum</span> 
     </span>
     <span class='ocr_line' id='line_1_38' title="bbox 206 2336 1176 2399; baseline 0.001 -16"><span class='ocrx_word' id='word_1_231' title='bbox 206 2336 335 2383; x_wconf 76' lang='lat' dir='ltr'>eorda</span> <span class='ocrx_word' id='word_1_232' title='bbox 362 2346 554 2395; x_wconf 85' lang='lat' dir='ltr'>tangente</span> <span class='ocrx_word' id='word_1_233' title='bbox 584 2370 599 2394; x_wconf 89' lang='lat'>,</span> <span class='ocrx_word' id='word_1_234' title='bbox 639 2339 860 2385; x_wconf 72' lang='lat' dir='ltr'>faciliflime</span> <span class='ocrx_word' id='word_1_235' title='bbox 874 2342 1134 2399; x_wconf 76' lang='lat' dir='ltr'>sequerentur</span> <span class='ocrx_word' id='word_1_236' title='bbox 1162 2344 1176 2384; x_wconf 86' lang='lat'>?</span> 
     </span>
     <span class='ocr_line' id='line_1_39' title="bbox 172 2393 1178 2457; baseline 0.004 -15"><span class='ocrx_word' id='word_1_237' title='bbox 172 2431 173 2434; x_wconf 18' lang='grc' dir='ltr'>η</span> <span class='ocrx_word' id='word_1_238' title='bbox 200 2398 303 2444; x_wconf 66' lang='lat' dir='ltr'>,Hoc</span> <span class='ocrx_word' id='word_1_239' title='bbox 329 2393 479 2443; x_wconf 68' lang='lat' dir='ltr'>saelum</span> <span class='ocrx_word' id='word_1_240' title='bbox 500 2397 557 2443; x_wconf 88' lang='lat' dir='ltr'>est</span> <span class='ocrx_word' id='word_1_241' title='bbox 581 2414 652 2457; x_wconf 86' lang='lat' dir='ltr'>per</span> <span class='ocrx_word' id='word_1_242' title='bbox 678 2400 1003 2446; x_wconf 80' lang='lat' dir='ltr'>misericordiam</span> <span class='ocrx_word' id='word_1_243' title='bbox 1022 2403 1097 2446; x_wconf 87' lang='lat' dir='ltr'>Dei</span> <span class='ocrx_word' id='word_1_244' title='bbox 1113 2404 1178 2446; x_wconf 86' lang='lat' dir='ltr'>su·</span> 
     </span>
     <span class='ocr_line' id='line_1_40' title="bbox 203 2456 1177 2564; baseline 0.004 -64"><span class='ocrx_word' id='word_1_245' title='bbox 203 2456 439 2514; x_wconf 84' lang='lat' dir='ltr'>perioribus</span> <span class='ocrx_word' id='word_1_246' title='bbox 455 2460 736 2515; x_wconf 83' lang='lat' dir='ltr'>temporibus,</span> <span class='ocrx_word' id='word_1_247' title='bbox 762 2462 801 2503; x_wconf 87' lang='lat'>&amp;</span> <span class='ocrx_word' id='word_1_248' title='bbox 825 2461 916 2505; x_wconf 87' lang='lat' dir='ltr'>fere</span> <span class='ocrx_word' id='word_1_249' title='bbox 929 2462 1077 2564; x_wconf 61' lang='lat' dir='ltr'>ubique</span> <span class='ocrx_word' id='word_1_250' title='bbox 1092 2474 1177 2505; x_wconf 90' lang='lat' dir='ltr'>ter-</span> 
     </span>
     <span class='ocr_line' id='line_1_41' title="bbox 1021 2521 1176 2565; baseline 0 0"><span class='ocrx_word' id='word_1_251' title='bbox 1021 2537 1043 2565; x_wconf 89' lang='lat' dir='ltr'>e</span> <span class='ocrx_word' id='word_1_252' title='bbox 1058 2521 1176 2565; x_wconf 88' lang='lat' dir='ltr'>mise·</span> 
     </span>
    </p>
   </div>
   <div class='ocr_carea' id='block_1_4' title="bbox 194 2634 1178 3289">
    <p class='ocr_par' dir='ltr' id='par_1_4' title="bbox 194 2634 1178 3289">
     <span class='ocr_line' id='line_1_42' title="bbox 205 2634 1176 2702; baseline 0.007 -25"><span class='ocrx_word' id='word_1_253' title='bbox 205 2646 295 2686; x_wconf 70' lang='lat' dir='ltr'>rum</span> <span class='ocrx_word' id='word_1_254' title='bbox 308 2635 502 2702; x_wconf 73' lang='lat' dir='ltr'>cordibus</span> <span class='ocrx_word' id='word_1_255' title='bbox 519 2634 758 2696; x_wconf 69' lang='lat' dir='ltr'>frigescente</span> <span class='ocrx_word' id='word_1_256' title='bbox 774 2641 978 2685; x_wconf 82' lang='lat' dir='ltr'>charitate</span> <span class='ocrx_word' id='word_1_257' title='bbox 994 2672 1008 2695; x_wconf 89' lang='lat'>‚</span> <span class='ocrx_word' id='word_1_258' title='bbox 1023 2641 1176 2686; x_wconf 79' lang='lat' dir='ltr'>sacram</span> 
     </span>
     <span class='ocr_line' id='line_1_43' title="bbox 197 2693 1178 2762; baseline 0.009 -27"><span class='ocrx_word' id='word_1_259' title='bbox 197 2693 468 2762; x_wconf 52' lang='lat' dir='ltr'>Religionem</span> <span class='ocrx_word' id='word_1_260' title='bbox 481 2721 497 2744; x_wconf 84' lang='lat'>‚</span> <span class='ocrx_word' id='word_1_261' title='bbox 527 2709 614 2752; x_wconf 78' lang='lat' dir='ltr'>qnae</span> <span class='ocrx_word' id='word_1_262' title='bbox 628 2698 678 2741; x_wconf 88' lang='lat' dir='ltr'>ab</span> <span class='ocrx_word' id='word_1_263' title='bbox 689 2699 947 2757; x_wconf 81' lang='lat' dir='ltr'>Evangelicae</span> <span class='ocrx_word' id='word_1_264' title='bbox 960 2701 1178 2757; x_wconf 61' lang='lat' dir='ltr'>perfectio·</span> 
     </span>
     <span class='ocr_line' id='line_1_44' title="bbox 203 2751 1176 2820; baseline 0.01 -27"><span class='ocrx_word' id='word_1_265' title='bbox 203 2765 268 2795; x_wconf 75' lang='lat' dir='ltr'>nis</span> <span class='ocrx_word' id='word_1_266' title='bbox 279 2751 418 2820; x_wconf 67' lang='lat' dir='ltr'>semita</span> <span class='ocrx_word' id='word_1_267' title='bbox 428 2753 619 2800; x_wconf 84' lang='lat' dir='ltr'>aberrare</span> <span class='ocrx_word' id='word_1_268' title='bbox 635 2757 864 2809; x_wconf 82' lang='lat' dir='ltr'>videbatur,</span> <span class='ocrx_word' id='word_1_269' title='bbox 884 2759 1027 2804; x_wconf 80' lang='lat' dir='ltr'>divino</span> <span class='ocrx_word' id='word_1_270' title='bbox 1036 2762 1176 2819; x_wconf 87' lang='lat' dir='ltr'>digna-</span> 
     </span>
     <span class='ocr_line' id='line_1_45' title="bbox 209 2810 1175 2877; baseline 0.008 -23"><span class='ocrx_word' id='word_1_271' title='bbox 209 2820 252 2854; x_wconf 85' lang='lat' dir='ltr'>ta</span> <span class='ocrx_word' id='word_1_272' title='bbox 265 2810 320 2856; x_wconf 76' lang='lat' dir='ltr'>est</span> <span class='ocrx_word' id='word_1_273' title='bbox 332 2824 429 2868; x_wconf 75' lang='lat' dir='ltr'>igne</span> <span class='ocrx_word' id='word_1_274' title='bbox 441 2810 686 2860; x_wconf 73' lang='lat' dir='ltr'>succendere</span> <span class='ocrx_word' id='word_1_275' title='bbox 700 2846 714 2870; x_wconf 92' lang='lat'>,</span> <span class='ocrx_word' id='word_1_276' title='bbox 741 2826 789 2861; x_wconf 91' lang='lat' dir='ltr'>ut</span> <span class='ocrx_word' id='word_1_277' title='bbox 804 2817 1011 2863; x_wconf 82' lang='lat' dir='ltr'>videamus</span> <span class='ocrx_word' id='word_1_278' title='bbox 1022 2820 1175 2877; x_wconf 82' lang='lat' dir='ltr'>pleras-</span> 
     </span>
     <span class='ocr_line' id='line_1_46' title="bbox 207 2869 1174 2930; baseline 0.014 -19"><span class='ocrx_word' id='word_1_279' title='bbox 207 2881 289 2927; x_wconf 86' lang='lat' dir='ltr'>que</span> <span class='ocrx_word' id='word_1_280' title='bbox 301 2869 431 2916; x_wconf 59' lang='lat' dir='ltr'>stctss</span> <span class='ocrx_word' id='word_1_281' title='bbox 451 2871 688 2929; x_wconf 86' lang='lat' dir='ltr'>Religiones</span> <span class='ocrx_word' id='word_1_282' title='bbox 711 2876 769 2919; x_wconf 88' lang='lat' dir='ltr'>ita</span> <span class='ocrx_word' id='word_1_283' title='bbox 787 2890 1004 2922; x_wconf 83' lang='lat' dir='ltr'>renovatas</span> <span class='ocrx_word' id='word_1_284' title='bbox 1018 2906 1033 2930; x_wconf 86' lang='lat'>,</span> <span class='ocrx_word' id='word_1_285' title='bbox 1062 2880 1174 2925; x_wconf 84' lang='lat' dir='ltr'>&amp;ita</span> 
     </span>
     <span class='ocr_line' id='line_1_47' title="bbox 209 2928 1172 2996; baseline 0.011 -25"><span class='ocrx_word' id='word_1_286' title='bbox 209 2928 357 2972; x_wconf 79' lang='lat' dir='ltr'>divino</span> <span class='ocrx_word' id='word_1_287' title='bbox 369 2929 462 2986; x_wconf 81' lang='lat' dir='ltr'>igne</span> <span class='ocrx_word' id='word_1_288' title='bbox 486 2931 718 2982; x_wconf 81' lang='lat' dir='ltr'>succensas,</span> <span class='ocrx_word' id='word_1_289' title='bbox 742 2942 815 2989; x_wconf 83' lang='lat' dir='ltr'>ut,</span> <span class='ocrx_word' id='word_1_290' title='bbox 839 2936 907 2980; x_wconf 79' lang='lat' dir='ltr'>niti</span> <span class='ocrx_word' id='word_1_291' title='bbox 918 2939 1072 2996; x_wconf 79' lang='lat' dir='ltr'>ingrati</span> <span class='ocrx_word' id='word_1_292' title='bbox 1098 2938 1172 2984; x_wconf 81' lang='lat' dir='ltr'>effe</span> 
     </span>
     <span class='ocr_line' id='line_1_48' title="bbox 206 2985 1174 3056; baseline 0.011 -25"><span class='ocrx_word' id='word_1_293' title='bbox 206 2985 398 3040; x_wconf 76' lang='lat' dir='ltr'>velimus,</span> <span class='ocrx_word' id='word_1_294' title='bbox 411 2988 453 3032; x_wconf 90' lang='lat' dir='ltr'>di</span> <span class='ocrx_word' id='word_1_295' title='bbox 459 2989 558 3034; x_wconf 73' lang='lat' dir='ltr'>vinae</span> <span class='ocrx_word' id='word_1_296' title='bbox 571 2990 847 3038; x_wconf 74' lang='lat' dir='ltr'>beneficentiae</span> <span class='ocrx_word' id='word_1_297' title='bbox 858 2996 1067 3044; x_wconf 83' lang='lat' dir='ltr'>immensas</span> <span class='ocrx_word' id='word_1_298' title='bbox 1083 3014 1174 3056; x_wconf 85' lang='lat' dir='ltr'>gra·</span> 
     </span>
     <span class='ocr_line' id='line_1_49' title="bbox 203 3046 1175 3110; baseline 0.012 -19"><span class='ocrx_word' id='word_1_299' title='bbox 203 3046 288 3091; x_wconf 72' lang='lat' dir='ltr'>tias</span> <span class='ocrx_word' id='word_1_300' title='bbox 313 3047 566 3103; x_wconf 85' lang='lat' dir='ltr'>reseramus,</span> <span class='ocrx_word' id='word_1_301' title='bbox 597 3050 710 3110; x_wconf 88' lang='lat' dir='ltr'>quod</span> <span class='ocrx_word' id='word_1_302' title='bbox 743 3052 793 3095; x_wconf 91' lang='lat' dir='ltr'>ad</span> <span class='ocrx_word' id='word_1_303' title='bbox 818 3056 1083 3101; x_wconf 81' lang='lat' dir='ltr'>excolendam</span> <span class='ocrx_word' id='word_1_304' title='bbox 1113 3060 1175 3102; x_wconf 79' lang='lat' dir='ltr'>vi·</span> 
     </span>
     <span class='ocr_line' id='line_1_50' title="bbox 194 3105 1176 3176; baseline 0.016 -28"><span class='ocrx_word' id='word_1_305' title='bbox 194 3118 326 3150; x_wconf 43' lang='lat' dir='ltr'>ineam</span> <span class='ocrx_word' id='word_1_306' title='bbox 338 3105 444 3150; x_wconf 87' lang='lat' dir='ltr'>suam</span> <span class='ocrx_word' id='word_1_307' title='bbox 457 3136 472 3160; x_wconf 87' lang='lat'><strong>‚</strong></span> <span class='ocrx_word' id='word_1_308' title='bbox 489 3109 610 3154; x_wconf 86' lang='lat' dir='ltr'>etiam</span> <span class='ocrx_word' id='word_1_309' title='bbox 625 3111 701 3154; x_wconf 88' lang='lat' dir='ltr'>hac</span> <span class='ocrx_word' id='word_1_310' title='bbox 718 3110 921 3156; x_wconf 77' lang='lat' dir='ltr'>noviffima</span> <span class='ocrx_word' id='word_1_311' title='bbox 936 3116 1036 3160; x_wconf 82' lang='lat' dir='ltr'>bora</span> <span class='ocrx_word' id='word_1_312' title='bbox 1051 3147 1065 3171; x_wconf 87' lang='lat'>‚</span> <span class='ocrx_word' id='word_1_313' title='bbox 1075 3134 1176 3176; x_wconf 90' lang='lat' dir='ltr'>ope-</span> 
     </span>
     <span class='ocr_line' id='line_1_51' title="bbox 202 3164 1177 3236; baseline 0.011 -26"><span class='ocrx_word' id='word_1_314' title='bbox 202 3164 340 3233; x_wconf 46' lang='lat' dir='ltr'>rarios</span> <span class='ocrx_word' id='word_1_315' title='bbox 367 3165 568 3212; x_wconf 85' lang='lat' dir='ltr'>destinare</span> <span class='ocrx_word' id='word_1_316' title='bbox 593 3184 674 3214; x_wconf 91' lang='lat' dir='ltr'>non</span> <span class='ocrx_word' id='word_1_317' title='bbox 699 3168 819 3214; x_wconf 79' lang='lat' dir='ltr'>cessat</span> <span class='ocrx_word' id='word_1_318' title='bbox 845 3202 857 3213; x_wconf 91' lang='lat'>.</span> <span class='ocrx_word' id='word_1_319' title='bbox 898 3176 1177 3236; x_wconf 81' lang='lat' dir='ltr'>Qamplures</span> 
     </span>
     <span class='ocr_line' id='line_1_52' title="bbox 198 3222 1176 3289; baseline 0.013 -24"><span class='ocrx_word' id='word_1_320' title='bbox 198 3222 396 3271; x_wconf 55' lang='lat' dir='ltr'>§edemus</span> <span class='ocrx_word' id='word_1_321' title='bbox 411 3226 449 3270; x_wconf 92' lang='lat' dir='ltr'>in</span> <span class='ocrx_word' id='word_1_322' title='bbox 466 3228 547 3271; x_wconf 88' lang='lat' dir='ltr'>hoc</span> <span class='ocrx_word' id='word_1_323' title='bbox 565 3229 828 3273; x_wconf 86' lang='lat' dir='ltr'>ministerium</span> <span class='ocrx_word' id='word_1_324' title='bbox 841 3230 1094 3289; x_wconf 80' lang='lat' dir='ltr'>destinatos3</span> <span class='ocrx_word' id='word_1_325' title='bbox 1110 3236 1176 3280; x_wconf 90' lang='lat' dir='ltr'>sed</span> 
     </span>
    </p>
   </div>
   <div class='ocr_carea' id='block_1_5' title="bbox 125 3287 1171 3350">
    <p class='ocr_par' dir='ltr' id='par_1_5' title="bbox 125 3287 1171 3350">
     <span class='ocr_line' id='line_1_53' title="bbox 125 3287 1171 3350; baseline 0.013 -24"><span class='ocrx_word' id='word_1_326' title='bbox 125 3307 128 3310; x_wconf 92' lang='lat'>·</span> <span class='ocrx_word' id='word_1_327' title='bbox 191 3288 433 3339; x_wconf 47' lang='lat' dir='ltr'>&amp;mpetum</span> <span class='ocrx_word' id='word_1_328' title='bbox 448 3287 675 3332; x_wconf 84' lang='lat' dir='ltr'>nostrorum</span> <span class='ocrx_word' id='word_1_329' title='bbox 689 3290 907 3346; x_wconf 85' lang='lat' dir='ltr'>praecipuus</span> <span class='ocrx_word' id='word_1_330' title='bbox 922 3322 939 3343; x_wconf 92' lang='lat'>‚</span> <span class='ocrx_word' id='word_1_331' title='bbox 953 3294 994 3336; x_wconf 74' lang='grc' dir='ltr'>δι</span> <span class='ocrx_word' id='word_1_332' title='bbox 1009 3307 1171 3350; x_wconf 82' lang='lat' dir='ltr'>magnus</span> 
     </span>
    </p>
   </div>
   <div class='ocr_carea' id='block_1_6' title="bbox 153 3337 1179 3913">
    <p class='ocr_par' dir='ltr' id='par_1_6' title="bbox 153 3337 1179 3913">
     <span class='ocr_line' id='line_1_54' title="bbox 205 3337 1173 3409; baseline 0.013 -24"><span class='ocrx_word' id='word_1_333' title='bbox 205 3337 314 3391; x_wconf 49' lang='lat' dir='ltr'>Uet</span> <span class='ocrx_word' id='word_1_334' title='bbox 325 3343 475 3389; x_wconf 65' lang='lat' dir='ltr'>eleetos</span> <span class='ocrx_word' id='word_1_335' title='bbox 490 3347 567 3389; x_wconf 89' lang='lat' dir='ltr'>fuit</span> <span class='ocrx_word' id='word_1_336' title='bbox 590 3348 664 3392; x_wconf 85' lang='lat' dir='ltr'>Vir</span> <span class='ocrx_word' id='word_1_337' title='bbox 679 3348 750 3392; x_wconf 90' lang='lat' dir='ltr'>iste</span> <span class='ocrx_word' id='word_1_338' title='bbox 775 3350 1050 3401; x_wconf 70' lang='lat' dir='ltr'>saneliffimus,</span> <span class='ocrx_word' id='word_1_339' title='bbox 1076 3367 1173 3409; x_wconf 89' lang='lat' dir='ltr'>pro·</span> 
     </span>
     <span class='ocr_line' id='line_1_55' title="bbox 213 3405 1179 3471; baseline 0.014 -28"><span class='ocrx_word' id='word_1_340' title='bbox 213 3405 429 3459; x_wconf 46' lang='lat' dir='ltr'>*atquem</span> <span class='ocrx_word' id='word_1_341' title='bbox 442 3405 738 3451; x_wconf 86' lang='lat' dir='ltr'>celeberrimus</span> <span class='ocrx_word' id='word_1_342' title='bbox 754 3408 824 3452; x_wconf 81' lang='lat' dir='ltr'>iste</span> <span class='ocrx_word' id='word_1_343' title='bbox 840 3414 1080 3455; x_wconf 85' lang='lat' dir='ltr'>Conventus</span> <span class='ocrx_word' id='word_1_344' title='bbox 1093 3416 1179 3471; x_wconf 86' lang='lat' dir='ltr'>agi·</span> 
     </span>
     <span class='ocr_line' id='line_1_56' title="bbox 215 3460 1176 3527; baseline 0.01 -23"><span class='ocrx_word' id='word_1_345' title='bbox 215 3460 298 3527; x_wconf 41' lang='lat'>¹1¹4</span> <span class='ocrx_word' id='word_1_346' title='bbox 311 3463 471 3507; x_wconf 71' lang='lat' dir='ltr'>Sanetus</span> <span class='ocrx_word' id='word_1_347' title='bbox 487 3466 782 3519; x_wconf 85' lang='lat' dir='ltr'>Bernardinus,</span> <span class='ocrx_word' id='word_1_348' title='bbox 798 3469 873 3512; x_wconf 88' lang='lat' dir='ltr'>Vir</span> <span class='ocrx_word' id='word_1_349' title='bbox 885 3471 935 3512; x_wconf 91' lang='lat' dir='ltr'>ab</span> <span class='ocrx_word' id='word_1_350' title='bbox 950 3470 1038 3525; x_wconf 80' lang='lat' dir='ltr'>ipsis</span> <span class='ocrx_word' id='word_1_351' title='bbox 1053 3484 1176 3516; x_wconf 90' lang='lat' dir='ltr'>cuna·</span> 
     </span>
     <span class='ocr_line' id='line_1_57' title="bbox 153 3512 1172 3590; baseline 0.014 -29"><span class='ocrx_word' id='word_1_352' title='bbox 153 3577 157 3582; x_wconf 14' lang='grc' dir='ltr'>ὓ</span> <span class='ocrx_word' id='word_1_353' title='bbox 219 3512 576 3590; x_wconf 8' lang='grc' dir='ltr'>διίξρςςΐεέὶἱοηὶ</span> <span class='ocrx_word' id='word_1_354' title='bbox 602 3527 856 3584; x_wconf 85' lang='lat' dir='ltr'>Evangelicae</span> <span class='ocrx_word' id='word_1_355' title='bbox 885 3528 1172 3575; x_wconf 79' lang='lat' dir='ltr'>consecratus:</span> 
     </span>
     <span class='ocr_line' id='line_1_58' title="bbox 219 3584 1172 3644; baseline 0.008 -19"><span class='ocrx_word' id='word_1_356' title='bbox 219 3584 347 3625; x_wconf 53' lang='lat' dir='ltr'>‘ltux-m</span> <span class='ocrx_word' id='word_1_357' title='bbox 371 3592 523 3626; x_wconf 81' lang='lat' dir='ltr'>vineam</span> <span class='ocrx_word' id='word_1_358' title='bbox 551 3586 719 3629; x_wconf 89' lang='lat' dir='ltr'>Domini</span> <span class='ocrx_word' id='word_1_359' title='bbox 744 3586 881 3631; x_wconf 87' lang='lat' dir='ltr'>cultor</span> <span class='ocrx_word' id='word_1_360' title='bbox 911 3590 1172 3644; x_wconf 85' lang='lat' dir='ltr'>&amp;operarius</span> 
     </span>
     <span class='ocr_line' id='line_1_59' title="bbox 219 3630 1173 3702; baseline 0.008 -18"><span class='ocrx_word' id='word_1_361' title='bbox 219 3630 453 3700; x_wconf 45' lang='lat' dir='ltr'>‘lenem-tus,</span> <span class='ocrx_word' id='word_1_362' title='bbox 467 3640 685 3699; x_wconf 66' lang='lat' dir='ltr'>injunctum</span> <span class='ocrx_word' id='word_1_363' title='bbox 704 3644 775 3699; x_wconf 84' lang='lat' dir='ltr'>fibi</span> <span class='ocrx_word' id='word_1_364' title='bbox 787 3660 887 3702; x_wconf 88' lang='lat' dir='ltr'>opus</span> <span class='ocrx_word' id='word_1_365' title='bbox 900 3647 1173 3692; x_wconf 74' lang='lat' dir='ltr'>indesinenter</span> 
     </span>
     <span class='ocr_line' id='line_1_60' title="bbox 219 3700 1173 3764; baseline 0.01 -24"><span class='ocrx_word' id='word_1_366' title='bbox 219 3701 398 3756; x_wconf 37' lang='lat' dir='ltr'>exerc—¹1¹3</span> <span class='ocrx_word' id='word_1_367' title='bbox 410 3706 435 3745; x_wconf 77' lang='lat'>3—</span> <span class='ocrx_word' id='word_1_368' title='bbox 449 3700 516 3754; x_wconf 85' lang='lat' dir='ltr'>qui</span> <span class='ocrx_word' id='word_1_369' title='bbox 543 3700 582 3744; x_wconf 85' lang='lat' dir='ltr'>se</span> <span class='ocrx_word' id='word_1_370' title='bbox 598 3702 958 3749; x_wconf 84' lang='lat' dir='ltr'>incontaminatum</span> <span class='ocrx_word' id='word_1_371' title='bbox 983 3708 1032 3751; x_wconf 89' lang='lat' dir='ltr'>ab</span> <span class='ocrx_word' id='word_1_372' title='bbox 1057 3707 1173 3764; x_wconf 88' lang='lat' dir='ltr'>hujus</span> 
     </span>
     <span class='ocr_line' id='line_1_61' title="bbox 217 3747 1177 3823; baseline 0.017 -32"><span class='ocrx_word' id='word_1_373' title='bbox 217 3747 350 3814; x_wconf 76' lang='lat' dir='ltr'>saecult</span> <span class='ocrx_word' id='word_1_374' title='bbox 361 3759 712 3820; x_wconf 34' lang='lat' dir='ltr'>‘contaminatione</span> <span class='ocrx_word' id='word_1_375' title='bbox 737 3763 963 3809; x_wconf 78' lang='lat' dir='ltr'>custodiens</span> <span class='ocrx_word' id='word_1_376' title='bbox 973 3795 987 3818; x_wconf 81' lang='lat'>,</span> <span class='ocrx_word' id='word_1_377' title='bbox 1000 3768 1177 3823; x_wconf 90' lang='lat' dir='ltr'>primum</span> 
     </span>
     <span class='ocr_line' id='line_1_62' title="bbox 217 3805 1176 3913; baseline 0.008 -52"><span class='ocrx_word' id='word_1_378' title='bbox 217 3822 258 3850; x_wconf 77' lang='lat'>¹¹¹</span> <span class='ocrx_word' id='word_1_379' title='bbox 290 3809 329 3850; x_wconf 70' lang='lat' dir='ltr'>se</span> <span class='ocrx_word' id='word_1_380' title='bbox 348 3805 442 3909; x_wconf 41' lang='grc' dir='ltr'>ἓξὲξ</span> <span class='ocrx_word' id='word_1_381' title='bbox 462 3825 599 3913; x_wconf 45' lang='lat' dir='ltr'>agunt</span> <span class='ocrx_word' id='word_1_382' title='bbox 625 3821 775 3880; x_wconf 77' lang='lat' dir='ltr'>Christi</span> <span class='ocrx_word' id='word_1_383' title='bbox 799 3820 915 3883; x_wconf 71' lang='lat' dir='ltr'>suave</span> <span class='ocrx_word' id='word_1_384' title='bbox 940 3827 1176 3884; x_wconf 84' lang='lat' dir='ltr'>complexus</span> 
     </span>
    </p>
   </div>
   <div class='ocr_carea' id='block_1_7' title="bbox 1990 220 2157 301">
    <p class='ocr_par' dir='ltr' id='par_1_7' title="bbox 1990 220 2157 301">
     <span class='ocr_line' id='line_1_63' title="bbox 1990 220 2157 301; baseline -0.006 0"><span class='ocrx_word' id='word_1_385' title='bbox 1990 220 2157 301; x_wconf 87' lang='lat'>147</span> 
     </span>
    </p>
   </div>
   <div class='ocr_carea' id='block_1_8' title="bbox 1234 336 2220 3926">
    <p class='ocr_par' dir='ltr' id='par_1_8' title="bbox 1234 336 2220 3926">
     <span class='ocr_line' id='line_1_64' title="bbox 1242 336 2215 396; baseline -0.006 -14"><span class='ocrx_word' id='word_1_386' title='bbox 1242 342 1297 382; x_wconf 86' lang='lat' dir='ltr'>est</span> <span class='ocrx_word' id='word_1_387' title='bbox 1313 366 1328 386; x_wconf 89' lang='lat'>‚</span> <span class='ocrx_word' id='word_1_388' title='bbox 1358 341 1518 381; x_wconf 82' lang='lat' dir='ltr'>&amp;adeo</span> <span class='ocrx_word' id='word_1_389' title='bbox 1534 338 1624 380; x_wconf 71' lang='lat' dir='ltr'>vitat</span> <span class='ocrx_word' id='word_1_390' title='bbox 1634 336 1825 390; x_wconf 87' lang='lat' dir='ltr'>exemplo</span> <span class='ocrx_word' id='word_1_391' title='bbox 1849 337 1888 378; x_wconf 76' lang='grc' dir='ltr'>δι</span> <span class='ocrx_word' id='word_1_392' title='bbox 1910 339 2013 381; x_wconf 86' lang='lat' dir='ltr'>sacra</span> <span class='ocrx_word' id='word_1_393' title='bbox 2030 346 2215 396; x_wconf 71' lang='lat' dir='ltr'>praedica-</span> 
     </span>
     <span class='ocr_line' id='line_1_65' title="bbox 1238 390 2211 450; baseline 0.001 -10"><span class='ocrx_word' id='word_1_394' title='bbox 1238 398 1352 440; x_wconf 85' lang='lat' dir='ltr'>tione</span> <span class='ocrx_word' id='word_1_395' title='bbox 1378 395 1579 450; x_wconf 88' lang='lat' dir='ltr'>profecit,</span> <span class='ocrx_word' id='word_1_396' title='bbox 1608 404 1651 435; x_wconf 91' lang='lat' dir='ltr'>ut</span> <span class='ocrx_word' id='word_1_397' title='bbox 1667 390 1753 435; x_wconf 85' lang='lat' dir='ltr'>fere</span> <span class='ocrx_word' id='word_1_398' title='bbox 1781 407 1851 448; x_wconf 89' lang='lat' dir='ltr'>per</span> <span class='ocrx_word' id='word_1_399' title='bbox 1872 409 2032 438; x_wconf 87' lang='lat' dir='ltr'>omnem</span> <span class='ocrx_word' id='word_1_400' title='bbox 2049 402 2211 444; x_wconf 82' lang='lat' dir='ltr'>ltaliam</span> 
     </span>
     <span class='ocr_line' id='line_1_66' title="bbox 1234 451 2209 510; baseline 0.002 -14"><span class='ocrx_word' id='word_1_401' title='bbox 1234 454 1493 499; x_wconf 79' lang='lat' dir='ltr'>renovaverit</span> <span class='ocrx_word' id='word_1_402' title='bbox 1506 451 1772 506; x_wconf 84' lang='lat' dir='ltr'>Evangelium</span> <span class='ocrx_word' id='word_1_403' title='bbox 1785 452 1954 503; x_wconf 87' lang='lat' dir='ltr'>Christi,</span> <span class='ocrx_word' id='word_1_404' title='bbox 1968 455 2114 510; x_wconf 84' lang='lat' dir='ltr'>ubique</span> <span class='ocrx_word' id='word_1_405' title='bbox 2132 460 2209 502; x_wconf 84' lang='lat' dir='ltr'>fine</span> 
     </span>
     <span class='ocr_line' id='line_1_67' title="bbox 1234 508 2208 564; baseline -0.004 -8"><span class='ocrx_word' id='word_1_406' title='bbox 1234 511 1482 558; x_wconf 82' lang='lat' dir='ltr'>offendiculo</span> <span class='ocrx_word' id='word_1_407' title='bbox 1514 508 1787 564; x_wconf 85' lang='lat' dir='ltr'>scandaloque</span> <span class='ocrx_word' id='word_1_408' title='bbox 1817 512 2084 564; x_wconf 76' lang='lat' dir='ltr'>pertransiens</span> <span class='ocrx_word' id='word_1_409' title='bbox 2108 542 2122 564; x_wconf 83' lang='lat'>‚</span> <span class='ocrx_word' id='word_1_410' title='bbox 2170 520 2208 558; x_wconf 70' lang='grc' dir='ltr'>ὃς</span> 
     </span>
     <span class='ocr_line' id='line_1_68' title="bbox 1236 567 2213 630; baseline -0.006 -16"><span class='ocrx_word' id='word_1_411' title='bbox 1236 572 1432 630; x_wconf 77' lang='lat' dir='ltr'>quantum</span> <span class='ocrx_word' id='word_1_412' title='bbox 1449 570 1535 614; x_wconf 86' lang='lat' dir='ltr'>fieri</span> <span class='ocrx_word' id='word_1_413' title='bbox 1551 569 1687 628; x_wconf 88' lang='lat' dir='ltr'>potuit</span> <span class='ocrx_word' id='word_1_414' title='bbox 1703 594 1716 617; x_wconf 70' lang='lat'>2</span> <span class='ocrx_word' id='word_1_415' title='bbox 1748 567 1904 624; x_wconf 85' lang='lat' dir='ltr'>semper</span> <span class='ocrx_word' id='word_1_416' title='bbox 1923 571 2012 610; x_wconf 90' lang='lat' dir='ltr'>Deo</span> <span class='ocrx_word' id='word_1_417' title='bbox 2027 572 2063 611; x_wconf 88' lang='lat'>&amp;</span> <span class='ocrx_word' id='word_1_418' title='bbox 2083 572 2213 615; x_wconf 79' lang='lat' dir='ltr'>homi.</span> 
     </span>
     <span class='ocr_line' id='line_1_69' title="bbox 1236 627 2211 686; baseline -0.003 -12"><span class='ocrx_word' id='word_1_419' title='bbox 1236 632 1352 674; x_wconf 84' lang='lat' dir='ltr'>nibus</span> <span class='ocrx_word' id='word_1_420' title='bbox 1364 631 1526 686; x_wconf 90' lang='lat' dir='ltr'>placens</span> <span class='ocrx_word' id='word_1_421' title='bbox 1541 659 1552 671; x_wconf 92' lang='lat'>.</span> <span class='ocrx_word' id='word_1_422' title='bbox 1586 633 1683 672; x_wconf 88' lang='lat' dir='ltr'>Non</span> <span class='ocrx_word' id='word_1_423' title='bbox 1696 628 1750 670; x_wconf 85' lang='lat' dir='ltr'>est</span> <span class='ocrx_word' id='word_1_424' title='bbox 1769 627 1882 684; x_wconf 83' lang='lat' dir='ltr'>hujus</span> <span class='ocrx_word' id='word_1_425' title='bbox 1900 627 1981 670; x_wconf 90' lang='lat' dir='ltr'>loci</span> <span class='ocrx_word' id='word_1_426' title='bbox 2000 654 2013 675; x_wconf 84' lang='lat'>,</span> <span class='ocrx_word' id='word_1_427' title='bbox 2043 640 2211 685; x_wconf 82' lang='lat' dir='ltr'>propter</span> 
     </span>
     <span class='ocr_line' id='line_1_70' title="bbox 1237 686 2210 745; baseline -0.002 -12"><span class='ocrx_word' id='word_1_428' title='bbox 1237 691 1462 745; x_wconf 84' lang='lat' dir='ltr'>angustiam</span> <span class='ocrx_word' id='word_1_429' title='bbox 1477 689 1680 745; x_wconf 90' lang='lat' dir='ltr'>temporis</span> <span class='ocrx_word' id='word_1_430' title='bbox 1694 716 1708 739; x_wconf 90' lang='lat'>‚</span> <span class='ocrx_word' id='word_1_431' title='bbox 1738 686 1909 744; x_wconf 84' lang='lat' dir='ltr'>singulas</span> <span class='ocrx_word' id='word_1_432' title='bbox 1926 686 2012 728; x_wconf 87' lang='lat' dir='ltr'>suas</span> <span class='ocrx_word' id='word_1_433' title='bbox 2027 688 2181 731; x_wconf 83' lang='lat' dir='ltr'>divinas</span> <span class='ocrx_word' id='word_1_434' title='bbox 2196 719 2210 741; x_wconf 82' lang='lat'>‚</span> 
     </span>
     <span class='ocr_line' id='line_1_71' title="bbox 1234 746 2208 792; baseline -0.002 0"><span class='ocrx_word' id='word_1_435' title='bbox 1234 751 1275 792; x_wconf 76' lang='grc' dir='ltr'>δι</span> <span class='ocrx_word' id='word_1_436' title='bbox 1302 747 1389 792; x_wconf 91' lang='lat' dir='ltr'>fere</span> <span class='ocrx_word' id='word_1_437' title='bbox 1414 746 1731 792; x_wconf 86' lang='lat' dir='ltr'>innumerabiles</span> <span class='ocrx_word' id='word_1_438' title='bbox 1759 746 1970 789; x_wconf 89' lang='lat' dir='ltr'>recensere</span> <span class='ocrx_word' id='word_1_439' title='bbox 1999 747 2179 789; x_wconf 89' lang='lat' dir='ltr'>virtutes</span> <span class='ocrx_word' id='word_1_440' title='bbox 2196 762 2208 790; x_wconf 90' lang='lat'><strong>:</strong></span> 
     </span>
     <span class='ocr_line' id='line_1_72' title="bbox 1241 804 2213 863; baseline -0.002 -11"><span class='ocrx_word' id='word_1_441' title='bbox 1241 823 1333 852; x_wconf 82' lang='lat' dir='ltr'>nam</span> <span class='ocrx_word' id='word_1_442' title='bbox 1349 807 1780 863; x_wconf 86' lang='lat' dir='ltr'>tantaOmnipotentis</span> <span class='ocrx_word' id='word_1_443' title='bbox 1801 807 1877 849; x_wconf 90' lang='lat' dir='ltr'>Dei</span> <span class='ocrx_word' id='word_1_444' title='bbox 1900 804 2213 850; x_wconf 50' lang='lat' dir='ltr'>attestationm</span> 
     </span>
     <span class='ocr_line' id='line_1_73' title="bbox 1239 864 2215 920; baseline -0.004 -10"><span class='ocrx_word' id='word_1_445' title='bbox 1239 869 1424 912; x_wconf 88' lang='lat' dir='ltr'>munitur</span> <span class='ocrx_word' id='word_1_446' title='bbox 1437 894 1451 917; x_wconf 80' lang='lat'>,</span> <span class='ocrx_word' id='word_1_447' title='bbox 1466 877 1509 910; x_wconf 89' lang='lat' dir='ltr'>ut</span> <span class='ocrx_word' id='word_1_448' title='bbox 1528 864 1704 909; x_wconf 68' lang='lat' dir='ltr'>humana</span> <span class='ocrx_word' id='word_1_449' title='bbox 1724 865 1840 910; x_wconf 87' lang='lat' dir='ltr'>laude</span> <span class='ocrx_word' id='word_1_450' title='bbox 1856 880 1937 908; x_wconf 90' lang='lat' dir='ltr'>non</span> <span class='ocrx_word' id='word_1_451' title='bbox 1950 873 2082 920; x_wconf 86' lang='lat' dir='ltr'>egeat.</span> <span class='ocrx_word' id='word_1_452' title='bbox 2103 867 2215 907; x_wconf 89' lang='lat' dir='ltr'>Tan-</span> 
     </span>
     <span class='ocr_line' id='line_1_74' title="bbox 1240 924 2217 973; baseline -0.005 -2"><span class='ocrx_word' id='word_1_453' title='bbox 1240 938 1281 971; x_wconf 90' lang='lat' dir='ltr'>ta</span> <span class='ocrx_word' id='word_1_454' title='bbox 1296 929 1449 973; x_wconf 88' lang='lat' dir='ltr'>etenim</span> <span class='ocrx_word' id='word_1_455' title='bbox 1464 928 1504 970; x_wconf 93' lang='lat' dir='ltr'>in</span> <span class='ocrx_word' id='word_1_456' title='bbox 1520 925 1735 970; x_wconf 76' lang='lat' dir='ltr'>sane&#39;titatis</span> <span class='ocrx_word' id='word_1_457' title='bbox 1766 925 1839 968; x_wconf 90' lang='lat' dir='ltr'>suae</span> <span class='ocrx_word' id='word_1_458' title='bbox 1853 924 2127 968; x_wconf 82' lang='lat' dir='ltr'>testimonium</span> <span class='ocrx_word' id='word_1_459' title='bbox 2140 938 2217 966; x_wconf 92' lang='lat' dir='ltr'>co-</span> 
     </span>
     <span class='ocr_line' id='line_1_75' title="bbox 1238 983 2213 1042; baseline -0.006 -11"><span class='ocrx_word' id='word_1_460' title='bbox 1238 987 1453 1031; x_wconf 66' lang='lat' dir='ltr'>ruscavere</span> <span class='ocrx_word' id='word_1_461' title='bbox 1466 984 1664 1030; x_wconf 87' lang='lat' dir='ltr'>miracula</span> <span class='ocrx_word' id='word_1_462' title='bbox 1679 1011 1694 1035; x_wconf 82' lang='lat'>,</span> <span class='ocrx_word' id='word_1_463' title='bbox 1711 992 1756 1028; x_wconf 87' lang='lat' dir='ltr'>ut</span> <span class='ocrx_word' id='word_1_464' title='bbox 1771 985 1910 1035; x_wconf 85' lang='lat' dir='ltr'>etiam,</span> <span class='ocrx_word' id='word_1_465' title='bbox 1921 984 1944 1026; x_wconf 84' lang='lat' dir='ltr'>sr</span> <span class='ocrx_word' id='word_1_466' title='bbox 1961 985 2028 1042; x_wconf 90' lang='lat' dir='ltr'>qui</span> <span class='ocrx_word' id='word_1_467' title='bbox 2047 983 2121 1026; x_wconf 85' lang='lat' dir='ltr'>sint</span> <span class='ocrx_word' id='word_1_468' title='bbox 2131 984 2213 1025; x_wconf 81' lang='lat' dir='ltr'>mi-</span> 
     </span>
     <span class='ocr_line' id='line_1_76' title="bbox 1238 1043 2213 1102; baseline -0.004 -11"><span class='ocrx_word' id='word_1_469' title='bbox 1238 1046 1350 1091; x_wconf 86' lang='lat' dir='ltr'>nistri</span> <span class='ocrx_word' id='word_1_470' title='bbox 1366 1050 1522 1092; x_wconf 80' lang='lat' dir='ltr'>Satanae</span> <span class='ocrx_word' id='word_1_471' title='bbox 1536 1076 1549 1100; x_wconf 91' lang='lat'>‚</span> <span class='ocrx_word' id='word_1_472' title='bbox 1574 1045 1646 1102; x_wconf 91' lang='lat' dir='ltr'>qui</span> <span class='ocrx_word' id='word_1_473' title='bbox 1671 1043 1756 1100; x_wconf 86' lang='lat' dir='ltr'>ejus</span> <span class='ocrx_word' id='word_1_474' title='bbox 1785 1052 1983 1100; x_wconf 89' lang='lat' dir='ltr'>cuperent</span> <span class='ocrx_word' id='word_1_475' title='bbox 1997 1044 2213 1087; x_wconf 83' lang='lat' dir='ltr'>detrahere</span> 
     </span>
     <span class='ocr_line' id='line_1_77' title="bbox 1241 1103 2216 1160; baseline -0.004 -12"><span class='ocrx_word' id='word_1_476' title='bbox 1241 1106 1463 1156; x_wconf 69' lang='lat' dir='ltr'>sanstitati,</span> <span class='ocrx_word' id='word_1_477' title='bbox 1474 1106 1596 1149; x_wconf 86' lang='lat' dir='ltr'>tantis</span> <span class='ocrx_word' id='word_1_478' title='bbox 1615 1103 1705 1147; x_wconf 85' lang='lat' dir='ltr'>vifis</span> <span class='ocrx_word' id='word_1_479' title='bbox 1723 1104 1839 1160; x_wconf 86' lang='lat' dir='ltr'>fignis</span> <span class='ocrx_word' id='word_1_480' title='bbox 1850 1113 1971 1160; x_wconf 89' lang='lat' dir='ltr'>atque</span> <span class='ocrx_word' id='word_1_481' title='bbox 1984 1103 2187 1160; x_wconf 89' lang='lat' dir='ltr'>portentis</span> <span class='ocrx_word' id='word_1_482' title='bbox 2200 1128 2216 1152; x_wconf 87' lang='lat'>,</span> 
     </span>
     <span class='ocr_line' id='line_1_78' title="bbox 1240 1162 2212 1222; baseline -0.004 -13"><span class='ocrx_word' id='word_1_483' title='bbox 1240 1166 1404 1222; x_wconf 88' lang='lat' dir='ltr'>penitus</span> <span class='ocrx_word' id='word_1_484' title='bbox 1426 1164 1729 1209; x_wconf 85' lang='lat' dir='ltr'>obmutescant:</span> <span class='ocrx_word' id='word_1_485' title='bbox 1753 1166 1794 1207; x_wconf 77' lang='grc' dir='ltr'>δι</span> <span class='ocrx_word' id='word_1_486' title='bbox 1809 1164 1877 1222; x_wconf 91' lang='lat' dir='ltr'>qui</span> <span class='ocrx_word' id='word_1_487' title='bbox 1892 1162 2087 1207; x_wconf 83' lang='lat' dir='ltr'>beneficia</span> <span class='ocrx_word' id='word_1_488' title='bbox 2106 1162 2212 1214; x_wconf 86' lang='lat' dir='ltr'>Dei,</span> 
     </span>
     <span class='ocr_line' id='line_1_79' title="bbox 1239 1221 2215 1283; baseline -0.004 -15"><span class='ocrx_word' id='word_1_489' title='bbox 1239 1228 1414 1283; x_wconf 88' lang='lat' dir='ltr'>tempori</span> <span class='ocrx_word' id='word_1_490' title='bbox 1430 1226 1565 1268; x_wconf 83' lang='lat' dir='ltr'>nostro</span> <span class='ocrx_word' id='word_1_491' title='bbox 1577 1223 1759 1268; x_wconf 85' lang='lat' dir='ltr'>exhibita</span> <span class='ocrx_word' id='word_1_492' title='bbox 1776 1221 2215 1280; x_wconf 83' lang='lat' dir='ltr'>recognoscunt,agant</span> 
     </span>
     <span class='ocr_line' id='line_1_80' title="bbox 1236 1281 2216 1342; baseline -0.005 -14"><span class='ocrx_word' id='word_1_493' title='bbox 1236 1286 1381 1329; x_wconf 86' lang='lat' dir='ltr'>uberes</span> <span class='ocrx_word' id='word_1_494' title='bbox 1395 1287 1543 1342; x_wconf 87' lang='lat' dir='ltr'>gratias</span> <span class='ocrx_word' id='word_1_495' title='bbox 1557 1292 1678 1327; x_wconf 86' lang='lat' dir='ltr'>tantae</span> <span class='ocrx_word' id='word_1_496' title='bbox 1691 1283 1909 1327; x_wconf 71' lang='lat' dir='ltr'>sanctitatis</span> <span class='ocrx_word' id='word_1_497' title='bbox 1923 1283 2092 1326; x_wconf 63' lang='lat' dir='ltr'>Auctori</span> <span class='ocrx_word' id='word_1_498' title='bbox 2106 1308 2120 1332; x_wconf 86' lang='lat'>,</span> <span class='ocrx_word' id='word_1_499' title='bbox 2154 1281 2216 1323; x_wconf 80' lang='lat' dir='ltr'>vi-</span> 
     </span>
     <span class='ocr_line' id='line_1_81' title="bbox 1236 1341 2211 1398; baseline -0.007 -11"><span class='ocrx_word' id='word_1_500' title='bbox 1236 1345 1381 1388; x_wconf 86' lang='lat' dir='ltr'>dentes</span> <span class='ocrx_word' id='word_1_501' title='bbox 1411 1346 1450 1387; x_wconf 89' lang='lat' dir='ltr'>in</span> <span class='ocrx_word' id='word_1_502' title='bbox 1479 1347 1555 1386; x_wconf 86' lang='lat' dir='ltr'>hoc</span> <span class='ocrx_word' id='word_1_503' title='bbox 1570 1342 1848 1398; x_wconf 81' lang='lat' dir='ltr'>gloriofiffimo</span> <span class='ocrx_word' id='word_1_504' title='bbox 1864 1342 1965 1385; x_wconf 90' lang='lat' dir='ltr'>Viro</span> <span class='ocrx_word' id='word_1_505' title='bbox 1992 1341 2211 1392; x_wconf 86' lang='lat' dir='ltr'>renovari,</span> 
     </span>
     <span class='ocr_line' id='line_1_82' title="bbox 1235 1398 2216 1460; baseline -0.005 -14"><span class='ocrx_word' id='word_1_506' title='bbox 1235 1403 1345 1460; x_wconf 89' lang='lat' dir='ltr'>quod</span> <span class='ocrx_word' id='word_1_507' title='bbox 1371 1402 1425 1446; x_wconf 90' lang='lat' dir='ltr'>de</span> <span class='ocrx_word' id='word_1_508' title='bbox 1453 1402 1667 1459; x_wconf 85' lang='lat' dir='ltr'>unigenito</span> <span class='ocrx_word' id='word_1_509' title='bbox 1707 1404 1782 1444; x_wconf 90' lang='lat' dir='ltr'>Dei</span> <span class='ocrx_word' id='word_1_510' title='bbox 1816 1400 1922 1444; x_wconf 82' lang='lat' dir='ltr'>Filio</span> <span class='ocrx_word' id='word_1_511' title='bbox 1952 1398 2103 1442; x_wconf 62' lang='lat' dir='ltr'>dietum</span> <span class='ocrx_word' id='word_1_512' title='bbox 2135 1399 2189 1442; x_wconf 80' lang='lat' dir='ltr'>est</span> <span class='ocrx_word' id='word_1_513' title='bbox 2201 1410 2216 1441; x_wconf 74' lang='lat' dir='ltr'>t</span> 
     </span>
     <span class='ocr_line' id='line_1_83' title="bbox 1249 1458 2213 1518; baseline -0.008 -10"><span class='ocrx_word' id='word_1_514' title='bbox 1249 1465 1406 1508; x_wconf 78' lang='lat' dir='ltr'>Venient</span> <span class='ocrx_word' id='word_1_515' title='bbox 1421 1463 1477 1504; x_wconf 84' lang='lat' dir='ltr'>ad</span> <span class='ocrx_word' id='word_1_516' title='bbox 1484 1472 1525 1504; x_wconf 82' lang='lat' dir='ltr'>te</span> <span class='ocrx_word' id='word_1_517' title='bbox 1538 1491 1552 1514; x_wconf 89' lang='lat'>,</span> <span class='ocrx_word' id='word_1_518' title='bbox 1569 1464 1641 1518; x_wconf 71' lang='lat' dir='ltr'>qui</span> <span class='ocrx_word' id='word_1_519' title='bbox 1652 1459 1915 1504; x_wconf 82' lang='lat' dir='ltr'>detrahebant</span> <span class='ocrx_word' id='word_1_520' title='bbox 1927 1458 2009 1501; x_wconf 74' lang='lat' dir='ltr'>tibi</span> <span class='ocrx_word' id='word_1_521' title='bbox 2019 1486 2033 1508; x_wconf 82' lang='lat'>‚</span> <span class='ocrx_word' id='word_1_522' title='bbox 2056 1458 2106 1507; x_wconf 67' lang='grc' dir='ltr'>θ’</span> <span class='ocrx_word' id='word_1_523' title='bbox 2118 1459 2213 1500; x_wconf 81' lang='lat' dir='ltr'>ado-</span> 
     </span>
     <span class='ocr_line' id='line_1_84' title="bbox 1238 1518 2216 1579; baseline -0.005 -14"><span class='ocrx_word' id='word_1_524' title='bbox 1238 1522 1391 1566; x_wconf 81' lang='lat' dir='ltr'>rabunt</span> <span class='ocrx_word' id='word_1_525' title='bbox 1406 1522 1571 1579; x_wconf 72' lang='lat' dir='ltr'>vestigia</span> <span class='ocrx_word' id='word_1_526' title='bbox 1578 1521 1723 1577; x_wconf 83' lang='lat' dir='ltr'>pedum</span> <span class='ocrx_word' id='word_1_527' title='bbox 1737 1532 1896 1564; x_wconf 79' lang='lat' dir='ltr'>tuorum</span> <span class='ocrx_word' id='word_1_528' title='bbox 1911 1547 1921 1557; x_wconf 87' lang='lat'>.</span> <span class='ocrx_word' id='word_1_529' title='bbox 1956 1520 2087 1562; x_wconf 82' lang='lat' dir='ltr'>Tanta</span> <span class='ocrx_word' id='word_1_530' title='bbox 2104 1518 2216 1561; x_wconf 86' lang='lat' dir='ltr'>enim</span> 
     </span>
     <span class='ocr_line' id='line_1_85' title="bbox 1239 1576 2216 1638; baseline -0.005 -13"><span class='ocrx_word' id='word_1_531' title='bbox 1239 1592 1427 1638; x_wconf 89' lang='lat' dir='ltr'>tempore</span> <span class='ocrx_word' id='word_1_532' title='bbox 1443 1583 1578 1625; x_wconf 64' lang='lat' dir='ltr'>sanc‘iae</span> <span class='ocrx_word' id='word_1_533' title='bbox 1597 1581 1802 1624; x_wconf 83' lang='lat' dir='ltr'>memotiae</span> <span class='ocrx_word' id='word_1_534' title='bbox 1828 1576 2125 1636; x_wconf 67' lang='lat' dir='ltr'>predecessoris</span> <span class='ocrx_word' id='word_1_535' title='bbox 2142 1592 2216 1620; x_wconf 94' lang='lat' dir='ltr'>no-</span> 
     </span>
     <span class='ocr_line' id='line_1_86' title="bbox 1239 1637 2216 1700; baseline -0.006 -15"><span class='ocrx_word' id='word_1_536' title='bbox 1239 1642 1303 1685; x_wconf 79' lang='lat' dir='ltr'>stri</span> <span class='ocrx_word' id='word_1_537' title='bbox 1319 1641 1485 1700; x_wconf 85' lang='lat' dir='ltr'>Eugenii</span> <span class='ocrx_word' id='word_1_538' title='bbox 1503 1642 1618 1697; x_wconf 76' lang='lat' dir='ltr'>Papa:</span> <span class='ocrx_word' id='word_1_539' title='bbox 1638 1642 1711 1683; x_wconf 81' lang='lat' dir='ltr'>lv.</span> <span class='ocrx_word' id='word_1_540' title='bbox 1730 1637 1978 1683; x_wconf 73' lang='lat' dir='ltr'>increbuere</span> <span class='ocrx_word' id='word_1_541' title='bbox 1994 1637 2188 1680; x_wconf 85' lang='lat' dir='ltr'>miracula</span> <span class='ocrx_word' id='word_1_542' title='bbox 2201 1664 2216 1687; x_wconf 89' lang='lat'>‚</span> 
     </span>
     <span class='ocr_line' id='line_1_87' title="bbox 1237 1697 2216 1760; baseline -0.006 -15"><span class='ocrx_word' id='word_1_543' title='bbox 1237 1713 1281 1745; x_wconf 90' lang='lat' dir='ltr'>ut</span> <span class='ocrx_word' id='word_1_544' title='bbox 1300 1702 1393 1760; x_wconf 71' lang='lat' dir='ltr'>saepe</span> <span class='ocrx_word' id='word_1_545' title='bbox 1410 1716 1483 1758; x_wconf 89' lang='lat' dir='ltr'>per</span> <span class='ocrx_word' id='word_1_546' title='bbox 1498 1701 1694 1758; x_wconf 91' lang='lat' dir='ltr'>plurimos</span> <span class='ocrx_word' id='word_1_547' title='bbox 1711 1702 1931 1742; x_wconf 85' lang='lat' dir='ltr'>timoratos</span> <span class='ocrx_word' id='word_1_548' title='bbox 1945 1699 1986 1740; x_wconf 78' lang='grc' dir='ltr'>δι</span> <span class='ocrx_word' id='word_1_549' title='bbox 2003 1697 2216 1752; x_wconf 84' lang='lat' dir='ltr'>religiosos</span> 
     </span>
     <span class='ocr_line' id='line_1_88' title="bbox 1235 1758 2218 1814; baseline -0.006 -10"><span class='ocrx_word' id='word_1_550' title='bbox 1235 1763 1375 1814; x_wconf 89' lang='lat' dir='ltr'>Viros,</span> <span class='ocrx_word' id='word_1_551' title='bbox 1387 1775 1546 1804; x_wconf 88' lang='lat' dir='ltr'>necnon</span> <span class='ocrx_word' id='word_1_552' title='bbox 1564 1760 1714 1803; x_wconf 89' lang='lat' dir='ltr'>litteris</span> <span class='ocrx_word' id='word_1_553' title='bbox 1728 1759 1953 1802; x_wconf 88' lang='lat' dir='ltr'>multorum</span> <span class='ocrx_word' id='word_1_554' title='bbox 1965 1758 2218 1813; x_wconf 87' lang='lat' dir='ltr'>Principum,</span> 
     </span>
     <span class='ocr_line' id='line_1_89' title="bbox 1234 1815 2220 1876; baseline -0.008 -12"><span class='ocrx_word' id='word_1_555' title='bbox 1234 1824 1271 1864; x_wconf 82' lang='lat'>&amp;</span> <span class='ocrx_word' id='word_1_556' title='bbox 1290 1821 1485 1876; x_wconf 66' lang='lat' dir='ltr'>praecipue</span> <span class='ocrx_word' id='word_1_557' title='bbox 1500 1819 1713 1863; x_wconf 73' lang='lat' dir='ltr'>charissimi</span> <span class='ocrx_word' id='word_1_558' title='bbox 1729 1819 1767 1860; x_wconf 91' lang='lat' dir='ltr'>in</span> <span class='ocrx_word' id='word_1_559' title='bbox 1781 1818 1948 1861; x_wconf 80' lang='lat' dir='ltr'>Christo</span> <span class='ocrx_word' id='word_1_560' title='bbox 1971 1817 2060 1859; x_wconf 82' lang='lat' dir='ltr'>Filii</span> <span class='ocrx_word' id='word_1_561' title='bbox 2093 1815 2220 1858; x_wconf 80' lang='lat' dir='ltr'>nostri</span> 
     </span>
     <span class='ocr_line' id='line_1_90' title="bbox 1239 1875 2219 1937; baseline -0.006 -14"><span class='ocrx_word' id='word_1_562' title='bbox 1239 1880 1437 1937; x_wconf 85' lang='lat' dir='ltr'>Alphonsi</span> <span class='ocrx_word' id='word_1_563' title='bbox 1453 1882 1690 1934; x_wconf 82' lang='lat' dir='ltr'>Aragonum</span> <span class='ocrx_word' id='word_1_564' title='bbox 1707 1877 1832 1932; x_wconf 83' lang='lat' dir='ltr'>Regis</span> <span class='ocrx_word' id='word_1_565' title='bbox 1860 1875 2028 1918; x_wconf 81' lang='lat' dir='ltr'>illustris</span> <span class='ocrx_word' id='word_1_566' title='bbox 2043 1903 2058 1926; x_wconf 82' lang='lat'>,</span> <span class='ocrx_word' id='word_1_567' title='bbox 2088 1875 2126 1915; x_wconf 88' lang='lat'>&amp;</span> <span class='ocrx_word' id='word_1_568' title='bbox 2144 1877 2219 1917; x_wconf 86' lang='lat' dir='ltr'>Se-</span> 
     </span>
     <span class='ocr_line' id='line_1_91' title="bbox 1240 1933 2218 1994; baseline -0.008 -11"><span class='ocrx_word' id='word_1_569' title='bbox 1240 1939 1419 1983; x_wconf 77' lang='lat' dir='ltr'>nentium</span> <span class='ocrx_word' id='word_1_570' title='bbox 1443 1940 1480 1980; x_wconf 84' lang='lat'>&amp;</span> <span class='ocrx_word' id='word_1_571' title='bbox 1498 1938 1797 1994; x_wconf 85' lang='lat' dir='ltr'>Aquilanorum</span> <span class='ocrx_word' id='word_1_572' title='bbox 1825 1934 2071 1992; x_wconf 89' lang='lat' dir='ltr'>populorum</span> <span class='ocrx_word' id='word_1_573' title='bbox 2086 1933 2218 1990; x_wconf 86' lang='lat' dir='ltr'>preci-</span> 
     </span>
     <span class='ocr_line' id='line_1_92' title="bbox 1239 1992 2218 2051; baseline -0.004 -11"><span class='ocrx_word' id='word_1_574' title='bbox 1239 2001 1317 2040; x_wconf 87' lang='lat' dir='ltr'>bus</span> <span class='ocrx_word' id='word_1_575' title='bbox 1329 2027 1343 2047; x_wconf 89' lang='lat'>,</span> <span class='ocrx_word' id='word_1_576' title='bbox 1357 1998 1557 2040; x_wconf 87' lang='lat' dir='ltr'>litteris&amp;</span> <span class='ocrx_word' id='word_1_577' title='bbox 1576 1997 1745 2041; x_wconf 87' lang='lat' dir='ltr'>Nuntiis</span> <span class='ocrx_word' id='word_1_578' title='bbox 1761 1994 1938 2051; x_wconf 88' lang='lat' dir='ltr'>pulsatus</span> <span class='ocrx_word' id='word_1_579' title='bbox 1952 1992 2026 2045; x_wconf 83' lang='lat' dir='ltr'>fit,</span> <span class='ocrx_word' id='word_1_580' title='bbox 2042 2002 2087 2037; x_wconf 90' lang='lat' dir='ltr'>ut</span> <span class='ocrx_word' id='word_1_581' title='bbox 2104 2002 2218 2036; x_wconf 75' lang='lat' dir='ltr'>tanta</span> 
     </span>
     <span class='ocr_line' id='line_1_93' title="bbox 1243 2050 2214 2106; baseline 0.001 -11"><span class='ocrx_word' id='word_1_582' title='bbox 1243 2056 1376 2095; x_wconf 87' lang='lat' dir='ltr'>&amp;tam</span> <span class='ocrx_word' id='word_1_583' title='bbox 1391 2054 1530 2095; x_wconf 82' lang='lat' dir='ltr'>divina</span> <span class='ocrx_word' id='word_1_584' title='bbox 1546 2054 1740 2095; x_wconf 88' lang='lat' dir='ltr'>miracula</span> <span class='ocrx_word' id='word_1_585' title='bbox 1754 2055 1943 2106; x_wconf 87' lang='lat' dir='ltr'>quotidie</span> <span class='ocrx_word' id='word_1_586' title='bbox 1956 2050 2214 2096; x_wconf 82' lang='lat' dir='ltr'>coruscantia</span> 
     </span>
     <span class='ocr_line' id='line_1_94' title="bbox 1243 2108 2219 2167; baseline -0.001 -13"><span class='ocrx_word' id='word_1_587' title='bbox 1243 2112 1467 2167; x_wconf 88' lang='lat' dir='ltr'>diligenter</span> <span class='ocrx_word' id='word_1_588' title='bbox 1494 2108 1703 2152; x_wconf 86' lang='lat' dir='ltr'>mandaret</span> <span class='ocrx_word' id='word_1_589' title='bbox 1726 2110 1901 2165; x_wconf 83' lang='lat' dir='ltr'>inquiri,</span> <span class='ocrx_word' id='word_1_590' title='bbox 1933 2121 1978 2152; x_wconf 91' lang='lat' dir='ltr'>ut</span> <span class='ocrx_word' id='word_1_591' title='bbox 1991 2139 2007 2160; x_wconf 91' lang='lat'>,</span> <span class='ocrx_word' id='word_1_592' title='bbox 2044 2113 2219 2154; x_wconf 81' lang='lat' dir='ltr'>veritate</span> 
     </span>
     <span class='ocr_line' id='line_1_95' title="bbox 1245 2168 2218 2226; baseline 0 -14"><span class='ocrx_word' id='word_1_593' title='bbox 1245 2168 1456 2224; x_wconf 72' lang='lat' dir='ltr'>compertzl</span> <span class='ocrx_word' id='word_1_594' title='bbox 1473 2197 1487 2220; x_wconf 89' lang='lat'>,</span> <span class='ocrx_word' id='word_1_595' title='bbox 1501 2179 1620 2212; x_wconf 89' lang='lat' dir='ltr'>tanto</span> <span class='ocrx_word' id='word_1_596' title='bbox 1634 2170 1737 2211; x_wconf 90' lang='lat' dir='ltr'>Viro</span> <span class='ocrx_word' id='word_1_597' title='bbox 1750 2168 1922 2223; x_wconf 88' lang='lat' dir='ltr'>gloriam</span> <span class='ocrx_word' id='word_1_598' title='bbox 1938 2196 1952 2218; x_wconf 88' lang='lat'>,</span> <span class='ocrx_word' id='word_1_599' title='bbox 1982 2182 2105 2225; x_wconf 90' lang='lat' dir='ltr'>quam</span> <span class='ocrx_word' id='word_1_600' title='bbox 2135 2168 2218 2226; x_wconf 87' lang='lat' dir='ltr'>jam</span> 
     </span>
     <span class='ocr_line' id='line_1_96' title="bbox 1240 2226 2217 2282; baseline 0.003 -16"><span class='ocrx_word' id='word_1_601' title='bbox 1240 2227 1379 2267; x_wconf 80' lang='lat' dir='ltr'>divina</span> <span class='ocrx_word' id='word_1_602' title='bbox 1397 2226 1675 2268; x_wconf 74' lang='lat' dir='ltr'>testificatione</span> <span class='ocrx_word' id='word_1_603' title='bbox 1686 2228 1727 2266; x_wconf 89' lang='lat' dir='ltr'>in</span> <span class='ocrx_word' id='word_1_604' title='bbox 1740 2229 2023 2282; x_wconf 86' lang='lat' dir='ltr'>triumphante</span> <span class='ocrx_word' id='word_1_605' title='bbox 2038 2227 2217 2271; x_wconf 84' lang='lat' dir='ltr'>Ecclesia</span> 
     </span>
     <span class='ocr_line' id='line_1_97' title="bbox 1237 2283 2216 2341; baseline 0.001 -14"><span class='ocrx_word' id='word_1_606' title='bbox 1237 2283 1455 2327; x_wconf 89' lang='lat' dir='ltr'>obtinebat</span> <span class='ocrx_word' id='word_1_607' title='bbox 1471 2283 1511 2325; x_wconf 92' lang='lat' dir='ltr'>in</span> <span class='ocrx_word' id='word_1_608' title='bbox 1525 2283 1644 2325; x_wconf 88' lang='lat' dir='ltr'>coelis</span> <span class='ocrx_word' id='word_1_609' title='bbox 1659 2311 1672 2334; x_wconf 88' lang='lat'>,</span> <span class='ocrx_word' id='word_1_610' title='bbox 1701 2283 1740 2325; x_wconf 87' lang='lat' dir='ltr'>in</span> <span class='ocrx_word' id='word_1_611' title='bbox 1771 2284 1974 2326; x_wconf 87' lang='lat' dir='ltr'>militante</span> <span class='ocrx_word' id='word_1_612' title='bbox 1986 2298 2068 2327; x_wconf 88' lang='lat' dir='ltr'>non</span> <span class='ocrx_word' id='word_1_613' title='bbox 2095 2300 2216 2341; x_wconf 83' lang='lat' dir='ltr'>nega·</span> 
     </span>
     <span class='ocr_line' id='line_1_98' title="bbox 1238 2342 2216 2397; baseline 0 -11"><span class='ocrx_word' id='word_1_614' title='bbox 1238 2352 1300 2387; x_wconf 84' lang='lat' dir='ltr'>tet</span> <span class='ocrx_word' id='word_1_615' title='bbox 1317 2344 1358 2386; x_wconf 90' lang='lat' dir='ltr'>in</span> <span class='ocrx_word' id='word_1_616' title='bbox 1375 2344 1516 2386; x_wconf 85' lang='lat' dir='ltr'>terris.</span> <span class='ocrx_word' id='word_1_617' title='bbox 1552 2342 1781 2397; x_wconf 68' lang='lat' dir='ltr'>fecitquod</span> <span class='ocrx_word' id='word_1_618' title='bbox 1802 2343 1858 2385; x_wconf 89' lang='lat' dir='ltr'>rei</span> <span class='ocrx_word' id='word_1_619' title='bbox 1876 2344 2058 2397; x_wconf 80' lang='lat' dir='ltr'>gravitas</span> <span class='ocrx_word' id='word_1_620' title='bbox 2073 2344 2112 2386; x_wconf 86' lang='lat'>&amp;</span> <span class='ocrx_word' id='word_1_621' title='bbox 2132 2358 2216 2387; x_wconf 86' lang='lat' dir='ltr'>ma-</span> 
     </span>
     <span class='ocr_line' id='line_1_99' title="bbox 1238 2400 2214 2460; baseline 0.002 -15"><span class='ocrx_word' id='word_1_622' title='bbox 1238 2403 1411 2460; x_wconf 87' lang='lat' dir='ltr'>gnitudo</span> <span class='ocrx_word' id='word_1_623' title='bbox 1428 2402 1618 2459; x_wconf 74' lang='lat' dir='ltr'>postebat</span> <span class='ocrx_word' id='word_1_624' title='bbox 1633 2429 1647 2451; x_wconf 89' lang='lat'>,</span> <span class='ocrx_word' id='word_1_625' title='bbox 1673 2402 1711 2442; x_wconf 85' lang='lat'>&amp;</span> <span class='ocrx_word' id='word_1_626' title='bbox 1756 2400 1834 2443; x_wconf 89' lang='lat' dir='ltr'>uod</span> <span class='ocrx_word' id='word_1_627' title='bbox 1849 2402 1946 2446; x_wconf 71' lang='lat' dir='ltr'>alias</span> <span class='ocrx_word' id='word_1_628' title='bbox 1958 2402 2084 2445; x_wconf 85' lang='lat' dir='ltr'>Sedes</span> <span class='ocrx_word' id='word_1_629' title='bbox 2098 2405 2214 2460; x_wconf 85' lang='lat' dir='ltr'>Apo-</span> 
     </span>
     <span class='ocr_line' id='line_1_100' title="bbox 1239 2416 2213 2513; baseline 0 -8"><span class='ocrx_word' id='word_1_630' title='bbox 1239 2463 1379 2506; x_wconf 82' lang='lat' dir='ltr'>ssolica</span> <span class='ocrx_word' id='word_1_631' title='bbox 1409 2461 1625 2504; x_wconf 80' lang='lat' dir='ltr'>observare</span> <span class='ocrx_word' id='word_1_632' title='bbox 1644 2416 1880 2513; x_wconf 53' lang='lat' dir='ltr'>consuevit3</span> <span class='ocrx_word' id='word_1_633' title='bbox 1913 2460 2113 2505; x_wconf 85' lang='lat' dir='ltr'>commisit</span> <span class='ocrx_word' id='word_1_634' title='bbox 2136 2463 2213 2505; x_wconf 84' lang='lat' dir='ltr'>tri-</span> 
     </span>
     <span class='ocr_line' id='line_1_101' title="bbox 1240 2519 2213 2576; baseline -0.001 -10"><span class='ocrx_word' id='word_1_635' title='bbox 1240 2524 1313 2566; x_wconf 89' lang='lat' dir='ltr'>bus</span> <span class='ocrx_word' id='word_1_636' title='bbox 1328 2524 1480 2566; x_wconf 69' lang='lat' dir='ltr'>Saneiae</span> <span class='ocrx_word' id='word_1_637' title='bbox 1496 2523 1689 2564; x_wconf 67' lang='lat' dir='ltr'>Romana</span> <span class='ocrx_word' id='word_1_638' title='bbox 1702 2519 1883 2563; x_wconf 83' lang='lat' dir='ltr'>Ecclesiae</span> <span class='ocrx_word' id='word_1_639' title='bbox 1894 2520 2184 2565; x_wconf 78' lang='lat' dir='ltr'>cardinalibus</span> <span class='ocrx_word' id='word_1_640' title='bbox 2198 2551 2213 2576; x_wconf 91' lang='lat'>,</span> 
     </span>
     <span class='ocr_line' id='line_1_102' title="bbox 1238 2578 2211 2641; baseline -0.002 -16"><span class='ocrx_word' id='word_1_641' title='bbox 1238 2583 1306 2641; x_wconf 91' lang='lat' dir='ltr'>qui</span> <span class='ocrx_word' id='word_1_642' title='bbox 1319 2580 1423 2624; x_wconf 87' lang='lat' dir='ltr'>duos</span> <span class='ocrx_word' id='word_1_643' title='bbox 1438 2581 1694 2624; x_wconf 80' lang='lat' dir='ltr'>venerabiles</span> <span class='ocrx_word' id='word_1_644' title='bbox 1711 2578 1931 2636; x_wconf 85' lang='lat' dir='ltr'>Episcopos</span> <span class='ocrx_word' id='word_1_645' title='bbox 1944 2580 2183 2637; x_wconf 87' lang='lat' dir='ltr'>delegantes</span> <span class='ocrx_word' id='word_1_646' title='bbox 2196 2612 2211 2635; x_wconf 90' lang='lat'>,</span> 
     </span>
     <span class='ocr_line' id='line_1_103' title="bbox 1240 2639 2211 2696; baseline -0.005 -9"><span class='ocrx_word' id='word_1_647' title='bbox 1240 2644 1457 2687; x_wconf 81' lang='lat' dir='ltr'>veritatem</span> <span class='ocrx_word' id='word_1_648' title='bbox 1475 2650 1593 2685; x_wconf 77' lang='lat' dir='ltr'>tanta:</span> <span class='ocrx_word' id='word_1_649' title='bbox 1607 2641 1666 2684; x_wconf 88' lang='lat' dir='ltr'>rei</span> <span class='ocrx_word' id='word_1_650' title='bbox 1681 2639 1829 2696; x_wconf 88' lang='lat' dir='ltr'>inquiri</span> <span class='ocrx_word' id='word_1_651' title='bbox 1845 2652 1938 2682; x_wconf 89' lang='lat' dir='ltr'>cum</span> <span class='ocrx_word' id='word_1_652' title='bbox 1952 2642 2059 2683; x_wconf 91' lang='lat' dir='ltr'>omni</span> <span class='ocrx_word' id='word_1_653' title='bbox 2075 2641 2211 2696; x_wconf 83' lang='lat' dir='ltr'>gravi—</span> 
     </span>
     <span class='ocr_line' id='line_1_104' title="bbox 1240 2698 2210 2757; baseline -0.006 -9"><span class='ocrx_word' id='word_1_654' title='bbox 1240 2713 1326 2748; x_wconf 83' lang='lat' dir='ltr'>tate</span> <span class='ocrx_word' id='word_1_655' title='bbox 1354 2700 1613 2745; x_wconf 82' lang='lat' dir='ltr'>mandarent:</span> <span class='ocrx_word' id='word_1_656' title='bbox 1640 2700 1707 2757; x_wconf 89' lang='lat' dir='ltr'>qui</span> <span class='ocrx_word' id='word_1_657' title='bbox 1732 2699 1878 2741; x_wconf 61' lang='lat' dir='ltr'>exa-§iis</span> <span class='ocrx_word' id='word_1_658' title='bbox 1896 2698 2048 2756; x_wconf 89' lang='lat' dir='ltr'>aliquot</span> <span class='ocrx_word' id='word_1_659' title='bbox 2066 2700 2210 2742; x_wconf 83' lang='lat' dir='ltr'>menli-</span> 
     </span>
     <span class='ocr_line' id='line_1_105' title="bbox 1238 2758 2210 2817; baseline -0.005 -11"><span class='ocrx_word' id='word_1_660' title='bbox 1238 2764 1311 2807; x_wconf 92' lang='lat' dir='ltr'>bus</span> <span class='ocrx_word' id='word_1_661' title='bbox 1326 2792 1343 2814; x_wconf 87' lang='lat'>,</span> <span class='ocrx_word' id='word_1_662' title='bbox 1367 2762 1418 2805; x_wconf 90' lang='lat' dir='ltr'>ad</span> <span class='ocrx_word' id='word_1_663' title='bbox 1445 2760 1593 2804; x_wconf 88' lang='lat' dir='ltr'>Sedem</span> <span class='ocrx_word' id='word_1_664' title='bbox 1618 2758 1896 2817; x_wconf 79' lang='lat' dir='ltr'>Apostolicam</span> <span class='ocrx_word' id='word_1_665' title='bbox 1921 2766 2210 2812; x_wconf 86' lang='lat' dir='ltr'>revertentes,</span> 
     </span>
     <span class='ocr_line' id='line_1_106' title="bbox 1237 2817 2208 2880; baseline -0.008 -14"><span class='ocrx_word' id='word_1_666' title='bbox 1237 2837 1322 2880; x_wconf 82' lang='lat' dir='ltr'>quae</span> <span class='ocrx_word' id='word_1_667' title='bbox 1366 2822 1612 2865; x_wconf 80' lang='lat' dir='ltr'>invenerunt</span> <span class='ocrx_word' id='word_1_668' title='bbox 1630 2849 1643 2871; x_wconf 88' lang='lat'>‚</span> <span class='ocrx_word' id='word_1_669' title='bbox 1691 2817 1912 2861; x_wconf 73' lang='lat' dir='ltr'>fideliffime</span> <span class='ocrx_word' id='word_1_670' title='bbox 1941 2819 2176 2862; x_wconf 89' lang='lat' dir='ltr'>retulerunt</span> <span class='ocrx_word' id='word_1_671' title='bbox 2195 2845 2208 2858; x_wconf 89' lang='lat'><strong>.</strong></span> 
     </span>
     <span class='ocr_line' id='line_1_107' title="bbox 1236 2876 2206 2930; baseline -0.005 -4"><span class='ocrx_word' id='word_1_672' title='bbox 1236 2887 1343 2926; x_wconf 88' lang='lat' dir='ltr'>Cum</span> <span class='ocrx_word' id='word_1_673' title='bbox 1354 2891 1491 2924; x_wconf 88' lang='lat' dir='ltr'>autem</span> <span class='ocrx_word' id='word_1_674' title='bbox 1506 2880 1616 2922; x_wconf 90' lang='lat' dir='ltr'>idem</span> <span class='ocrx_word' id='word_1_675' title='bbox 1634 2876 1898 2921; x_wconf 79' lang='lat' dir='ltr'>Praedeceffor</span> <span class='ocrx_word' id='word_1_676' title='bbox 1915 2879 2206 2930; x_wconf 82' lang='lat' dir='ltr'>noster,rerum</span> 
     </span>
     <span class='ocr_line' id='line_1_108' title="bbox 1238 2933 2208 2997; baseline -0.012 -13"><span class='ocrx_word' id='word_1_677' title='bbox 1238 2943 1411 2986; x_wconf 81' lang='lat' dir='ltr'>veritate</span> <span class='ocrx_word' id='word_1_678' title='bbox 1426 2936 1630 2997; x_wconf 63' lang='lat' dir='ltr'>perspecta</span> <span class='ocrx_word' id='word_1_679' title='bbox 1645 2962 1660 2985; x_wconf 82' lang='lat'>,</span> <span class='ocrx_word' id='word_1_680' title='bbox 1688 2933 1936 2990; x_wconf 87' lang='lat' dir='ltr'>pulsantium</span> <span class='ocrx_word' id='word_1_681' title='bbox 1952 2938 2137 2993; x_wconf 81' lang='lat' dir='ltr'>precibus</span> <span class='ocrx_word' id='word_1_682' title='bbox 2154 2936 2208 2979; x_wconf 72' lang='lat' dir='ltr'>sa..</span> 
     </span>
     <span class='ocr_line' id='line_1_109' title="bbox 1239 2995 2204 3054; baseline -0.005 -11"><span class='ocrx_word' id='word_1_683' title='bbox 1239 2999 1430 3044; x_wconf 82' lang='lat' dir='ltr'>tisfacere</span> <span class='ocrx_word' id='word_1_684' title='bbox 1455 2998 1687 3054; x_wconf 85' lang='lat' dir='ltr'>cogitaret,</span> <span class='ocrx_word' id='word_1_685' title='bbox 1720 3003 1892 3037; x_wconf 81' lang='lat' dir='ltr'>vocante</span> <span class='ocrx_word' id='word_1_686' title='bbox 1915 2995 2034 3048; x_wconf 87' lang='lat' dir='ltr'>Deo,</span> <span class='ocrx_word' id='word_1_687' title='bbox 2063 2996 2114 3038; x_wconf 94' lang='lat' dir='ltr'>de</span> <span class='ocrx_word' id='word_1_688' title='bbox 2129 2998 2204 3038; x_wconf 86' lang='lat' dir='ltr'>hac</span> 
     </span>
     <span class='ocr_line' id='line_1_110' title="bbox 1237 3054 2205 3111; baseline -0.005 -9"><span class='ocrx_word' id='word_1_689' title='bbox 1237 3059 1488 3102; x_wconf 89' lang='lat' dir='ltr'>miseriarum</span> <span class='ocrx_word' id='word_1_690' title='bbox 1516 3055 1624 3099; x_wconf 83' lang='lat' dir='ltr'>valle</span> <span class='ocrx_word' id='word_1_691' title='bbox 1651 3054 1871 3097; x_wconf 61' lang='lat' dir='ltr'>subtractus</span> <span class='ocrx_word' id='word_1_692' title='bbox 1884 3054 1939 3096; x_wconf 83' lang='lat' dir='ltr'>est</span> <span class='ocrx_word' id='word_1_693' title='bbox 1955 3083 1966 3095; x_wconf 90' lang='lat'><strong>.</strong></span> <span class='ocrx_word' id='word_1_694' title='bbox 1999 3058 2088 3098; x_wconf 84' lang='lat' dir='ltr'>Nos</span> <span class='ocrx_word' id='word_1_695' title='bbox 2101 3084 2118 3105; x_wconf 91' lang='lat'>,</span> <span class='ocrx_word' id='word_1_696' title='bbox 2134 3056 2205 3111; x_wconf 91' lang='lat' dir='ltr'>qui</span> 
     </span>
     <span class='ocr_line' id='line_1_111' title="bbox 1239 3112 2202 3170; baseline -0.006 -8"><span class='ocrx_word' id='word_1_697' title='bbox 1239 3133 1320 3162; x_wconf 92' lang='lat' dir='ltr'>non</span> <span class='ocrx_word' id='word_1_698' title='bbox 1338 3117 1493 3162; x_wconf 87' lang='lat' dir='ltr'>meritis</span> <span class='ocrx_word' id='word_1_699' title='bbox 1509 3116 1651 3160; x_wconf 79' lang='lat' dir='ltr'>nostris</span> <span class='ocrx_word' id='word_1_700' title='bbox 1666 3142 1680 3163; x_wconf 67' lang='lat'>2</span> <span class='ocrx_word' id='word_1_701' title='bbox 1698 3113 1762 3156; x_wconf 91' lang='lat' dir='ltr'>sed</span> <span class='ocrx_word' id='word_1_702' title='bbox 1777 3114 1915 3156; x_wconf 80' lang='lat' dir='ltr'>divina</span> <span class='ocrx_word' id='word_1_703' title='bbox 1931 3112 2174 3170; x_wconf 75' lang='lat' dir='ltr'>dignatione</span> <span class='ocrx_word' id='word_1_704' title='bbox 2186 3141 2202 3164; x_wconf 80' lang='lat'>‚</span> 
     </span>
     <span class='ocr_line' id='line_1_112' title="bbox 1240 3170 2200 3224; baseline -0.004 -4"><span class='ocrx_word' id='word_1_705' title='bbox 1240 3178 1300 3220; x_wconf 90' lang='lat' dir='ltr'>illi</span> <span class='ocrx_word' id='word_1_706' title='bbox 1317 3178 1356 3220; x_wconf 92' lang='lat' dir='ltr'>in</span> <span class='ocrx_word' id='word_1_707' title='bbox 1377 3191 1503 3219; x_wconf 90' lang='lat' dir='ltr'>onere</span> <span class='ocrx_word' id='word_1_708' title='bbox 1528 3177 1568 3217; x_wconf 70' lang='grc' dir='ltr'><strong>ἃ</strong></span> <span class='ocrx_word' id='word_1_709' title='bbox 1584 3175 1739 3217; x_wconf 89' lang='lat' dir='ltr'>honore</span> <span class='ocrx_word' id='word_1_710' title='bbox 1754 3171 2027 3224; x_wconf 84' lang='lat' dir='ltr'>succellimus,</span> <span class='ocrx_word' id='word_1_711' title='bbox 2051 3170 2200 3216; x_wconf 85' lang='lat' dir='ltr'>suimus</span> 
     </span>
     <span class='ocr_line' id='line_1_113' title="bbox 1238 3230 2199 3292; baseline -0.007 -12"><span class='ocrx_word' id='word_1_712' title='bbox 1238 3252 1309 3292; x_wconf 92' lang='lat' dir='ltr'>per</span> <span class='ocrx_word' id='word_1_713' title='bbox 1324 3235 1483 3279; x_wconf 90' lang='lat' dir='ltr'>eosdem</span> <span class='ocrx_word' id='word_1_714' title='bbox 1496 3263 1511 3287; x_wconf 84' lang='lat'>,</span> <span class='ocrx_word' id='word_1_715' title='bbox 1535 3248 1636 3292; x_wconf 88' lang='lat' dir='ltr'>quos</span> <span class='ocrx_word' id='word_1_716' title='bbox 1652 3233 1766 3289; x_wconf 90' lang='lat' dir='ltr'>supra</span> <span class='ocrx_word' id='word_1_717' title='bbox 1776 3232 1990 3275; x_wconf 89' lang='lat' dir='ltr'>retulimus</span> <span class='ocrx_word' id='word_1_718' title='bbox 2006 3257 2021 3280; x_wconf 83' lang='lat'>‚</span> <span class='ocrx_word' id='word_1_719' title='bbox 2045 3230 2199 3286; x_wconf 82' lang='lat' dir='ltr'>saepiffi-</span> 
     </span>
     <span class='ocr_line' id='line_1_114' title="bbox 1238 3289 2199 3352; baseline -0.003 -15"><span class='ocrx_word' id='word_1_720' title='bbox 1238 3309 1304 3337; x_wconf 91' lang='lat' dir='ltr'>me</span> <span class='ocrx_word' id='word_1_721' title='bbox 1324 3294 1500 3352; x_wconf 74' lang='lat' dir='ltr'>requisiti</span> <span class='ocrx_word' id='word_1_722' title='bbox 1515 3318 1530 3345; x_wconf 85' lang='lat'>,</span> <span class='ocrx_word' id='word_1_723' title='bbox 1544 3303 1591 3336; x_wconf 88' lang='lat' dir='ltr'>ut</span> <span class='ocrx_word' id='word_1_724' title='bbox 1607 3322 1623 3346; x_wconf 82' lang='lat'>‚</span> <span class='ocrx_word' id='word_1_725' title='bbox 1634 3291 1743 3350; x_wconf 92' lang='lat' dir='ltr'>quod</span> <span class='ocrx_word' id='word_1_726' title='bbox 1763 3289 2024 3335; x_wconf 79' lang='lat' dir='ltr'>Praedeceffor</span> <span class='ocrx_word' id='word_1_727' title='bbox 2039 3289 2171 3334; x_wconf 85' lang='lat' dir='ltr'>noster</span> <span class='ocrx_word' id='word_1_728' title='bbox 2184 3319 2199 3343; x_wconf 84' lang='lat'>‚</span> 
     </span>
     <span class='ocr_line' id='line_1_115' title="bbox 1238 3348 2198 3411; baseline -0.007 -13"><span class='ocrx_word' id='word_1_729' title='bbox 1238 3353 1490 3411; x_wconf 87' lang='lat' dir='ltr'>impediente</span> <span class='ocrx_word' id='word_1_730' title='bbox 1502 3362 1639 3396; x_wconf 90' lang='lat' dir='ltr'>morte</span> <span class='ocrx_word' id='word_1_731' title='bbox 1653 3379 1667 3402; x_wconf 86' lang='lat'>‚</span> <span class='ocrx_word' id='word_1_732' title='bbox 1691 3364 1773 3394; x_wconf 91' lang='lat' dir='ltr'>non</span> <span class='ocrx_word' id='word_1_733' title='bbox 1794 3350 1979 3400; x_wconf 87' lang='lat' dir='ltr'>fecerat,</span> <span class='ocrx_word' id='word_1_734' title='bbox 2007 3348 2198 3405; x_wconf 89' lang='lat' dir='ltr'>implere-</span> 
     </span>
     <span class='ocr_line' id='line_1_116' title="bbox 1240 3407 2199 3468; baseline -0.007 -12"><span class='ocrx_word' id='word_1_735' title='bbox 1240 3429 1325 3457; x_wconf 89' lang='lat' dir='ltr'>mus</span> <span class='ocrx_word' id='word_1_736' title='bbox 1339 3444 1351 3455; x_wconf 92' lang='lat'><strong>.</strong></span> <span class='ocrx_word' id='word_1_737' title='bbox 1384 3417 1470 3457; x_wconf 88' lang='lat' dir='ltr'>Nos</span> <span class='ocrx_word' id='word_1_738' title='bbox 1485 3412 1541 3455; x_wconf 93' lang='lat' dir='ltr'>rei</span> <span class='ocrx_word' id='word_1_739' title='bbox 1553 3412 1797 3468; x_wconf 88' lang='lat' dir='ltr'>gravitatem</span> <span class='ocrx_word' id='word_1_740' title='bbox 1822 3412 1861 3451; x_wconf 87' lang='lat'>&amp;</span> <span class='ocrx_word' id='word_1_741' title='bbox 1876 3407 2199 3464; x_wconf 87' lang='lat' dir='ltr'>magnitudinem</span> 
     </span>
     <span class='ocr_line' id='line_1_117' title="bbox 1236 3466 2200 3524; baseline -0.006 -8"><span class='ocrx_word' id='word_1_742' title='bbox 1236 3472 1496 3516; x_wconf 79' lang='lat' dir='ltr'>attendentes</span> <span class='ocrx_word' id='word_1_743' title='bbox 1510 3499 1525 3523; x_wconf 84' lang='lat'>,</span> <span class='ocrx_word' id='word_1_744' title='bbox 1557 3469 1869 3514; x_wconf 80' lang='lat' dir='ltr'>deliberavimus</span> <span class='ocrx_word' id='word_1_745' title='bbox 1885 3466 2040 3511; x_wconf 63' lang='lat' dir='ltr'>mature</span> <span class='ocrx_word' id='word_1_746' title='bbox 2053 3468 2094 3508; x_wconf 90' lang='lat'>&amp;</span> <span class='ocrx_word' id='word_1_747' title='bbox 2108 3483 2200 3524; x_wconf 89' lang='lat' dir='ltr'>gra·</span> 
     </span>
     <span class='ocr_line' id='line_1_118' title="bbox 1236 3529 2200 3587; baseline -0.007 -12"><span class='ocrx_word' id='word_1_748' title='bbox 1236 3532 1388 3575; x_wconf 66' lang='lat' dir='ltr'>viffime</span> <span class='ocrx_word' id='word_1_749' title='bbox 1401 3529 1705 3587; x_wconf 89' lang='lat' dir='ltr'>procedendum</span> <span class='ocrx_word' id='word_1_750' title='bbox 1721 3558 1734 3569; x_wconf 91' lang='lat'><strong>.</strong></span> <span class='ocrx_word' id='word_1_751' title='bbox 1765 3531 1991 3584; x_wconf 85' lang='lat' dir='ltr'>Propterea</span> <span class='ocrx_word' id='word_1_752' title='bbox 2006 3529 2138 3570; x_wconf 86' lang='lat' dir='ltr'>tribus</span> <span class='ocrx_word' id='word_1_753' title='bbox 2153 3540 2200 3570; x_wconf 82' lang='lat' dir='ltr'>ex</span> 
     </span>
     <span class='ocr_line' id='line_1_119' title="bbox 1235 3587 2196 3635; baseline -0.01 0"><span class='ocrx_word' id='word_1_754' title='bbox 1235 3590 1551 3635; x_wconf 81' lang='lat' dir='ltr'>venerabilibus</span> <span class='ocrx_word' id='word_1_755' title='bbox 1579 3588 1787 3632; x_wconf 84' lang='lat' dir='ltr'>Fratribus</span> <span class='ocrx_word' id='word_1_756' title='bbox 1822 3587 1964 3630; x_wconf 86' lang='lat' dir='ltr'>noslris</span> <span class='ocrx_word' id='word_1_757' title='bbox 1991 3590 2037 3630; x_wconf 87' lang='lat' dir='ltr'>S.</span> <span class='ocrx_word' id='word_1_758' title='bbox 2069 3588 2120 3628; x_wconf 90' lang='lat' dir='ltr'>R.</span> <span class='ocrx_word' id='word_1_759' title='bbox 2149 3588 2196 3627; x_wconf 87' lang='lat' dir='ltr'>E.</span> 
     </span>
     <span class='ocr_line' id='line_1_120' title="bbox 1235 3646 2197 3700; baseline -0.01 -6"><span class='ocrx_word' id='word_1_760' title='bbox 1235 3649 1517 3694; x_wconf 85' lang='lat' dir='ltr'>Cardinalibus</span> <span class='ocrx_word' id='word_1_761' title='bbox 1531 3646 1797 3700; x_wconf 75' lang='lat' dir='ltr'>commisimus</span> <span class='ocrx_word' id='word_1_762' title='bbox 1809 3672 1824 3695; x_wconf 67' lang='lat'><em>2</em></span> <span class='ocrx_word' id='word_1_763' title='bbox 1840 3655 1885 3690; x_wconf 92' lang='lat' dir='ltr'>ut</span> <span class='ocrx_word' id='word_1_764' title='bbox 1898 3646 1999 3689; x_wconf 91' lang='lat' dir='ltr'>duos</span> <span class='ocrx_word' id='word_1_765' title='bbox 2018 3646 2197 3688; x_wconf 83' lang='lat' dir='ltr'>Venera-</span> 
     </span>
     <span class='ocr_line' id='line_1_121' title="bbox 1236 3705 2195 3763; baseline -0.01 -12"><span class='ocrx_word' id='word_1_766' title='bbox 1236 3709 1339 3752; x_wconf 90' lang='lat' dir='ltr'>biles</span> <span class='ocrx_word' id='word_1_767' title='bbox 1353 3705 1573 3763; x_wconf 85' lang='lat' dir='ltr'>Episcopos</span> <span class='ocrx_word' id='word_1_768' title='bbox 1589 3707 1790 3762; x_wconf 84' lang='lat' dir='ltr'>eligerent</span> <span class='ocrx_word' id='word_1_769' title='bbox 1806 3734 1819 3758; x_wconf 84' lang='lat'>,</span> <span class='ocrx_word' id='word_1_770' title='bbox 1842 3719 1946 3763; x_wconf 91' lang='lat' dir='ltr'>quos</span> <span class='ocrx_word' id='word_1_771' title='bbox 1964 3705 2098 3746; x_wconf 90' lang='lat' dir='ltr'>denuo</span> <span class='ocrx_word' id='word_1_772' title='bbox 2119 3714 2195 3755; x_wconf 90' lang='lat' dir='ltr'>pro</span> 
     </span>
     <span class='ocr_line' id='line_1_122' title="bbox 1238 3756 2194 3827; baseline -0.007 -18"><span class='ocrx_word' id='word_1_773' title='bbox 1238 3765 1480 3823; x_wconf 87' lang='lat' dir='ltr'>inquirenda</span> <span class='ocrx_word' id='word_1_774' title='bbox 1495 3767 1669 3809; x_wconf 84' lang='lat' dir='ltr'>veritate</span> <span class='ocrx_word' id='word_1_775' title='bbox 1683 3766 1919 3822; x_wconf 87' lang='lat' dir='ltr'>delegarent</span> <span class='ocrx_word' id='word_1_776' title='bbox 1931 3793 1945 3816; x_wconf 89' lang='lat'>,</span> <span class='ocrx_word' id='word_1_777' title='bbox 1972 3773 2016 3804; x_wconf 92' lang='lat' dir='ltr'>ut</span> <span class='ocrx_word' id='word_1_778' title='bbox 2030 3756 2194 3827; x_wconf 34' lang='lat' dir='ltr'>‘duplici</span> 
     </span>
     <span class='ocr_line' id='line_1_123' title="bbox 1241 3820 2197 3885; baseline -0.014 -15"><span class='ocrx_word' id='word_1_779' title='bbox 1241 3825 1496 3885; x_wconf 86' lang='lat' dir='ltr'>inquisitione</span> <span class='ocrx_word' id='word_1_780' title='bbox 1521 3823 1760 3874; x_wconf 82' lang='lat' dir='ltr'>informati,</span> <span class='ocrx_word' id='word_1_781' title='bbox 1786 3838 1872 3868; x_wconf 88' lang='lat' dir='ltr'>rem</span> <span class='ocrx_word' id='word_1_782' title='bbox 1896 3820 2083 3866; x_wconf 81' lang='lat' dir='ltr'>audacius</span> <span class='ocrx_word' id='word_1_783' title='bbox 2108 3826 2197 3867; x_wconf 84' lang='lat' dir='ltr'>age-</span> 
     </span>
     <span class='ocr_line' id='line_1_124' title="bbox 1698 3884 2140 3926; baseline -0.009 -11"><span class='ocrx_word' id='word_1_784' title='bbox 1698 3887 1734 3926; x_wconf 80' lang='lat'>&#39;1&#39;</span> <span class='ocrx_word' id='word_1_785' title='bbox 1765 3897 1787 3925; x_wconf 85' lang='lat'><em>2</em></span> <span class='ocrx_word' id='word_1_786' title='bbox 2075 3884 2140 3913; x_wconf 71' lang='lat' dir='ltr'>re·</span> 
     </span>
    </p>
   </div>
  </div>
 </body>
</html>
