2444 4192
322 181 443 293 64

227 342 426 398 temporis
465 344 717 402 qualitatem
759 375 775 400 ,
806 362 885 393 uec
922 349 968 392 fit
1011 351 1229 397 verifimile

228 402 403 444 Beatum
431 405 689 451 Franciseum
716 409 992 453 institutorem
1026 411 1225 468 Regula,

227 461 294 505 vel
313 461 403 519 ipfis
426 465 621 510 Miniflris
642 469 947 512 &Custodibus
974 470 1230 528 impoffibili-

226 522 323 564 tatis
335 521 481 578 jugum
494 524 660 568 voluiffe
672 526 879 583 praefigere
890 554 906 577 ,
946 530 1013 572 vel
1041 545 1090 574 ex
1107 529 1225 586 ipsius

223 580 556 638 impoffibilitatis
585 585 839 641 consequent
858 588 897 629 ia
925 589 1092 633 Fratres
1118 588 1227 645 ipsos

225 638 306 683 suis
339 644 641 687 neceffitatibus
671 644 781 688 velle
812 659 986 689 carere:
1029 649 1228 692 concedi-

222 712 313 742 mus
331 728 347 751 ,
377 703 486 758 quod
504 702 574 758 ipfi
594 703 770 746 Ministri
796 706 838 747 &
866 705 1067 750 Custodes
1080 706 1226 764 poffiut
1262 727 1266 730 ·

225 773 302 815 per
334 761 437 804 alios
471 762 693 816 hujusmodi
727 778 835 807 curae
862 761 1223 809 sollicitudinem,

222 832 419 863 exercere
435 849 446 860 .
472 822 636 864 Debent
662 823 786 865 etiam
810 825 852 865 ἃ
871 823 940 867 alii
958 827 1119 868 Fratres
1140 839 1216 867 cu-

225 892 315 921 ram
347 877 608 932 hujusmodi,
634 895 721 936 quae
748 882 920 938 praefatis
949 885 1144 926 Ministris
1173 885 1215 925 δι

223 937 480 980 Custodibus
495 941 696 995 praecipue
709 942 911 985 incumbit
926 957 975 986 ex
991 944 1213 997 hacRegu·

223 994 266 1036 la
282 1022 298 1043 ,
325 1010 418 1038 cum
432 996 500 1039 fibi
516 998 663 1042 abillis
680 997 886 1043 commiss'a
906 999 1060 1053 fuerit,
1090 1013 1212 1056 gere-

220 1068 268 1097 re
287 1053 514 1111 diligenter
526 1085 539 1098 .

283 1174 859 1220 ARTICULUS
948 1179 1160 1222 v111·

477 1295 543 1337 De
565 1291 703 1339 labore
733 1296 935 1340 Fratrum
951 1325 967 1339 .

214 1411 550 1530 COntinetur
561 1428 725 1472 quoque
740 1415 782 1459 in
798 1416 1092 1475 Regulaflubd
1108 1420 1216 1462 Fra-

351 1482 433 1516 tres
446 1475 528 1524 im,
542 1475 683 1531 quibus
685 1480 872 1532 gratiam
899 1477 1009 1520 dedit
1021 1480 1218 1520 Dominus

213 1531 428 1575 laborandi
451 1562 466 1586 ,
487 1534 671 1577 laborent
688 1535 870 1592 fideliter
885 1536 936 1585 (9·
962 1537 1127 1589 devote,
1150 1536 1214 1579 ita

212 1591 323 1647 quod
356 1591 377 1647 (
405 1594 552 1649 exclusti
576 1598 656 1635 otio
698 1595 843 1638 anime
879 1596 1039 1639 inimico
1064 1599 1086 1654 )
1104 1597 1210 1655 fin—

861 188 1027 280 Sub
1090 173 1424 282 Nicolao
1485 195 1537 284 I
1558 195 1605 284 I
1621 194 1678 283 I.

1399 411 1973 458 ARTICULUS
2067 414 2181 458 1x;

1346 529 1413 572 De
1440 529 1796 580 predicatoribus,
1829 530 1884 581 ὁ·
1901 530 2131 589 recudendis
2165 531 2225 576 ad

1673 591 1863 635 Ordinem
1877 619 1890 632 .

1436 710 1591 760 Erum,
1623 712 1718 768 quia
1745 704 1928 765 expresse
1942 710 2185 755 continetur
2198 709 2274 755 in.»

1451 771 1630 826 Regula,
1642 770 1752 828 quod
1770 773 1935 814 Fratres
1965 783 2042 812 non
2053 771 2278 827 predicent

1277 826 1322 864 t'n
1353 827 1590 882 Episcopatu
1613 830 1783 886 alicujus
1822 830 2028 888 Episcopi,
2057 843 2142 871 cum
2167 838 2218 871 av
2232 840 2279 871 ee

1276 880 1500 939 iuisfuerr‘t
1514 888 1805 931 contradielum
1831 918 1844 940 ,
1871 893 1958 931 Nos
1988 888 2031 932 in
2047 890 2128 931 hoe
2143 887 2185 928 δι
2198 887 2275 930 de-

1275 939 1459 986 ferentes
1486 947 1639 1003 regulae
1652 977 1669 999 ,
1687 950 1728 990 ἃ
1750 948 2022 991 nihilominus
2051 950 2278 990 auetorita-

1272 1007 1358 1042 tem
1386 1005 1628 1057 Apostolicae
1657 1007 1923 1060 plenitudinis
1951 1011 2276 1057 conservantes,

1278 1057 1455 1101 dicimus
1474 1089 1490 1112 ,
1522 1065 1634 1115 quod
1663 1065 1897 1117 praedictum
1919 1067 2087 1107 verbum
2112 1066 2162 1108 ad
2178 1065 2281 1107 lite·-

1277 1131 1382 1167 ram,
1405 1119 1508 1163 ficut
1526 1119 1688 1176 Regula
1701 1121 1783 1178 ipfit
1799 1124 2000 1177 protulit,
2015 1122 2275 1167 observetur=

1279 1175 1350 1219 nifi
1384 1190 1458 1233 per
1482 1177 1618 1223 sedem
1648 1181 1928 1235 Apostolicam
1955 1183 2066 1226 circa
2092 1182 2169 1224 hoc
2194 1194 2275 1237 pro

1274 1236 1467 1280 'utilitate
1502 1238 1650 1295 popuii
1683 1240 1907 1284 Christiani
1938 1241 1986 1284 fit
2013 1241 2272 1293 concessum,

1280 1294 1348 1339 vel
1381 1297 1620 1342 ordinatum
1637 1298 1778 1353 aliud,
1808 1301 1874 1344 vel
1897 1301 2140 1359 inposterum
2171 1314 2271 1344 con-

1278 1355 1451 1400 cedatur
1467 1383 1483 1405 ,
1512 1359 1579 1402 seu
1594 1360 1719 1402 etiam
1733 1359 1950 1405 ordinetur
1961 1390 1977 1403 .
2014 1363 2066 1405 Et
2081 1361 2175 1418 quia
2193 1360 2269 1403 in.‚

1277 1415 1426 1460 eodem
1443 1417 1642 1474 Capitulo
1659 1420 1827 1475 Regulae
1853 1420 2091 1464 immediate
2106 1418 2274 1475 subjun-

1275 1474 1387 1530 gitur
1403 1505 1416 1528 ,
1445 1477 1559 1534 quod
1573 1479 1698 1522 nullus
1724 1482 1920 1523 Fratrum
1935 1482 2082 1536 populo
2106 1474 2273 1534 penitdr

1273 1536 1421 1578 audeat
1427 1537 1652 1593 predicare
1676 1566 1689 1579 .
1716 1539 1797 1594 m'fi
1815 1540 1842 1581 a*
1859 1539 2056 1596 Ministro
2080 1536 2272 1582 Generali

1262 1591 1407 1653 suerit
1429 1598 1683 1641 examinatus
1697 1626 1712 1651 ,
1735 1597 1918 1647 &etiam
1931 1598 2200 1654 approbatus,
2223 1606 2272 1643 ac

209 1650 286 1693 23ae
298 1654 490 1693 orationis
504 1652 785 1703 &devotionii
805 1654 1011 1714 spiritum
1036 1669 1114 1699 non
1134 1670 1206 1700 ex·
1267 1653 1321 1694 ab
1346 1667 1388 1697 eo
1405 1656 1714 1713 predicationis
1756 1657 1919 1717 officium
1930 1656 2020 1715 stbs'
2031 1657 2095 1715 stt
2118 1652 2272 1712 conces-'-

208 1710 424 1767 tinguant·
450 1712 562 1774 Qia
594 1713 695 1755 vero
729 1728 779 1756 ex
794 1714 920 1758 verbo
947 1716 1022 1759 ilio
1040 1718 1208 1760 Pratres
1252 1714 1382 1772 fim:
1407 1719 1496 1759 Nos
1522 1719 1561 1759 δι
1576 1716 1716 1759 statim
1731 1718 1985 1772 preteritum
2012 1715 2127 1771 ipfius
2141 1712 2267 1758 ordi..

212 1772 323 1828 ipsos
336 1770 389 1813 de
404 1773 611 1816 otiolitate
629 1771 720 1815 vitae
735 1799 749 1822 2
764 1775 802 1815 &
816 1774 870 1816 de
889 1776 1060 1832 Regulae
1074 1787 1207 1820 trans·
1266 1775 1331 1819 nis
1366 1774 1406 1817 in
1422 1777 1631 1831 paucitate
1661 1775 1718 1819 sui
1738 1801 1753 1825 s
1780 1777 1819 1819 δι
1853 1774 2096 1820 modernum
2126 1773 2168 1817 in
2184 1786 2269 1816 am-

209 1830 409 1887 greilione
423 1831 608 1890 improbe
623 1843 770 1876 notare
785 1835 991 1879 interdum
1006 1837 1203 1880 hactenus

208 1891 335 1947 aliqui
348 1888 441 1935 sunt
456 1890 708 1936 conatizNos
720 1892 873 1936 morsus
890 1894 1122 1952 hujusmodi
1135 1911 1203 1940 ne-

209 1947 337 1994 farios
352 1952 619 2008 reprimentes
634 1980 648 2001 ,
661 1951 921 1996 declaramus
933 1984 950 2006 ,
973 1956 1084 2013 quod
1102 1970 1203 2000 con-

208 2008 390 2054 fideratis
413 2013 547 2056 verbis
563 2010 758 2068 predictis
772 2041 787 2065 ,
800 2014 840 2055 8:
856 2013 1008 2067 forma,
1024 2018 1091 2059 seu
1108 2031 1200 2059 mo-

203 2070 263 2112 do
278 2070 471 2127 loquendi
488 2098 504 2121 ,
534 2071 605 2113 sub
630 2072 776 2126 quibus
795 2075 961 2114 Fratres
988 2073 1039 2112 ad
1060 2073 1198 2125 hujus·

205 2129 322 2170 modi
346 2129 587 2170 exercitium
601 2129 880 2177 inducuntur,
913 2139 996 2169 non
1033 2126 1202 2171 videtur

202 2183 373 2229 eafuiffe
398 2184 648 2228 instituentis
665 2185 874 2237 intentio,
900 2184 1014 2241 quod
1048 2199 1196 2229 vacan-

201 2252 267 2289 tes
284 2245 442 2296 studio,
474 2244 540 2288 vel
554 2243 703 2286 divinis
729 2244 910 2294 officiis,
939 2245 979 2285 δι
1012 2243 1193 2286 ministe-

201 2305 273 2349 riis
290 2301 571 2360 exequendis,
603 2301 781 2345 manuali
797 2300 959 2354 labori,
990 2302 1055 2345 seu
1088 2316 1193 2360 ope-

202 2364 353 2409 rationi
369 2362 583 2418 subjiceret
596 2387 612 2410 ‚
646 2361 709 2404 vel
724 2363 775 2403 ad
793 2362 870 2404 hoc
884 2360 980 2404 illos
996 2365 1174 2406 arctaret
1188 2376 1203 2406 ε

203 2427 315 2468 Cum
328 2420 525 2477 exemplo
542 2421 581 2464 C
589 2419 763 2471 brian&
780 2418 1011 2463 multorum
1029 2425 1204 2466 Sancto·

199 2497 295 2529 rum
313 2486 483 2526 Patrum
498 2509 512 2533 ,
546 2480 666 2524 labor
687 2480 759 2523 iste
776 2476 998 2535 spiritualis
1014 2481 1129 2525 tanto
1146 2481 1199 2525 il·

201 2543 233 2587 li
259 2540 579 2600 praeponderet,
608 2541 764 2596 quanto
792 2553 882 2596 quae
910 2544 1000 2587 ssint
1025 2541 1166 2584 animae
1184 2568 1199 2592 ,

200 2601 489 2656 corporalibus
515 2600 781 2656 praeferuntur
798 2629 810 2641 .
841 2599 907 2644 Ad
937 2599 1043 2643 alios
1068 2604 1199 2654 vero,

199 2661 273 2722 qui
290 2660 327 2703 se
341 2661 380 2703 in
396 2660 595 2716 predictis
612 2658 887 2716 spiritualibus
900 2661 1093 2716 operibus
1113 2675 1195 2705 non

205 2730 433 2771 exercent,
464 2719 533 2762 nili
553 2721 655 2763 tales
669 2718 851 2764 aliorum
882 2721 1074 2765 fratrum
1103 2720 1198 2766 lici·

201 2782 256 2826 tis
270 2778 442 2824 servitiis
455 2790 713 2836 occupentur
726 2806 740 2831 ,
770 2777 860 2836 (ne
873 2779 1009 2824 otiose
1027 2781 1199 2840 vivant)

200 2841 327 2886 verba
344 2839 531 2893 praedicta
561 2838 819 2883 declaramus
847 2840 1049 2884 extendi.

324 2900 407 2944 Nili
438 2901 475 2942 &
503 2898 607 2942 tales
633 2909 716 2942 tam
743 2898 991 2945 excellentis
1017 2903 1196 2947 &nota-

205 2960 300 3006 bilis
334 2958 729 3016 contemplationis,
754 2958 795 3000 &
820 2959 1023 3005 orationis
1050 2964 1197 3007 exilie-

202 3029 298 3066 rent
312 3046 328 3070 s
353 3019 465 3077 quod
482 3018 631 3063 meriti>
649 3029 824 3076 propter
843 3020 919 3064 hoe
940 3035 1021 3065 non
1036 3020 1156 3067 effent
1173 3022 1196 3067 ἃ

201 3090 324 3127 tanto
337 3079 448 3123 bono
464 3094 536 3136 pro
553 3077 784 3132 hujusmodi
804 3080 1009 3125 exercitio
1035 3083 1195 3127 subtra-

200 3139 355 3186 hendi:
382 3141 543 3183 Fratres
567 3138 676 3183 enim
689 3138 922 3197 quicunque
944 3140 1076 3186 studio
1090 3169 1104 3193 ‚
1121 3143 1189 3187 vel

200 3199 349 3244 divinis
390 3199 616 3244 ministeriis
645 3212 724 3243 non
743 3211 937 3244 vacantes
953 3228 968 3253 ,
996 3199 1064 3245 sed
1083 3201 1191 3247 alio·

201 3275 290 3303 rum
309 3261 496 3303 Fratrum
511 3258 726 3310 studio,vel
742 3260 833 3303 aliis
849 3258 1000 3304 divinis
1014 3261 1163 3306 officiis
1178 3289 1193 3315 ,

201 3322 242 3363 ἅ
273 3319 500 3364 ministeriis
525 3319 760 3364 vacantium
787 3319 963 3364 servitiis
993 3321 1195 3366 inhaereu-

202 3391 264 3423 tes
293 3381 471 3431 tantum,
498 3394 574 3439 pro
590 3377 763 3423 servitiis
778 3378 958 3430 eisdem,
984 3381 1081 3427 cuin
1103 3380 1193 3439 ipsis

202 3438 350 3496 quibus
368 3438 575 3491 serviunt,
590 3436 806 3482 sustentari
822 3451 1063 3495 merentur3
1080 3440 1194 3497 quod

203 3497 397 3541 astruitur
424 3498 492 3542 illa
522 3513 630 3557 aqua
648 3498 767 3554 lege,
800 3498 877 3554 qui
905 3499 1089 3544 strenuus
1120 3515 1195 3559 pu·

203 3567 348 3614 gnatos
365 3556 432 3598 ille
453 3558 582 3603 David
599 3557 692 3612 juste
711 3557 934 3611 decrevit,
966 3559 1159 3605 videlicet
1175 3590 1191 3614 ,

200 3614 310 3675 quod
325 3613 652 3661 descendentium
681 3617 730 3660 ad
749 3618 957 3673 pralium,
991 3620 1032 3662 δι
1059 3633 1189 3665 tetua-

201 3675 391 3723 nentium'
404 3677 456 3717 ad
473 3675 661 3729 sarcinas,
683 3677 825 3734 portio
848 3688 1073 3737 oequatetut
1086 3709 1098 3723 .

1268 1834 1401 1892 pliato
1424 1837 1617 1879 Fratrum
1633 1848 1834 1887 numero,
1857 1850 1904 1879 ac
1929 1834 2156 1878 utilitatem
2179 1833 2268 1875 ani-

1266 1907 1419 1939 marum
1458 1896 1476 1953 (
1498 1906 1543 1939 ut
1556 1895 1767 1940 condecet
1789 1896 1811 1953 )
1830 1897 2098 1939 advertentes
2113 1922 2130 1945 ,
2163 1905 2271 1934 con-

1263 1952 1449 1999 cedimus
1462 1981 1479 2005 ,
1508 1955 1660 2000 nedum
1674 1955 1927 2000 Generalem
1943 1954 2174 1998 examinare
2188 1979 2204 2000 ,
2226 1950 2269 1992 ec

1262 2017 1491 2069 approbare
1525 2017 1687 2057 Fratres
1704 2013 1994 2069 predicatur-os
2008 2012 2048 2053 in
2066 2007 2232 2064 populis
2248 2036 2267 2062 ,

1262 2084 1310 2109 ac
1345 2071 1426 2110 illis
1456 2070 1691 2113 concedere
1731 2069 1941 2113 licentiam
1981 2066 2266 2127 praedicandi,

1260 2132 1463 2182 quatenus
1481 2127 1658 2181 personat
1678 2125 1950 2173 idoneitatem
1964 2156 1979 2181 ‚
2006 2130 2048 2172 8ι
2063 2126 2267 2184 predica«

1259 2185 1387 2227 tionis
1425 2185 1614 2228 officium
1655 2187 1825 2228 licentia
1870 2188 1954 2243 ipsa
1993 2187 2216 2243 respiceret
2242 2214 2261 2240 ,

1255 2251 1379 2299 prout
1396 2242 1435 2284 in
1454 2244 1616 2299 Regula
1635 2247 1906 2297 continetur,
1935 2245 2076 2287 verum
2092 2245 2261 2288 etiam.»

1267 2301 1545 2346 Provincialcs
1571 2302 1746 2346 Ministri
1773 2305 1849 2347 hoc
1866 2302 2009 2359 poffint
2023 2303 2064 2346 in
2081 2305 2268 2360 Capitu-'

1270 2360 1320 2405 lis
1336 2360 1660 2406 Provincialibus
1674 2375 1767 2405 cum
1789 2363 2089 2407 Definitoribus
2102 2393 2118 2416 ,
2144 2361 2263 2420 quod

1267 2420 1394 2465 etiam
1408 2419 1535 2465 hodie
1545 2421 1759 2466 observari
1771 2422 1924 2466 dicitur
1937 2425 1999 2475 ,δι
2014 2424 2054 2466 in
2068 2424 2260 2467 Fratrum

1263 2479 1488 2539 privilegiis
1515 2482 1753 2526 contineri:
1781 2496 1902 2539 quam
1929 2484 2099 2541 quidem
2129 2484 2261 2527 licen-

1263 2542 1363 2585 tiam
1384 2539 1539 2597 presati
1553 2540 1730 2586 Mininri
1747 2555 1944 2588 revocare
1957 2569 1974 2594 ,
1995 2545 2036 2587 δι
2049 2541 2260 2600 suspende.

1261 2615 1306 2646 re
1327 2599 1519 2653 valeant,
1545 2602 1784 2650 &arelat-e,
1810 2602 1913 2647 ficut
1940 2601 2103 2661 quando
2133 2601 2253 2646 ideis

1261 2660 1464 2707 videbitur
1477 2661 1669 2717 expedire
1681 2690 1695 2703 .
1710 2660 1807 2711 Sed,
1825 2662 2018 2717 quoniam
2036 2662 2075 2704 in
2087 2661 2254 2706 defide-

1260 2721 1329 2766 riis
1344 2720 1491 2765 nostris
1504 2720 1584 2765 hoc
1598 2721 1759 2778 geritur
1775 2748 1790 2772 ,
1819 2730 1867 2766 ut
1901 2719 1953 2764 ad
1971 2721 2049 2764 Dei
2067 2720 2246 2777 gloriam

1258 2780 1364 2826 salus
1381 2777 1567 2838 proficiat
1584 2781 1814 2826 animarum
1827 2809 1844 2833 ,
1869 2794 1917 2825 ac
1944 2780 2057 2823 dieto
2070 2780 2219 2825 Ordini
2237 2805 2254 2831 ,

1259 2856 1332 2901 per
1347 2855 1467 2899 quem
1486 2838 1633 2897 'ugiter
1659 2841 1709 2886 ad
1737 2854 1919 2885 amorem
1952 2838 2139 2885 divinum
2154 2839 2256 2885 affe-

1259 2903 1342 2947 c'tio
1362 2901 1464 2946 Chri
1501 2901 1597 2944 ianoe
1615 2899 1823 2960 religionis
1837 2899 2079 2946 accenditur
2099 2928 2115 2954 ,
2131 2900 2255 2945 meri·

1260 2973 1350 3008 tum
1373 2962 1617 3006 &numerus
1632 2971 1833 3019 augeatur
1847 2990 1863 3016 ,
1889 2959 2158 3006 concedimus
2176 2988 2191 3013 ,
2211 2959 2255 3002 δι

1259 3022 1442 3082 presenti
1457 3021 1606 3066 statuto
1621 3019 1830 3065 firmamus
1842 3048 1857 3073 ,
1881 3021 2007 3066 licere
2022 3034 2102 3064 non
2118 3017 2250 3062 solum

1260 3082 1489 3135 Generali,
1524 3079 1594 3125 sed
1622 3081 1747 3126 etiam
1769 3078 2095 3125 provincialibus
2119 3077 2247 3121 Mini-

1260 3142 1348 3188 ssris
1362 3171 1377 3196 ,
1412 3138 1599 3200 personas
1616 3139 1819 3200 fugientes
1835 3139 1860 3185 1
1871 3138 2021 3186 seculo
2032 3139 2071 3183 in
2088 3140 2251 3184 Fratres

1258 3205 1466 3262 recipere,
1490 3216 1580 3260 quae
1611 3201 1890 3246 Ministrornm
1925 3197 2248 3245 provincialium

1258 3264 1419 3312 licentia
1449 3277 1520 3319 per
1535 3259 1663 3320 ipsum
1679 3256 1928 3305 Gener-alem
1951 3257 1973 3317 (
2003 3256 2102 3302 ficut
2124 3272 2248 3315 expe·

1258 3324 1349 3370 dire
1376 3322 1527 3367 viderit
1563 3322 1583 3381 )
1608 3318 1725 3378 potiit
1750 3319 1930 3372 arctari3
1961 3316 2116 3363 vicarii
2149 3319 2247 3362 vero

1253 3381 1582 3432 Provincialium
1599 3378 1881 3423 Ministrorum
1908 3391 1957 3422 ex
1969 3375 2106 3421 officio
2122 3377 2252 3420 Vica-

1262 3445 1333 3490 rioe
1351 3440 1668 3487 licentiamhanc
1685 3438 1757 3482 nbi
1770 3437 1957 3483 noverint
1972 3435 2244 3481 interdieiam:

1261 3503 1331 3549 nisi
1348 3516 1422 3561 per
1447 3497 1655 3547 Ministros
1669 3497 1863 3556 eosdem(
1900 3496 2048 3555 quibus
2065 3497 2142 3539 hoc
2157 3498 2247 3554 pos·
2269 3532 2276 3552 ,

1257 3563 1300 3608 se
1313 3561 1576 3606 committere
1604 3557 1779 3602 vicariis
1794 3559 1832 3600 δι
1850 3556 1940 3600 aliis
1958 3555 2084 3601 licere
2098 3555 2247 3601 decer-

1257 3624 1416 3667 nimus:
1445 3623 1465 3680 )
1484 3620 1563 3665 hoc
1577 3616 1668 3674 ipsu
1683 3616 1856 3661 Vicariis
1872 3614 2102 3674 specialiter
2128 3629 2246 3661 com·

1255 3682 1471 3727 mittatur·
1501 3682 1691 3723 Caveant
1722 3688 1859 3721 tamen
1895 3676 1965 3733 ipsi
1998 3676 2244 3720 Provincia-

1254 3741 1342 3791 lcs‚
1368 3737 1480 3795 quod
1497 3738 1573 3781 hoc
1606 3749 1687 3779 non
1706 3735 1953 3789 indiscrete,
1981 3750 2061 3779 non
2088 3735 2242 3793 pamm,

1251 3799 1320 3844 scd
1355 3799 1405 3842 sic
1438 3795 1697 3841 considerate
1723 3795 2019 3849 committant,
2044 3805 2087 3838 ut
2113 3794 2240 3848 illos,

1252 3857 1398 3918 quibus
1416 3859 1500 3910 hoc
1521 3856 1726 3902 committi
1749 3855 1972 3915 contigerit
2000 3884 2015 3910 ,
2049 3853 2238 3911 fidelibus

2088 3926 2189 3957 con-
