2444 4192
306 271 415 380 78

252 426 351 472 libet
364 430 595 476 constitutis
626 433 795 480 liberam
809 466 824 488 ‚
851 452 894 483 ut
907 442 1086 497 sequitur
1100 471 1116 494 ‚
1146 445 1217 485 ha-

250 489 370 530 beant
403 490 651 546 sepulturam
666 523 682 545 ,
710 499 908 543 videlicet
937 501 1045 557 quod
1075 515 1216 543 omnes

249 549 301 590 ad
317 563 414 615 eam·
430 554 615 608 recipere
643 556 803 599 valeant
820 586 835 608 ‚
861 559 929 615 qui
957 559 1115 615 sepeliri
1129 560 1212 601 ele·

253 619 389 664 gerint
402 622 445 648 in
466 613 567 654 locis
583 639 597 660 ,
609 614 651 654 &
666 616 852 657 Ecclefiis
878 620 1105 660 memoratis
1118 645 1128 655 -

371 669 543 718 Verum,
555 684 608 712 ne
625 673 882 716 parochiales
898 676 1141 728 Ecclefiae,&
1156 676 1215 730 ip-

252 722 387 767 sarum
402 729 544 768 Curati
560 754 576 777 ‚
590 728 669 772 five
686 733 881 776 Refioroe
895 763 911 786 ,
922 735 990 789 qui
1022 735 1219 777 ministra-

253 798 302 826 re
318 786 466 850 habent
480 786 759 851 Ecclefiaflica
771 791 1030 836 Sacramenta
1044 821 1059 844 ‚
1072 794 1217 849 quibus

248 845 435 886 noscitur
450 843 503 884 dc
516 859 606 897 ‚ure
622 860 859 903 competere
876 852 1094 905 praedicare
1110 878 1125 900 ‚
1151 851 1217 892 seu

247 915 481 967 proponere
498 904 678 946 Verbum
693 908 800 960 Dei,
822 910 862 949 &
877 908 1133 952 confessiones
1148 922 1217 949 au·

248 961 338 1024 dire
354 957 536 1001 fidelium
550 988 566 1011 ,
580 963 731 1008 debitis
746 993 760 1014 ,
790 968 830 1008 &
853 967 1079 1010 neceffariis
1098 967 1217 1007 bene-

247 1017 350 1081 ficiis
366 1015 666 1085 defraudentur
679 1052 697 1074 ,
708 1039 800 1066 cum
814 1027 1008 1080 operariis
1025 1024 1219 1067 mercedis

248 1074 455 1141 exhibitio
467 1077 688 1123 debeatur:
718 1085 961 1126 auetoritate
988 1081 1219 1139 Apostolica

250 1131 529 1177 constituimus
543 1163 558 1183 ‚
589 1138 631 1178 &
642 1139 882 1183 ordinamus
898 1143 1040 1184 eadem
1056 1169 1071 1191 ,
1095 1149 1138 1180 ut
1154 1139 1217 1182 di-

244 1194 407 1235 §iorum
438 1195 640 1237 ordinum
670 1199 863 1250 Fratres,
886 1199 940 1240 de
958 1198 1217 1242 obventioni-

249 1253 325 1292 bus
340 1253 530 1296 omnibus
551 1280 566 1300 a
585 1263 669 1296 tam
686 1254 958 1306 funeralibus,
982 1263 1105 1314 quam
1127 1259 1218 1314 qui-

244 1308 482 1379 buscunque
500 1341 514 1362 ‚
546 1314 613 1355 vel
636 1317 1020 1374 quomodocumque
1042 1317 1190 1360 relistis
1204 1345 1220 1370 ,

245 1367 435 1437 distinete
452 1401 467 1424 ,
492 1371 544 1413 ad
570 1373 847 1432 quoscumque
864 1387 1001 1420 certos
1014 1404 1030 1428 ‚
1060 1378 1125 1420 vel
1145 1377 1222 1420 de·

244 1438 493 1473 terminatos
509 1430 602 1477 usus
615 1462 630 1485 ‚
655 1432 708 1477 de
736 1436 885 1491 quibus
902 1436 1026 1479 etiam
1048 1447 1193 1493 quarta
1206 1465 1221 1488 ‚

243 1487 312 1554 seu
327 1492 527 1534 canonica
541 1493 674 1548 portio
686 1493 807 1543 dari,
824 1494 904 1539 five
931 1496 1036 1552 exigi
1051 1492 1222 1540 consue-

248 1558 309 1616 vit
326 1578 340 1601 ‚
354 1550 419 1592 vel
437 1565 519 1595 non
533 1551 659 1595 debet
674 1552 727 1595 de
747 1554 839 1611 jure
854 1586 869 1607 ,
883 1569 958 1598 nec
974 1569 1056 1597 non
1070 1556 1123 1599 de
1147 1555 1221 1598 da-

246 1617 299 1648 tis
314 1636 329 1658 ‚
356 1608 423 1650 vel
442 1611 793 1676 ‘qualitercunque
820 1613 981 1656 donatis
996 1615 1036 1657 in
1059 1625 1222 1666 morte,

239 1664 311 1707 seu
327 1678 471 1709 mortis
487 1670 666 1714 articulo
681 1673 722 1714 in
742 1671 980 1716 infirmitate
995 1675 1186 1718 donantis
1206 1703 1222 1727 ,

241 1724 310 1767 vel
340 1725 474 1770 dantis
486 1754 501 1777 ‚
531 1729 584 1771 de
609 1743 687 1785 qua
718 1729 935 1775 decesserit
949 1763 964 1785 ‚
991 1734 1223 1790 quomodo-

243 1797 422 1848 cumque
436 1786 616 1840 directe,
628 1789 692 1832 vel
708 1788 909 1835 indirecte
933 1795 1141 1837 Fratribus
1157 1796 1215 1850 ip·

244 1846 325 1897 ptis
339 1872 355 1896 ,
387 1846 453 1888 vel
487 1845 579 1889 aliis
605 1862 683 1903 pro
694 1849 846 1892 eisdem
862 1862 1049 1908 quartam
1063 1865 1222 1909 partem

247 1900 270 1957 (
288 1915 415 1970 quam
428 1906 672 1949 auctoritate
686 1911 719 1950 Α
725 1907 926 1963 postolica
939 1921 1123 1954 taxamus
1136 1939 1151 1962 ‚
1181 1914 1222 1954 δε

241 1970 372 2002 etiarn
390 1962 646 2021 limitamus)
663 1967 967 2012 parochialibus
981 1971 1221 2015 Sacerdoti-

238 2019 321 2062 bus
336 2034 409 2072 ‚ac
430 2022 706 2067 Ecclefiarum
740 2026 1013 2082 mantibus,
1038 2029 1107 2073 seu
1134 2034 1223 2073 Cu-

243 2078 350 2122 ratis
375 2080 514 2134 largiri
544 2083 708 2137 integre
734 2094 985 2128 teneanturt
1015 2088 1157 2128 facturi
1182 2090 1223 2127 δι

247 2138 433 2178 curaturi
445 2165 462 2186 ,
475 2139 590 2192 quod
606 2153 686 2181 nec
699 2141 771 2180 alii
787 2167 802 2189 ,
818 2155 893 2182 nec
907 2141 997 2183 aliis
1019 2145 1042 2187 a
1071 2142 1221 2199 quibus

242 2204 387 2250 quarta
402 2193 629 2247 hujusmodi
649 2197 815 2240 minime
838 2199 1075 2251 deberetur,
1089 2201 1140 2243 ad
1160 2203 1224 2256 ip-

247 2254 385 2295 sorum
402 2254 593 2296 Fratrum
607 2256 830 2297 utilitatem
842 2284 858 2306 ‚
871 2259 939 2299 vel
952 2258 1219 2300 commodum

248 2310 484 2367 hujusmodi
511 2310 613 2352 fiant
640 2311 813 2362 relicta,
845 2324 916 2357 aut
943 2315 982 2357 in
999 2330 1067 2358 eos
1081 2315 1226 2358 taliter

247 2374 376 2417 data,
393 2367 457 2410 vel
481 2367 633 2411 donata
677 2372 905 2424 rocedant,
940 2373 1005 2416 seu
1022 2374 1134 2430 quod
1152 2375 1225 2419 iri-³

247 2438 420 2474 morte,
437 2426 568 2469 velat>
593 2427 632 2468 in
665 2429 762 2470 rmis
786 2429 1013 2483 huiusmodi
1028 2432 1230 2482 dandum,

253 2487 321 2530 vel
342 2483 581 2528 donandum
597 2485 811 2530 Fratribus
828 2488 917 2544 ipfis
931 2491 1124 2535 existeret
1137 2519 1153 2540 ‚
1184 2491 1225 2535 in

246 2549 489 2591 eorumdem
517 2543 733 2598 dantium,
759 2547 825 2590 vel
853 2549 1092 2595 donantium
1120 2550 1224 2595 sani-

248 2616 371 2655 tate,
397 2601 466 2645 tibi
490 2602 581 2645 dari
609 2604 670 2648 vel
686 2605 828 2649 donari
858 2620 1106 2664 procurent.
1140 2613 1222 2655 ln.,

248 2665 403 2722 quibus
428 2676 501 2718 per
524 2662 629 2719 ipios
657 2665 856 2723 vitandis,
888 2671 1224 2716 eorumintendi·

244 2736 344 2767 mus
359 2721 633 2765 conscientias
659 2739 858 2771 onerare:
880 2738 936 2771 .ut
951 2731 977 2772 fi
995 2761 1010 2783 ‚
1024 2729 1133 2788 quod
1150 2732 1222 2776 ab·

246 2782 299 2827 fit
314 2812 328 2834 ‚
344 2794 416 2846 per
436 2783 596 2825 Fratres
613 2781 717 2838 ipsos
731 2784 849 2839 dolo,
865 2787 928 2830 vel
948 2788 1092 2834 fraude
1106 2791 1221 2848 quid·

246 2854 373 2900 quam
406 2852 445 2883 in
462 2843 551 2907 ‚hac
580 2850 697 2897 parte
724 2846 787 2901 agi
806 2843 971 2890 sortasse
986 2851 1226 2908 contigerit,

250 2909 272 2960 (
292 2911 441 2965 prater
460 2901 500 2943 id
520 2926 535 2949 ‚
549 2902 660 2953 quod
676 2915 747 2946 eos
771 2917 993 2962 propterea
1019 2909 1139 2955 dietis
1153 2910 1228 2954 Sa-

249 2961 492 3005 cerdotibus
509 2989 525 3011 ,
543 2961 787 3007 Ressoribus
802 2991 818 3015 ,
841 2966 879 3008 &
903 2969 1070 3013 Curatis
1093 2970 1226 3016 teneri

211 3055 228 3073 ,
252 3019 446 3063 volumus
461 3019 482 3077 )
500 3021 623 3063 etiam
650 3020 829 3066 districta
855 3026 965 3069 ratio
994 3029 1033 3071 in
1051 3029 1228 3077 extremi

252 3077 396 3138 judicii
429 3078 613 3123 examine
639 3082 873 3139 requiratur
903 3086 953 3128 ab
976 3089 1036 3132 eis
1066 3119 1078 3131 .
1106 3091 1229 3137 Ultra

253 3139 495 3197 portionem
514 3147 649 3182 autem
678 3141 909 3198 hujusmodi
934 3147 1036 3191 nihil
1065 3149 1232 3195 valeant

256 3199 458 3266 nectores
476 3197 735 3263 parochiales
752 3231 767 3254 ,
782 3205 928 3247 Curari
944 3236 960 3259 ,
985 3209 1026 3251 δι
1040 3209 1200 3254 Proelati
1215 3237 1231 3261 ,

255 3271 421 3313 exigere
452 3256 693 3325 supradicti,
723 3275 857 3317 neque
884 3263 934 3308 ad
962 3266 1002 3309 id
1031 3268 1178 3324 possint
1207 3268 1230 3312 i

256 3329 466 3373 quoquam
482 3314 715 3373 aliqualiter
728 3325 937 3367 coerceri.
971 3328 1059 3370 Nos
1073 3328 1229 3373 etenim

253 3375 270 3428 (
300 3386 342 3418 ui
364 3380 402 3417 in
416 3377 570 3419 cunetis
589 3380 803 3432 equaliter
818 3381 859 3423 δι
874 3383 1042 3438 pacifice
1060 3415 1075 3438 ‚
1090 3385 1230 3432 faven-

255 3443 296 3474 te
323 3434 503 3503 Domino
520 3437 783 3493 procedatur,
794 3441 979 3486 universa
1026 3446 1225 3506 rivilegia,

253 3504 405 3591 {ranas
436 3520 449 3543 ,
476 3494 748 3553 indulgentias
788 3500 917 3543 verbo
945 3458 1023 3547 vei,
1040 3504 1222 3563 s'cripto,

272 3551 328 3592 ub
343 3565 592 3612 quacumque
606 3555 736 3602 forma
750 3586 765 3612 ,
783 3558 850 3602 vel
876 3562 1139 3617 expressione,
1152 3566 1218 3611 seu

254 3621 528 3667 conceptione
556 3617 783 3664 verborum
793 3617 845 3672 ,s
861 3621 1009 3675 Nobis,
1027 3624 1094 3668 vel
1109 3627 1219 3670 Pre-

719 278 881 366 Sub
941 277 1336 396 Bom'fhcio
1408 278 1719 368 VIII.

1276 441 1545 486 dccessoribus
1562 438 1703 482 nostris
1732 432 1927 476 Romanis
1958 429 2244 476 Pontificibus,

1275 503 1518 556 cuicumque
1533 499 1733 540 Ordinum
1749 493 2029 549 praedidiorum
2041 485 2245 536 concessa,

1273 574 1349 602 nec
1365 572 1448 600 non
1462 554 1767 600 consuetudines
1784 581 1798 603 ,
1812 552 2102 592 conventiones
2125 576 2139 598 ‚
2173 547 2249 587 fla-

1272 620 1427 667 tuta2&
1441 620 1569 672 pasta,
1582 618 1619 657 in
1634 624 1830 670 quantum
1847 609 1935 650 sunt
1950 606 2165 664 praemiinS,
2181 603 2246 645 vel

1279 678 1398 720 alicui
1425 673 1707 732 praemissorum
1738 667 1973 715 contrariu
1998 681 2046 709 ea
2078 665 2244 720 penitus

1279 749 1519 778 revocamus
1534 764 1550 786 ‚
1581 743 1795 776 vacuamus
1813 756 1825 779 ,
1849 723 2040 767 cassamus
2057 753 2072 775 ‚
2098 725 2139 764 δι
2158 722 2250 765 irri-

1280 805 1412 836 tamus
1426 794 1635 848 :quinimo
1651 789 1751 831 cassa
1767 817 1782 838 ,
1801 798 1942 833 vacua,
1957 783 2131 824 &irrita
2150 793 2248 822 nun-

1278 854 1429 892 ciamus
1450 854 1491 893 &
1516 851 1768 893 decernimus
1800 844 1947 887 nullius
1976 839 2141 898 prorsus
2156 839 2245 880 exi-

1279 911 1379 953 stere
1392 908 1599 952 firmitatis
1617 939 1629 951 .

1393 970 1603 1011 Caetert‘im
1636 967 1844 1008 universos
1884 959 2081 1005 Praelatos
2112 955 2246 1017 cujus·

1279 1039 1442 1081 cunque
1458 1025 1765 1082 praeemiuentiae
1780 1051 1794 1073 ,
1810 1021 1931 1063 statiis
1945 1047 1960 1068 s
1985 1018 2047 1060 vel
2067 1017 2245 1071 dignita-

1281 1083 1332 1123 tis
1346 1085 1512 1125 existant
1526 1113 1542 1133 ,
1571 1095 1617 1122 ac
1634 1080 1881 1123 Sacerdotes
1901 1076 2154 1119 parochiales
2169 1104 2186 1125 ,
2199 1076 2250 1115 &·

1275 1145 1455 1183 Curatos
1467 1167 1482 1188 2
1495 1139 1576 1181 five
1593 1136 1790 1180 Reaores
1809 1135 2017 1190 praedictos
2031 1161 2045 1184 ‚
2078 1131 2248 1187 praesen-

1275 1200 1379 1242 tium
1396 1211 1540 1243 tenore
1558 1209 1769 1252 rogamus,
1785 1196 1825 1236 &
1841 1196 2052 1237 hortamur
2069 1189 2245 1240 attente,

1278 1255 1618 1314 nihilominusque
1652 1255 1708 1298 eis
1753 1251 1932 1296 districte
1971 1247 2256 1306 prate-§mendo

1281 1319 1515 1362 mandamus
1528 1345 1544 1368 ,
1559 1325 1759 1374 quatenus
1775 1326 1854 1368 pro
1869 1311 2018 1356 Divina
2034 1339 2047 1361 ,
2072 1310 2110 1351 δι
2130 1313 2164 1351 A
2171 1321 2250 1364 po-

1282 1378 1431 1422 stolicae
1452 1376 1570 1423 Sedis
1601 1372 1861 1425 reverentia,
1889 1369 2098 1428 praedieios
2123 1367 2252 1411 Ordi-

1281 1451 1356 1482 nes
1370 1441 1437 1487 ,δε
1455 1431 1701 1481 Professores
1725 1446 1866 1476 eorum
1888 1431 2086 1475 habentes
2111 1423 2251 1470 affeetu

1283 1498 1488 1543 benevolo
1524 1493 1835 1539 commendatos
1863 1519 1879 1543 ‚
1916 1490 2123 1533 Fratribus
2159 1486 2252 1542 ipfis

1284 1572 1364 1602 non
1393 1557 1432 1600 se
1445 1555 1636 1601 difficiles
1649 1582 1664 1606 ‚
1679 1566 1826 1610 graves
1841 1578 1856 1601 ,
1873 1549 2023 1598 duros,
2053 1546 2120 1591 vel
2136 1546 2252 1601 aspe-

1284 1631 1374 1668 ros,
1388 1616 1456 1661 sed
1470 1616 1605 1674 potius
1619 1611 1887 1660 favorabiles,
1901 1607 2102 1664 propitios
2121 1619 2167 1647 ac
2185 1605 2257 1646 he·-

1286 1679 1433 1734 nignos
1457 1703 1473 1726 2
1511 1677 1661 1734 piaque
1687 1668 1965 1715 munificentia
1994 1663 2184 1721 liberales
2212 1660 2252 1703 se

1286 1736 1468 1780 studeant
1498 1736 1697 1778 exhibere
1715 1744 1729 1773 ε
1754 1729 1806 1774 fic
1828 1741 1901 1771 eos
1929 1728 1970 1771 iti
2000 1722 2256 1781 praedicatio-

1285 1797 1345 1839 nis
1364 1794 1504 1840 officio
1522 1822 1537 1845 ‚
1557 1795 1597 1836 δι
1625 1786 1965 1848 propositionibus
1993 1783 2120 1829 Verbi
2144 1782 2224 1824 Dei
2237 1806 2253 1829 a

1283 1872 1330 1899 ae
1357 1860 1396 1899 in
1423 1853 1614 1898 omnibus
1639 1850 1728 1893 aliis
1754 1845 1991 1904 supradietis
2015 1872 2031 1894 2
2058 1853 2252 1900 tanquam

1282 1924 1570 1970 cooperatores
1594 1923 1736 1955 eorum
1763 1908 1966 1957 idoneos,
1992 1905 2034 1946 δι
2060 1901 2256 1944 laborum

1284 1972 1675 2028 suorumparticipes
1691 1974 1881 2023 prompta
1910 1961 2162 2017 benignitate
2190 1971 2252 2000 re-

1283 2035 1436 2088 cipiant
1447 2060 1462 2081 ,
1478 2046 1525 2072 ac
1538 2027 1756 2072 affectuose
1782 2024 2002 2066 admittere
2035 2030 2116 2061 non
2131 2020 2257 2061 omit-

1283 2099 1370 2131 tant
1389 2116 1404 2138 ,
1434 2098 1479 2129 ut
1511 2083 1682 2142 proinde
1705 2081 1790 2125 illis
1815 2090 1972 2123 aeternae
1987 2076 2256 2122 beatitudinis

1287 2147 1495 2203 praemium
1522 2150 1719 2200 augeatur
1749 2169 1768 2192 ,
1792 2141 1830 2183 &
1857 2139 2080 2181 animarum
2119 2136 2256 2180 salutis

1285 2207 1536 2247 incrementa
1556 2200 1713 2243 foelicia
1728 2209 2027 2253 procurentur:
2044 2212 2118 2241 nee
2153 2194 2258 2252 ipsos

1288 2261 1429 2305 lateatq
1448 2258 1577 2314 quod,
1593 2257 1618 2300 si
1635 2257 1746 2299 secus
1762 2255 1812 2297 ab
1827 2254 1885 2297 eis
1899 2253 1963 2310 agi
1981 2252 2143 2297 sortasse
2155 2268 2259 2298 con-

1289 2320 1432 2376 tigerit
1456 2319 1496 2360 in
1511 2318 1586 2360 hac
1603 2325 1743 2372 parte,
1763 2313 2010 2370 Apostolicae
2033 2313 2149 2356 Sedis
2192 2315 2258 2355 be-

1289 2380 1467 2435 nignitas
1482 2406 1498 2429 ‚
1513 2390 1596 2432 que
1608 2374 1781 2419 Ordines
1794 2403 1809 2427 ,
1828 2374 1870 2416 8:
1888 2371 2139 2417 Professores
2165 2373 2256 2416 eos-

1290 2440 1381 2482 dem
1397 2437 1523 2479 ubere
1546 2433 1683 2478 favore
1711 2432 1969 2491 prosequitur
1984 2461 1999 2485 ‚
2020 2432 2056 2474 δι
2087 2432 2197 2487 gei-it
2216 2433 2256 2475 in

1292 2495 1512 2541 visceribus
1535 2493 1777 2546 eharitatis,
1803 2502 1954 2536 contra
1978 2504 2047 2535 eos
2063 2505 2149 2535 non
2181 2491 2257 2533 im-

1286 2556 1440 2601 merito
1462 2552 1728 2606 turbaretur,
1755 2567 1828 2597 nec
1855 2551 1998 2595 eadem
2024 2551 2260 2607 aequanimi-

1286 2626 1353 2661 ter
1366 2615 1451 2673 pati
1475 2609 1597 2672 posset
1613 2613 1738 2670 ,quin
1759 2611 1876 2669 super
1901 2612 1981 2652 hoe
2007 2609 2252 2666 provisionis

1286 2685 1527 2733 opportunis
1540 2671 1771 2716 remedium
1800 2669 2014 2712 adhiberet
2031 2695 2046 2719 ,
2073 2669 2255 2725 ipsosque

1286 2733 1547 2780 nihilominus
1579 2730 1756 2776 coelestis
1796 2726 2027 2784 indignatio
2055 2726 2256 2785 Principis

1285 2794 1409 2851 digna
1425 2807 1502 2850 pro
1516 2792 1669 2835 meritis
1684 2787 1939 2846 rependentis
1952 2812 1966 2835 ‚
1990 2784 2107 2844 cujus
2132 2786 2254 2830 obse..

1286 2856 1380 2913 quia
1413 2855 1600 2898 Fratrum
1632 2848 1811 2906 ipsorum
1855 2844 2049 2890 sedulitas
2094 2846 2256 2889 curiosa

1289 2912 1571 2972 prosequimur
1585 2941 1599 2963 ‚
1616 2907 1780 2953 minime
1796 2905 2021 2964 preteriret
2041 2905 2120 2947 διο.
2148 2904 2259 2949 Nul-

1289 2974 1435 3032 liergo
1448 2970 1616 3015 omnino
1643 2968 1852 3013 hominum
1881 2966 1997 3010 liceat
2025 2964 2128 3028 hanc
2141 2964 2258 3022 pagi-

1291 3047 1381 3079 nam
1409 3031 1549 3076 nostre
1563 3026 1827 3073 concessionis
1843 3054 1858 3078 ‚
1870 3027 1911 3070 δι
1927 3022 2183 3069 inhibitionis
2197 3025 2258 3066 in·

1293 3092 1499 3151 ningere,
1523 3088 1588 3132 vel
1604 3090 1641 3133 ei
1663 3084 1751 3133 ausu
1773 3083 1995 3130 temerario
2022 3083 2258 3135 contraire;

1295 3155 1336 3199 Si
1362 3153 1450 3210 quis
1465 3160 1598 3194 autem
1614 3148 1690 3192 hbe
1706 3155 1909 3192 attentare
1933 3139 2225 3199 presumpserit
2239 3171 2255 3193 ,

1294 3212 1616 3269 indignationem
1640 3203 1948 3276 Omnipoteiitis
1963 3200 2070 3251 Dei,
2091 3201 2131 3242 δι
2154 3202 2258 3243 Bea-

1291 3282 1429 3317 torum
1450 3269 1563 3316 Petri
1579 3268 1646 3318 a&
1661 3263 1776 3311 Pauli
1793 3260 2089 3325 Apostolorum
2119 3258 2204 3318 ejus
2217 3258 2256 3304 se

1289 3332 1451 3378 noverit
1466 3326 1715 3375 incursurum
1727 3354 1741 3368 .

1346 3451 1469 3495 Codex
1483 3455 1582 3494 text.
1595 3457 1681 3491 can.
1694 3444 1736 3488 6.
1752 3446 1861 3487 inter
1877 3443 2047 3484 Extrav.
2065 3451 2256 3485 commun.

1403 3513 1496 3563 1,.3.
1509 3506 1556 3551 de
1582 3503 1733 3563 sepult.
1747 3502 2099 3561 cap.2.Wadding,
2112 3507 2254 3549 tom-5.

1398 3562 1631 3626 Annei-sol.
1647 3578 1668 3621 3
1675 3575 1747 3619 30.

2034 3977 2192 4021 NOTA
