2444 4192
834 162 994 246 Sub
1066 164 1414 276 Gregorio
1451 159 1563 246 .X
1587 159 1686 242 V.

254 310 442 360 Creatori
471 307 611 352 nostro
640 305 984 356 'reconciliationis
1026 317 1207 372 graviori

245 378 505 431 peecatorum
513 368 623 410 mole
637 379 701 412 eas
711 369 920 413 onerando
934 398 949 421 ,
969 374 1060 415 &in
1080 377 1206 416 mani-

246 434 316 476 bus
331 427 502 470 Diaboli
518 427 720 470 tradendo
733 454 748 478 ,
762 425 802 468 in
819 427 975 470 Divina:
990 431 1208 486 Majestatis

244 488 429 530 offensam
449 512 463 535 ,
480 488 519 528 ἀ
535 487 753 528 animarum
764 485 981 540 perniciem
995 513 1010 535 ,
1031 489 1207 530 Christi-

243 544 423 588 fidelium
437 544 664 588 scandalum
684 557 766 587 non
790 543 990 587 modicum
1003 571 1018 586 .
1051 548 1137 586 Nos
1163 547 1203 586 in

242 606 420 647 animum
435 603 630 648 inducere
643 610 885 659 nequeuntes
895 631 914 654 ,
929 601 1057 658 quod,
1071 603 1137 656 qui
1151 602 1203 644 de

242 663 345 705 Fide
359 662 573 705 Catholica
593 663 698 706 reae
712 658 881 704 sentiunt
894 689 907 712 ,
932 661 1203 704 sacramentis

240 722 280 763 in
298 720 474 763 Ecclesia
498 721 574 764 Dei
589 720 1005 764 insiitutisabutantur
1016 748 1030 772 ,
1041 729 1108 760 aut
1121 719 1202 762 illis

235 778 422 833 injuriam
441 779 587 821 faciant
600 807 616 832 ‚
634 779 890 822 fraternitati
904 787 981 820 tuae
994 807 1008 830 ‚
1020 776 1072 820 de
1087 776 1199 831 cujus

237 837 382 880 eximia
397 838 549 890 pietate
559 863 575 887 ,
591 839 741 881 virtute
754 845 900 893 ,atque
911 837 1094 880 doarina
1106 836 1197 892 plu-

237 894 381 938 rimum
395 894 436 936 in
450 895 624 938 Domino
637 893 892 947 confidimus,
905 909 976 953 per
989 893 1195 952 praesentes

238 952 530 996 committimus
543 984 558 1006 ,
574 957 614 998 ἃ.
634 954 868 998 mandamus
879 980 895 1004 ,
910 963 1109 1011 quatenus
1123 966 1196 1009 per

238 1013 300 1055 Te
313 1036 327 1060 ,
347 1010 412 1053 vel
427 1026 498 1068 per
510 1012 634 1056 alium
647 1039 662 1062 ,
679 1011 747 1058 seu
761 1013 863 1058 alios
875 1013 899 1055 ἑ
920 1016 981 1056 Te
994 1013 1196 1069 deputan-

235 1069 331 1112 dum
344 1094 359 1119 ,
372 1068 437 1114 seu
452 1071 703 1127 deputandos
715 1082 860 1116 eontra
874 1084 1014 1115 omnes
1027 1101 1042 1125 ,
1067 1073 1108 1114 δι
1121 1070 1198 1114 fin-

234 1127 353 1183 gulos
373 1129 614 1173 Sacerdotes
628 1129 826 1174 dierorum
841 1132 1080 1185 Regnorum
1103 1158 1119 1182 ,
1148 1142 1195 1171 ae

233 1185 396 1228 illarum
413 1187 640 1230 Civitatum
654 1215 669 1238 ,
693 1190 735 1230 δι
759 1187 992 1232 Dioecesiim
1015 1189 1069 1233 de
1096 1201 1198 1244 pra-

233 1241 351 1284 missis
363 1243 672 1299 quomodolibet
686 1245 911 1287 diffamatos
926 1274 940 1297 ,
968 1255 1051 1288 tam
1076 1247 1198 1288 saecu·

232 1299 333 1344 lares
346 1327 363 1352 ,
373 1302 492 1359 quim
533 1302 740 1344 uorumvis
755 1304 878 1344 etiam
892 1311 1170 1359 exemptorum
1183 1331 1198 1354 ,

230 1371 278 1403 ac
305 1360 399 1405 Sedi
415 1362 511 1415 Apo
541 1360 655 1404 olicoe
668 1360 902 1405 immediate
931 1359 1196 1414 subjectorum

230 1417 436 1465 ordinum
451 1418 963 1476 Regulares,cujuscunque
974 1419 1199 1475 dignitatis,

234 1473 355 1519 status
380 1504 396 1528 ,
428 1475 574 1533 gradsis
587 1503 602 1528 ,
631 1475 798 1521 Ordinis
813 1506 828 1529 ‚
850 1477 1096 1520 conditionis
1108 1506 1125 1528 ,
1157 1478 1197 1519 &

232 1535 536 1590 preeminentiae
549 1534 735 1586 existant,
748 1545 829 1578 tam
845 1533 958 1590 super
971 1533 1165 1592 praemiffis
1179 1562 1196 1587 ,

233 1594 354 1647 quam
369 1594 484 1649 super
501 1593 599 1637 Fide
612 1593 851 1646 Catholica,
879 1595 922 1637 dt
944 1593 1040 1649 quid
1065 1595 1119 1639 de
1151 1608 1199 1637 ea

234 1652 404 1693 sentiant
417 1678 431 1699 ,
445 1651 663 1707 diligenter
680 1652 872 1708 inquiras,
886 1651 1046 1707 &juxta
1063 1650 1197 1695 facul-

232 1718 363 1752 tatum
379 1709 473 1751 Tibi
485 1718 632 1751 contra
643 1710 853 1752 hereticos
866 1738 882 1760 ,
911 1719 979 1753 aut
1001 1710 1054 1753 de
1067 1710 1196 1753 haerefi

233 1765 1197 1883 2330'23332322252353323„{5230222333221

235 1882 379 1933 cedas,
401 1897 448 1927 ac
470 1883 692 1939 culpabiles
714 1894 893 1942 repertos
919 1885 1032 1942 juxta
1058 1886 1194 1931 exces-

175 1969 178 1972 ·
237 1940 351 1984 suum
364 1939 525 1985 suorum
538 1943 755 1999 qualitates
765 1970 781 1993 ‚
795 1953 919 2000 prout
932 1944 1032 2000 juris
1045 1941 1168 1988 suerit
1183 1972 1198 1996 ,

236 2001 381 2057 punias
393 2026 408 2050 ,
433 2014 505 2044 eos
525 2000 648 2046 etiam
664 2002 688 2044 si
702 2031 718 2053 ,
732 2003 773 2047 δι
785 2013 906 2059 prout
919 2003 972 2045 de
985 2002 1072 2059 jure
1080 2000 1199 2047 fiterit

237 2058 464 2103 faciendum
479 2086 494 2111 ,
522 2058 656 2103 debita
671 2059 924 2117 precedente
942 2059 1199 2117 degradatio-

237 2132 303 2170 ne,
317 2116 510 2163 secularis
519 2117 673 2175 Judicis
698 2119 869 2163 arbitrio
879 2121 1099 2175 puniendos
1121 2128 1199 2162 tra·

235 2175 375 2219 dendo
392 2205 407 2217 .
439 2178 532 2220 Non
547 2175 796 2219 obstantibus
809 2177 1196 2230 constitutionibus,

234 2232 618 2277 &ordinationibus
632 2233 877 2288 Aposiosicis
894 2263 909 2288 ,
936 2248 982 2277 ac
997 2236 1198 2279 Ecclesia-

233 2304 324 2336 rum
339 2318 357 2343 ,
385 2290 791 2345 dr'Monasteriorum,
804 2293 1199 2340 necnonOrdinum..

234 2349 506 2406 quorumlibet
518 2376 533 2400 ,
559 2364 731 2407 quorum
755 2351 823 2408 ipsi
851 2352 1092 2405 Sacerdotes
1118 2353 1201 2396 fue·

234 2409 332 2458 rint,
349 2406 470 2453 etiam
482 2408 712 2466 juramento
723 2440 741 2463 ,
767 2408 1076 2457 confirmatione
1091 2414 1201 2470 Apo-

233 2466 374 2510 stolica
390 2494 405 2520 ,
431 2467 494 2511 vel
520 2469 661 2526 quavis
675 2467 867 2514 firmitate
890 2470 970 2514 alia
991 2472 1196 2514 roboratis

232 2525 390 2570 statutis
401 2552 416 2575 ,
427 2527 469 2569 δι
481 2528 848 2580 consuetudinibus,
861 2528 1083 2587 privilegiis
1093 2544 1192 2587 quo-

230 2597 313 2642 que
328 2584 524 2639 indultis,
547 2588 589 2629 dt
611 2585 740 2629 literis
753 2587 993 2642 Apostolicis
1018 2589 1191 2646 subqui-

230 2642 357 2688 husen
415 2657 465 2688 ue
475 2644 679 2689 tenoribus
693 2647 756 2697 ,dt
769 2644 926 2695 sbrmis,
941 2660 988 2690 ac
1006 2662 1096 2690 cum
1110 2649 1194 2703 qui-

231 2700 399 2744 bustiae
418 2701 635 2752 auf-tiu&
642 2702 959 2757 decretis,etiam
973 2709 1090 2750 Motu
1107 2720 1200 2762 pro-

231 2759 412 2815 prio,aut
425 2759 522 2803 aliis
534 2760 841 2816 quomodolibet
855 2763 1190 2817 eonceffis,etiam

233 2817 397 2860 iteratis
419 2817 580 2861 vicibus
595 2820 827 2873 approbatis
850 2848 866 2870 ,
889 2822 929 2862 δι
955 2822 1154 2864 innovatis
1177 2851 1191 2864 .

233 2875 396 2932 Quibus
409 2875 597 2918 omnibus
609 2888 753 2919 eorum
767 2886 930 2921 tenores
943 2879 1193 2934 ptest-nribus

233 2946 311 2990 pro
321 2931 506 2989 expressis
520 2934 717 2976 habentes
729 2962 745 2986 ,
775 2937 849 2977 hac
875 2937 964 2980 vice
986 2936 1196 2981 dumtaxat

234 2989 484 3047 specialiter,
497 2992 539 3034 δι
551 2991 736 3048 expresse
747 2993 986 3050 derogamus
999 3022 1015 3048 ,
1028 2998 1195 3041 entes-is²

235 3063 314 3106 que
326 3051 540 3094 contrariis
551 3049 850 3108 quibuscunque
861 3081 873 3092 .

354 3112 506 3154 Datum
535 3111 678 3153 Rome
695 3111 799 3166 apud
822 3111 1010 3153 Sanctum
1023 3116 1190 3157 Petrum

236 3168 482 3215 subAnnulo
503 3168 718 3212 Piscatoris
744 3169 811 3212 die
825 3169 907 3211 xvi.
921 3169 1016 3225 Apr.
1031 3186 1192 3216 ranut-

238 3225 505 3273 Pontificatt'is
518 3226 654 3270 Nostri
665 3229 788 3270 Anno
801 3227 1009 3272 Secundo.

353 3287 500 3342 Igitur,
511 3295 554 3329 ut
570 3285 695 3328 literae
708 3286 903 3342 predictae
913 3287 1123 3342 perpetuis
1136 3284 1198 3328 fu·

240 3344 341 3388 tusis
351 3345 622 3402 temporibus,
642 3346 684 3386 δι
699 3345 848 3401 ubique
863 3344 1046 3401 locorum
1067 3346 1196 3387 invio-

243 3399 415 3445 labiliter
435 3403 698 3447 observentur
710 3406 856 3456 ,Motu
871 3405 1038 3459 proprio
1050 3432 1064 3454 ,
1088 3405 1130 3446 dc
1143 3416 1194 3446 ex

242 3467 351 3502 certa
361 3460 548 3511 scientia,
583 3477 630 3505 ac
644 3473 796 3508 matura
812 3461 1105 3505 deliberatione
1118 3475 1196 3505 no-

242 3519 319 3561 stra.
329 3542 346 3566 ,
369 3529 416 3560 ac
425 3517 477 3562 de
488 3521 657 3565 oonsilio
674 3521 959 3564 venerabilium
973 3523 1193 3565 Fratrum..-

241 3575 523 3621 nostrorumS.
541 3580 595 3622 R.
614 3579 951 3624 E.Cardinalium
965 3591 1105 3622 contra
1120 3580 1196 3622 11ae-

241 3634 678 3698 reticam‘previtatem
714 3639 962 3695 generalium
983 3638 1196 3696 Inquisito-

242 3706 330 3736 rum
345 3689 585 3746 praemsertas
596 3696 734 3739 literas
749 3697 1032 3752 hujusmodi,ac
1043 3698 1193 3749 omnia,

242 3755 282 3796 δι
291 3747 438 3851 ίῑηςὲὼ
450 3748 557 3851 ἰαῧῖε
570 3757 1007 3813 contenta,Apostolica
1023 3757 1193 3799 austori-

396 3820 471 3848 Om·
539 3837 549 3849 ι

2012 166 2175 272 387

1269 328 1354 360 tate
1368 328 1509 360 tenore
1522 312 1769 371 praesentium
1784 313 2047 366 approbamus
2059 345 2072 367 ,
2084 321 2230 362 &con-

1266 375 1470 416 firmamus
1489 399 1504 420 ,
1519 373 1674 424 illisque
1690 370 1878 410 omnibus
1896 399 1910 420 ,
1937 372 1977 412 ὅτ,
2002 373 2155 425 singulis
2170 381 2231 418 in.

1269 430 1472 473 violabilis
1489 426 1727 484 Apostolicae
1742 425 1941 469 firmitatis
1956 428 2079 470 robur
2089 431 2230 485 adjici.

1266 502 1357 531 mus
1371 514 1387 538 ,
1411 485 1576 540 illasque
1591 498 1673 525 non
1689 483 1816 527 solum
1830 484 1868 525 in
1884 485 2075 539 praediffls
2087 484 2231 540 Regnis

1266 544 1543 599 Hispaniarum
1556 571 1570 593 ,
1586 541 1702 584 sedin
1716 541 1916 597 quibusvis
1929 542 2142 586 Christiani
2152 547 2230 586 Or-

1265 606 1326 647 bis
1339 603 1519 658 partibus
1546 600 1720 642 firmiter
1735 629 1748 651 ,
1770 601 1809 642 &
1833 600 2127 644 inviolabiliter
2156 602 2227 643 ob-

1265 661 1414 706 servari
1431 661 1679 716 praecipimus
1692 688 1706 710 ,
1715 662 1756 701 &
1768 659 2002 701 mandamus
2016 686 2028 699 .
2062 664 2121 702 Ac
2133 670 2231 714 prat..⁴

1265 733 1393 769 terea,
1409 734 1459 762 ne
1474 720 1512 760 in
1528 716 1708 761 futurum
1721 719 1773 760 de
1788 732 1909 772 poena
1923 718 1981 760 his
1995 717 2226 773 delinquen.

1259 781 1366 822 tibus
1382 778 1639 832 imponenda,
1651 778 1691 818 &
1703 776 1754 830 de
1770 776 1892 818 modo
1904 786 2046 819 contra
2062 774 2224 820 eosdem

1258 835 1505 896 procedendi
1520 837 1570 877 ab
1583 838 1719 890 aliquo
1738 834 1910 878 dubitari
1925 834 2065 891 poffit,
2085 835 2223 878 statui-

1258 911 1346 940 mus
1368 922 1383 945 ,
1413 895 1670 937 decernimus
1692 922 1707 944 ‚
1737 895 1776 935 &
1800 894 2051 937 declaramus
2068 921 2083 943 ,
2113 893 2222 948 quod

1255 969 1394 999 omnes
1406 982 1421 1006 ,
1431 955 1472 995 &
1484 953 1624 1007 singuli
1646 951 1884 996 Sacerdotes
1900 964 1980 994 tam
1995 952 2194 996 saeculares
2209 978 2224 1001 ,

1256 1014 1377 1072 quam
1417 1012 1654 1069 quorumvis
1678 1038 1693 1060 ,
1744 1011 1866 1052 etiam
1915 1011 2225 1065 quomodolibet

1257 1081 1542 1128 exemptorum
1554 1098 1569 1121 ,
1587 1085 1634 1112 ac
1650 1068 1745 1112 Sedi
1760 1069 2000 1125 Apostolicae
2014 1067 2223 1110 immedia-

1256 1132 1299 1174 te
1316 1130 1579 1188 subjectorum
1591 1128 1792 1171 Ordinum
1806 1156 1820 1179 ,
1848 1128 2118 1171 institutorum
2132 1155 2148 1176 ,
2165 1124 2226 1167 so-

1257 1193 1453 1235 cietatum
1477 1215 1492 1238 ,
1523 1189 1564 1229 8ι
1592 1189 1966 1243 congregationum
1982 1184 2222 1243 Regulares,

1259 1248 1530 1304 cujuscunque
1558 1246 1767 1300 dignitatis
1780 1272 1796 1294 ,
1825 1246 1866 1287 &
1894 1243 2198 1300 praeeminentiae
2211 1270 2230 1293 ,

1258 1316 1326 1348 aut
1343 1306 1482 1360 quovis
1514 1304 1731 1359 privilegio
1757 1304 1903 1346 muniti
1932 1303 2098 1347 existant
2113 1328 2128 1350 ,
2157 1300 2230 1356 qui

1259 1363 1462 1422 personas,
1478 1373 1723 1416 qua-cunque
1739 1360 1818 1402 ille
1835 1360 1925 1410 sint,
1941 1363 1992 1404 ad
2008 1360 2230 1410 inhonesta,

1258 1425 1338 1466 sive
1364 1422 1467 1464 inter
1495 1418 1532 1461 se
1548 1447 1563 1469 ,
1592 1420 1671 1461 sive
1696 1431 1788 1460 cum
1816 1418 1906 1460 aliis
1918 1418 2230 1473 quomodolibet

1258 1476 1581 1539 perpetrandadn
1593 1481 1681 1520 astu
1697 1477 2005 1521 sacramentalis
2019 1474 2231 1520 confestim*

1259 1541 1320 1583 nis
1332 1565 1348 1590 ,
1364 1537 1442 1579 five
1455 1545 1549 1579 ante
1569 1561 1587 1588 ,
1609 1535 1671 1578 vel
1690 1536 1774 1591 posi
1786 1536 2048 1587 immediate,
2074 1535 2139 1578 seu
2154 1549 2229 1578 oc-

1261 1595 1419 1641 casione
1434 1623 1450 1646 ,
1466 1595 1532 1637 vel
1550 1602 1745 1650 pretextu
1760 1592 2012 1638 confeffionis
2027 1593 2232 1650 hujusmo-

1262 1657 1321 1707 di,
1332 1655 1453 1698 etiam
1468 1653 1546 1709 ipsa
1560 1650 1798 1697 confessione
1811 1665 1893 1695 non
1905 1652 2054 1705 secuta,
2065 1651 2144 1695 sire
2158 1656 2232 1695 ext-¹

1263 1725 1326 1758 tra
1338 1711 1582 1758 occasionem
1599 1710 1855 1756 confesiionis
1878 1712 1919 1755 in
1944 1711 2227 1755 Confeffiona·

1257 1773 1323 1817 rio
1334 1801 1350 1825 ,
1377 1781 1444 1814 aut
1461 1773 1498 1813 in
1514 1770 1607 1813 loco
1620 1783 1874 1827 quocunque,
1887 1771 1953 1813 ubi
1970 1768 2228 1814 confessiones

1258 1829 1572 1876 sacramentales
1599 1828 1815 1871 audiantur
1830 1858 1846 1879 ,
1865 1832 1928 1870 seu
1943 1828 1993 1871 ad
2014 1826 2228 1870 confessio-

1258 1903 1348 1935 nem
1363 1886 1603 1932 audiendam
1631 1885 1760 1929 electo
1773 1916 1788 1937 ,
1819 1883 2049 1928 simulantes
2078 1885 2228 1928 ibidem

1259 1945 1520 1992 consessiones
1534 1944 1701 1996 audire,
1728 1944 1947 1988 sollicitare
1958 1970 1974 1993 ,
1993 1943 2058 1987 rel
2073 1958 2227 2000 provo·

1259 2019 1353 2049 care
1369 2003 1643 2048 tentaverint,
1675 2013 1743 2046 aut
1767 2016 1860 2044 cum
1884 2003 1943 2044 eis
1959 2002 2123 2045 illicitos
2141 2028 2159 2051 ,
2182 2003 2222 2044 &

1260 2061 1491 2107 inhonestos
1508 2060 1708 2104 sermones
1724 2087 1738 2110 ,
1768 2061 1849 2102 sive
1862 2062 2058 2101 trastatus
2073 2061 2225 2102 habuc·

1259 2123 1353 2169 rint,
1369 2121 1405 2163 in
1425 2118 1578 2163 Officio
1592 2120 1736 2160 Sanetae
1751 2116 2023 2175 inquisitionis
2038 2116 2228 2161 severini-

1256 2180 1337 2229 επὶ,
1351 2187 1395 2222 nt
1411 2178 1530 2228 infra,
1542 2178 1758 2231 puniantur
1770 2206 1782 2218 .
1816 2179 1869 2219 Et
1884 2186 2076 2232 praetcrea
2089 2189 2228 2220 omnes

1259 2239 1451 2282 haereticae
1464 2236 1670 2292 pravitatis
1684 2235 1938 2291 Inquisitores
1951 2261 1965 2285 ‚
1984 2237 2020 2278 &
2040 2235 2226 2279 locorum

1259 2297 1504 2345 Ordinatios
1519 2294 1698 2336 omnium
1716 2297 1972 2349 Regnorum,
1988 2295 2225 2338 Provincia·

1262 2370 1351 2400 rum
1368 2385 1383 2406 ,
1395 2351 1625 2398 civitatum
1636 2383 1653 2406 ,
1672 2354 1970 2404 Dominiorum,
1985 2354 2021 2395 &
2038 2353 2222 2396 locorum

1261 2413 1432 2458 universi
1457 2412 1576 2455 Orbis
1602 2412 1821 2456 Christiani
1863 2412 1902 2454 in
1927 2412 2003 2454 suis
2017 2426 2220 2469 quemque

1256 2472 1534 2521 Dioecefibus,
1562 2472 1602 2512 δι
1625 2470 1865 2514 Territoriis
1892 2484 1963 2525 per
1986 2473 2056 2514 has
2073 2471 2221 2513 nostras

1252 2532 1536 2583 literas,etiam
1560 2530 1758 2585 privativi:
1771 2528 1903 2585 quoad
1928 2542 2069 2572 omnes
2096 2527 2222 2580 alios,

1250 2591 1488 2648 specialiter,
1499 2602 1544 2630 ae
1560 2600 1773 2645 perpetuos
1781 2587 1946 2643 judices
1963 2585 2219 2643 delegamus,

1256 2660 1303 2696 ut
1319 2648 1434 2705 super
1451 2650 1510 2690 his
1524 2658 1667 2689 contra
1682 2648 1890 2702 praedidtos
1907 2645 2016 2689 simul
2038 2675 2052 2698 ,
2079 2645 2143 2688 vel
2161 2645 2219 2686 se·

1260 2709 1430 2766 paratim
1457 2706 1496 2749 in
1526 2706 1711 2749 omnibus
1723 2735 1739 2757 ,
1766 2713 1884 2761 prout
1899 2705 1939 2747 in
1951 2704 2074 2748 causis
2089 2702 2185 2746 fidei
2197 2734 2214 2755 ,

1248 2767 1362 2825 juxta
1376 2771 1595 2811 Sacrorum
1611 2768 1824 2809 Canonum
1840 2760 2013 2806 formam
2026 2794 2041 2817 ,
2055 2776 2218 2805 necnon

1250 2822 1386 2868 officii
1412 2822 1685 2879 Inquifitionis
1711 2821 1937 2876 hujusmodi
1962 2821 2219 2865 constitutio-

1253 2896 1322 2926 nes
1337 2907 1350 2931 ,
1366 2880 1575 2938 privilegia
1590 2908 1605 2930 ,
1630 2876 1936 2922 consuetudines
1949 2906 1965 2929 ,
1986 2881 2029 2921 dt
2049 2879 2218 2921 decreta

1253 2941 1473 2997 diligenter
1487 2939 1689 2994 inquirant
1706 2964 1721 2987 ,
1733 2937 1773 2977 δι
1788 2936 2008 2992 procedant
2020 2961 2036 2985 ,
2067 2938 2103 2978 Sc
2114 2950 2218 2991 quos

1251 3004 1295 3047 in
1321 2999 1454 3055 aliquo
1488 3012 1537 3040 ex
1563 2993 1786 3049 hujusmodi
1810 2992 1973 3035 nefariis
2000 2993 2217 3036 exceffibus

1251 3057 1476 3111 culpabiles
1498 3052 1722 3110 repererint
1734 3078 1749 3101 ,
1775 3052 1813 3094 in
1831 3065 1900 3094 eos
1913 3065 1987 3106 pro
2000 3052 2215 3095 criminum

1249 3115 1442 3173 qualitate
1460 3141 1475 3165 ,
1487 3115 1526 3156 &
1540 3109 1845 3154 circumstantiis
1862 3139 1877 3164 ,
1903 3109 2154 3165 suspensionis
2167 3112 2216 3153 ab

1254 3174 1498 3217 executione
1526 3168 1719 3221 Ordinis,
1747 3168 1980 3226 privationis
2000 3167 2214 3212 beneficio-

1257 3247 1376 3284 rum,
1406 3231 1678 3287 dignitatum,
1707 3230 1748 3270 δι
1770 3226 1998 3270 officiorum
2024 3241 2214 3284 quorum-

1256 3305 1442 3346 cunque,
1463 3304 1510 3332 ac
1537 3298 1734 3343 perpetuae
1755 3286 2015 3330 inhabilitatis
2038 3285 2087 3329 ad
2116 3286 2209 3337 illa,

1251 3364 1410 3393 necnon
1423 3349 1534 3392 vocis
1548 3347 1685 3389 active
1696 3374 1712 3397 ,
1736 3347 1773 3388 ἃ
1788 3343 1939 3400 paffivae
1949 3373 1964 3396 ‚
1986 3346 2013 3386 fi
2033 3345 2208 3399 Regula-

1256 3423 1319 3452 res
1342 3407 1488 3451 fuerint
1517 3433 1532 3456 ,
1558 3404 1697 3455 exilii,
1721 3403 1991 3447 damnationis
2015 3401 2066 3444 ad
2093 3404 2210 3446 trire-

1253 3481 1338 3510 mes
1349 3495 1364 3519 ,
1375 3469 1416 3508 δι
1429 3478 1609 3507 carceres
1621 3490 1635 3511 ,
1647 3462 1771 3505 etiam
1786 3464 1826 3503 in
1848 3470 2091 3518 perpetuum
2106 3490 2120 3514 ,
2134 3464 2204 3504 ab-

1252 3539 1331 3582 que
1347 3525 1430 3568 ulla
1445 3525 1508 3579 spe
1521 3522 1658 3578 gratia:
1672 3550 1687 3572 ‚
1718 3520 1889 3573 aliasque
1911 3534 2054 3575 poenas
2068 3519 2205 3563 decer-

1255 3593 1351 3625 nant
1363 3611 1380 3635 ,
1393 3596 1463 3625 eos
1476 3593 1636 3637 quoque
1654 3605 1667 3627 ,
1682 3577 1706 3619 fi
1722 3592 1792 3632 pro
1807 3577 1946 3623 defleti
1961 3580 2204 3623 enormitate

1254 3641 1458 3697 graviores
1473 3652 1614 3695 poenas
1626 3638 1847 3679 meruerint
1857 3665 1873 3688 ,
1902 3638 2036 3681 debita
2060 3648 2199 3692 praecc-

1250 3700 1371 3742 dente
1386 3698 1678 3754 degradatione
1695 3697 1826 3740 Curiae
1842 3696 2014 3740 saeculari
2039 3694 2204 3749 punien-

1250 3758 1326 3801 dos
1340 3756 1503 3801 tradant
1517 3788 1531 3801 .
1563 3758 1717 3798 nantes
1739 3756 1858 3798 etiam
1873 3753 2106 3798 facultatem
2121 3750 2199 3789 Ve-

1588 3816 1627 3857 C
1641 3828 1661 3856 c
1679 3828 1700 3856 c
1733 3830 1757 3858 2
2080 3819 2146 3846 sse·
