2444 4192
370 177 534 232 200

305 308 414 349 etum
444 303 639 348 inducant
661 333 679 357 ,
707 306 748 350 &
774 307 915 354 statum
940 325 1084 356 corum
1110 309 1260 355 faciant

306 364 518 422 pacificum
530 366 571 405 δι
586 366 852 420 tranquillum
867 400 881 414 .

427 423 590 467 Dudum
604 423 813 479 fiquidem,
830 441 876 473 ut
887 429 1090 475 Ordinum
1102 444 1267 474 eorum-

306 483 402 526 dem
416 480 686 526 Profefforum
700 481 816 530 statui
829 489 870 530 Gt
881 490 1012 546 quieti
1039 491 1268 533 consulere-

305 556 396 585 mus
410 571 427 595 ,
452 552 565 585 motu
590 553 759 598 proprio
778 549 993 590 nonnullas
1019 548 1178 592 litteras
1202 550 1265 591 di-

306 601 517 645 versorum
559 601 842 647 Romanorum
883 604 1124 650 Pontificum
1161 622 1262 664 prae·

305 662 557 703 decessorum
568 659 801 707 nostrorum
811 663 925 706 dietis
934 664 1154 708 Ordinibus
1166 681 1263 710 con-

306 719 424 763 cenas
437 748 451 771 ‚
467 721 508 761 δι
533 718 576 759 in
598 717 677 761 illis
703 731 899 765 contenta
927 725 1234 780 approbavimus
1248 737 1262 766 ε

300 780 341 820 δι
352 778 485 835 quoad
505 775 643 840 aliqua
657 779 968 832 declaravimus,
979 784 1260 839 ampliavimus

301 841 340 879 &
372 837 657 890 extendimus,
682 852 731 881 ac
756 841 974 884 nonnullas
995 842 1052 884 cis
1075 843 1128 885 dc
1150 854 1260 884 novo

302 894 566 939 conccffimus
577 925 598 948 ,
608 905 733 954 prout
749 898 791 941 in
803 898 970 943 divertis
985 901 1129 943 nostris
1143 901 1259 943 litte-

300 955 354 996 ris
366 953 535 1010 desuper
548 956 746 1000 consectis
764 957 925 1014 plenius
939 960 1171 1001 continetur
1186 985 1199 998 .

415 1016 523 1056 Cum
538 1024 674 1057 autem
689 1044 704 1068 ,
718 1015 818 1058 ficut
831 1015 1085 1072 postmodum
1099 1014 1262 1070 accepi-

294 1085 383 1115 mus
399 1100 414 1124 ‚
442 1084 515 1127 per
537 1072 763 1129 hujusmodi
790 1076 1102 1131 ampliationes‚
1119 1073 1263 1118 decla-

294 1132 471 1174 rationes
481 1158 495 1178 2
507 1134 765 1176 exteniiones
786 1134 827 1176 δι
839 1133 1111 1177 conceffion‘es
1126 1132 1259 1176 adhuc

292 1190 408 1232 totali
421 1190 663 1234 eorumdem
687 1190 891 1235 Ordinum
913 1196 951 1236 8(
977 1191 1145 1235 illorum
1158 1194 1261 1235 Pro·

294 1248 482 1292 sefforam
495 1252 625 1306 quieti
644 1249 764 1308 plene
778 1250 846 1306 (ut
861 1250 1049 1309 expedit)
1062 1265 1143 1301 non
1161 1264 1263 1296 con·

291 1307 466 1356 solatur,
481 1308 755 1367 afferaturque
779 1313 804 1354 a
826 1310 1062 1359 nonnullis,
1088 1323 1164 1366 per
1180 1306 1264 1352 eas-

290 1366 385 1408 dem
412 1366 574 1411 litteras
591 1397 608 1421 ,
619 1382 758 1412 omncs
773 1370 921 1424 gratias
936 1368 1163 1425 spirituales
1177 1398 1194 1420 ‚
1222 1369 1264 1410 &

291 1427 544 1481 temporales
558 1455 574 1479 ,
586 1427 705 1470 dietis
719 1426 941 1472 Ordinibus
959 1429 999 1470 &
1015 1442 1159 1471 eorum
1175 1430 1263 1470 Do-

291 1485 421 1526 mibus
434 1486 473 1527 δι
490 1485 697 1529 Fratribus
708 1484 730 1527 ὲ
749 1486 1104 1531 Praedecefforibus
1116 1485 1260 1528 nostris

292 1541 492 1586 conccffas
506 1573 523 1596 ‚
548 1546 731 1599 approba
739 1553 798 1586 tas
823 1559 908 1588 non
937 1542 1026 1587 fore
1040 1571 1054 1584 .
1083 1549 1171 1587 Nos
1196 1553 1260 1584 at·

292 1599 409 1643 tenti
423 1602 687 1646 meditatione
699 1600 902 1656 pensantes
916 1630 931 1653 ,
941 1610 1138 1655 quantum
1151 1600 1264 1642 utili·

292 1659 389 1701 tatis
413 1660 465 1704 ad
479 1658 774 1703 exaltationem
791 1660 905 1703 Fidei
931 1659 1192 1711 Christiana,
1222 1660 1263 1702 &

291 1718 548 1774 Evangelicae
562 1717 745 1760 veritatis
761 1719 964 1763 Ordinum
979 1719 1263 1775 praedifiorum

293 1774 547 1822 Proseffores
565 1777 754 1820 hactenus
778 1778 1052 1823 attuleterunt
1064 1776 1263 1822 &afferre

297 1833 455 1877 valeant
477 1834 694 1892 adjuvante
706 1835 886 1880 Domino
913 1837 955 1879 in
981 1832 1194 1888 futurum,
1224 1837 1266 1879 δι

291 1902 512 1949 propterea
541 1892 753 1946 veientes,
776 1905 824 1940 ut
839 1905 1052 1949 tenemur,
1083 1910 1264 1940 comm-a

290 1951 772 2065 kfi‘s'q‘ffl‘a‘iifssfflss'
788 1955 1265 2053 ffitffizffss‘zss·

1250 2035 1266 2059 S

288 2079 359 2110 aut
375 2040 547 2111 a’lterius
569 2080 649 2121 pro
661 2067 718 2109 eis
734 2068 866 2110 Nobis
895 2066 1012 2124 super
1025 2069 1104 2111 hoc
1121 2066 1268 2112 oblatae

286 2127 501 2180 petitionis
518 2124 749 2170 instantiam
767 2136 785 2180 ;
817 2124 881 2170 sed
901 2125 955 2171 de
977 2127 1109 2171 nostra
1123 2141 1265 2172 mera,

285 2185 602 2237 liberalitate,&
617 2198 669 2228 ex
685 2193 801 2229 certa
816 2184 1268 2242 scientimquascumque

291 2245 455 2288 litteras
466 2245 508 2287 dr
521 2243 672 2299 gratias
693 2241 919 2298 spirituales
940 2243 982 2285 δι
997 2244 1267 2298 temporales,

293 2301 566 2347 concelliones
578 2302 621 2344 δι
632 2299 924 2358 indulgentias,
940 2315 986 2345 ac
1002 2312 1267 2358 peccatorum

292 2361 538 2406 remissiones
557 2360 598 2404 in
614 2373 765 2418 genere
775 2386 791 2411 ‚
820 2359 886 2405 vel
906 2360 947 2403 in
960 2359 1090 2417 specie
1119 2361 1268 2407 Fratri-

293 2421 373 2465 bus
385 2423 425 2465 δι
440 2420 658 2465 Sororibus
674 2418 990 2465 Prndicatorum
1006 2422 1048 2464 ὰ
1061 2420 1266 2466 Minorum

293 2481 518 2531 ordinum,
532 2478 809 2522 &Domorum
826 2478 1093 2534 eorumdemt
1106 2494 1264 2525 necnon

292 2538 543 2583 vititantlbus
557 2549 702 2582 eorttm
718 2538 917 2584 Ecclefias
930 2539 970 2582 ει
986 2540 1180 2596 capellas
1196 2569 1209 2591 ,
1225 2540 1268 2582 δι

293 2597 489 2642 oratoria
503 2593 708 2641 concetl'as
718 2623 735 2648 ‚
746 2611 916 2656 quarum
938 2608 1126 2643 tenorem
1139 2627 1153 2651 ,
1180 2613 1225 2642 ae
1240 2598 1266 2641 li

298 2656 352 2702 de
365 2656 493 2700 verbo
504 2656 556 2700 ad
573 2656 744 2701 verbum
767 2657 1023 2715 presentibus
1046 2657 1268 2703 insereren-

297 2726 392 2769 tur,
408 2714 548 2759 haberi
562 2715 750 2761 volumus
766 2728 842 2773 pro
867 2715 1049 2775 expreffo
1060 2746 1077 2771 ‚
1102 2719 1268 2776 presen-

298 2776 405 2820 tium
427 2784 574 2819 tenore
586 2775 855 2832 approbamus
869 2778 908 2821 et
924 2776 1050 2822 robur
1065 2775 1268 2821 firmitatis

297 2842 507 2892 perpetue
517 2834 708 2878 obtinere
718 2833 993 2881 decernimus:
1006 2851 1160 2896 proque
1171 2851 1269 2881 cau-

297 2894 396 2938 tiori
425 2891 583 2937 cautela
611 2891 851 2949 apostolica
874 2897 1119 2942 auctoritare
1130 2897 1182 2941 de
1194 2910 1269 2940 no-

300 2965 357 2995 vo
371 2980 387 3006 ,
407 2950 522 3007 iusta
550 2952 782 2997 litterarum
800 2951 974 3012 desuper
996 2953 1270 3002 concessarum

302 3011 600 3080 continentiam
612 3012 655 3055 α
666 3021 851 3058 tenorem
862 3013 1127 3061 concedimus
1136 3018 1178 3061 dt
1186 3016 1272 3063 lar-

304 3084 436 3129 gimur
447 3100 462 3115 .

420 3131 492 3184 Et,
504 3137 550 3176 ut
574 3128 781 3187 Rectene,
793 3130 950 3180 Domm
962 3163 978 3187 ,
991 3132 1034 3179 dt
1044 3134 1273 3183 Orator-ia..

302 3189 620 3237 Praedicstornm
630 3191 674 3236 ds
687 3191 891 3238 Minorum
906 3192 1110 3240 ordinum
1158 3195 1275 3240 radi-

301 3253 458 3295 etorum
494 3263 570 3308 per
596 3249 825 3297 universum
850 3253 1007 3299 Orbem
1041 3269 1118 3301 con
1177 3257 1275 3301 uae

300 3310 339 3351 et
352 3306 611 3359 :edificat-‚t
624 3323 715 3369 qun
726 3311 902 3358 construi
914 3315 956 3358 δι
969 3312 1157 3361 edificari
1170 3327 1276 3360 con-

302 3369 440 3420 tigerit
483 3370 523 3414 in
559 3367 746 3415 tutatum
785 3385 969 3431 congrua
993 3373 1221 3419 devotione
1248 3376 1275 3421 s

302 3425 646 3474 christifidelibus
665 3428 893 3484 vilitentur,
905 3447 969 3486 ae,
978 3446 1069 3492 qun
1082 3431 1274 3492 imperfe-

301 3485 372 3527 ἂι
385 3482 492 3538 sunt,
506 3486 765 3542 perficiantur
774 3516 791 3543 ‚
803 3491 845 3535 ec
858 3493 909 3538 ad
924 3492 1271 3553 complementum

299 3542 558 3589 deducantur
569 3575 583 3599 ‚
598 3562 645 3592 ac
672 3548 882 3609 completa
905 3551 1198 3599 conserventur
1222 3567 1269 3597 ac

302 3612 644 3672 manuteneantur
656 3619 671 3651 t
685 3623 842 3656 necnon
890 3612 1110 3659 aramentis
1122 3614 1164 3658 dt
1179 3612 1270 3657 aliis

300 3660 354 3707 ad
382 3661 569 3707 divinum
602 3665 757 3710 cultum
773 3669 870 3714 inibi
885 3670 1112 3719 neccil'ariis
1128 3671 1271 3718 debita

293 3723 528 3767 ornenturti
585 3735 663 3780 que
674 3726 966 3773 christifideles
983 3731 1171 3777 addictas
1189 3734 1270 3777 Ec·

299 3779 438 3826 ‹teti-s
455 3782 508 3828 οδ
544 3782 717 3827 'beotius
730 3786 939 3832 confluant
954 3816 970 3842 ,
982 3790 1023 3835 Gt
1033 3790 1082 3834 ad
1099 3789 1271 3848 premis·

946 127 1137 239 'Sub
1186 150 1404 238 sixto
1467 146 1636 238 [V.

1320 312 1383 364 sa,
1397 325 1535 355 manus
1559 305 1785 368 promptius
1803 303 2015 361 porrigant
2042 295 2293 361 adjutrices3

1323 386 1408 428 quo
1438 385 1489 415 ex
1517 374 1596 414 hoc
1625 370 1775 411 ibidem
1803 365 1914 405 dono
1941 359 2118 403 coelestis
2151 365 2294 420 gratu:

1325 430 1606 489 conspexerint
1624 427 1664 471 se
1686 423 1858 468 refectos
1874 447 1889 472 ,
1912 418 1966 460 de
1985 419 2291 471 Omnipotcntis

1326 492 1404 534 Dei
1432 487 1735 535 misericordia,
1756 496 1803 524 ac
1822 483 2046 523 Beatorum
2074 474 2293 531 Apostolo-

1323 564 1412 592 rum
1425 550 1512 606 ejus
1528 547 1691 591 Petri&
1711 540 1821 584 Pauli
1850 535 2094 581 auctoritate
2123 530 2259 575 confili
2271 558 2301 583 2.

1323 608 1518 652 univerfis
1542 610 1584 648 &
1609 603 1771 661 fingulis
1797 591 2139 640 Christifidelibus
2150 590 2293 633 utriuss

1322 682 1403 724 que
1433 664 1546 710 stxfis
1571 664 1671 707 vere
1697 655 1993 718 poenitentibus
2020 648 2290 702 &confeffis,

1321 727 1388 782 qui
1413 724 1614 767 Ecclesias
1637 724 1678 764 ἃ,
1705 715 1899 763 oratoria
1937 713 2155 775 domorum
2195 711 2293 775 Fra-

1322 795 1433 826 trum
1449 783 1730 838 praedidtorum
1743 781 1783 821 in
1798 772 1961 829 singulis
1994 769 2125 812 Sancti
2142 767 2289 833 Domi-

1320 842 1471 893 nici‚&
1484 845 1525 886 S·
1543 838 1760 890 francisci,
1773 843 1938 878 centum
1960 840 2111 876 annos,
2133 825 2175 866 dt
2188 834 2294 891 toti?

1317 901 1414 942 dem
1434 899 1743 957 quadragenas,
1768 897 1808 937 &
1837 892 1879 934 in
1908 892 2147 953 Sanetorum
2175 883 2292 951 Petri

1318 960 1514 1015 Martyris
1531 987 1546 1009 ,
1575 957 1741 1000 Thomae
1766 954 1818 996 de
1833 950 2021 1006 Aquino,
2043 947 2253 988 Vincenti·
2273 969 2290 993 ‚

1319 1021 1359 1061 ἃ
1375 1020 1528 1060 Sancta
1538 1014 1775 1059 Catharinae
1791 1012 1845 1054 de
1855 1009 1985 1060 Senis,
1997 1009 2039 1049 &
2053 1005 2294 1069 Sanctorum

1320 1075 1496 1122 Antonii
1521 1074 1577 1117 de
1599 1072 1764 1123 Padus,
1788 1065 2045 1113 &Ludovici
2074 1059 2292 1127 Episcopi..

1322 1133 1559 1180 Bernardini
1577 1134 1645 1186 ,δι
1660 1133 1809 1176 Sancta
1822 1129 1955 1173 Clarae
1970 1155 1985 1179 ,
2005 1126 2043 1168 δι
2057 1122 2189 1189 Beata·
2205 1120 2297 1163 Ela-¹

1321 1197 1461 1240 sabeth
1486 1191 1748 1236 festivitatum
1763 1188 1911 1232 diebus
1923 1215 1940 1238 ,
1953 1187 1978 1231 a
1992 1184 2134 1242 primis
2148 1178 2297 1248 yespe.

1320 1256 1379 1299 ris
1392 1283 1407 1307 ‚
1419 1257 1460 1297 δε
1473 1266 1545 1309 ρει·
1560 1261 1700 1294 totum
1715 1250 1825 1292 diem
1841 1244 2014 1303 ipsarum
2029 1240 2293 1286 festivitatum

1322 1312 1616 1372 quinquaginta
1633 1322 1759 1352 annos
1775 1336 1791 1361 ‚
1812 1306 2041 1350 &totidem
2064 1301 2300 1358 quadrage·

1325 1388 1410 1426 nas,
1425 1372 1580 1415 devote
1599 1368 1848 1413 vifitaverint
1862 1365 2089 1412 annuatim,
2100 1360 2141 1402 δι
2154 1369 2296 1424 manus

1325 1432 1378 1475 ad
1404 1426 1591 1486 praemiffa
1604 1455 1618 1477 ‚
1633 1437 1700 1469 aut
1713 1439 1856 1469 eorum
1881 1424 2018 1480 aliqua
2033 1423 2296 1485 porrexerint

1320 1490 1538 1542 adjutrices
1557 1514 1572 1536 ‚
1599 1486 1651 1528 de
1667 1483 1853 1537 injunctis
1874 1483 1931 1524 eis
1948 1480 2204 1535 poenitentiis
2218 1487 2299 1542 mt-

1323 1545 1586 1589 sericorditer
1598 1545 1637 1586 in
1658 1542 1839 1585 Domino
1850 1537 2300 1601 relaxamus,proescntt-

1324 1608 1398 1650 bus
1419 1604 1625 1661 perpetuis
1649 1597 1798 1646 suturis
1813 1601 2062 1656 temporibus
2077 1598 2266 1640 valituris
2277 1616 2294 1634 0

1442 1665 1496 1706 Et
1509 1688 1525 1711 ‚
1539 1671 1586 1705 ut
1603 1661 1883 1718 praedistorum
1914 1656 2233 1701 Proedicatorum
2258 1652 2299 1693 &

1325 1723 1531 1768 Minor-um
1544 1719 1747 1763 Ordinum
1764 1720 1925 1762 Fratres
1940 1715 2059 1760 tanto
2073 1711 2294 1757 ferventius

1322 1782 1475 1828 divinis
1489 1777 1751 1835 beneplacitis
1764 1776 1959 1828 inustam,
1974 1773 2131 1833 quanto
2147 1769 2301 1828 majori·

1325 1846 1400 1886 bus
1416 1838 1690 1898 spiritualibus
1705 1838 1742 1882 se
1760 1835 1936 1881 viderint
1951 1832 2092 1890 gratiis
2109 1827 2196 1871 fore
2213 1840 2301 1869 mu-

1325 1903 1434 1946 nitos
1451 1927 1463 1949 ,
1477 1898 1665 1941 omnibus
1678 1898 1720 1938 &
1742 1894 1906 1948 lingulis
1921 1892 2238 1933 Proedicatorum
2259 1886 2300 1929 dt

1327 1953 1744 2001 MinorumOrdinum
1760 1950 2039 2006 proedistorum
2055 1942 2304 1990 Professori-

1327 2017 1401 2058 bus
1414 2040 1429 2065 ,
1440 2012 1511 2069 qui
1525 2024 1630 2055 nunc
1646 2008 1735 2054 sunt
1750 2011 1790 2053 8(
1805 2022 1884 2066 pro
1898 2018 2085 2065 tempore
2102 2015 2302 2064 perpetuo

1326 2081 1467 2124 erunt,
1484 2080 1530 2115 ut
1544 2067 1760 2116 Confess'or
1772 2067 1945 2112 idoneus
1961 2065 2202 2112 eorumdem
2220 2066 2303 2108 ot·-

1327 2132 1497 2178 dinum,
1521 2142 1643 2186 quem
1658 2128 1834 2186 quilibet
1853 2142 1931 2183 pro
1951 2126 1993 2171 se
2018 2127 2072 2171 de
2094 2124 2154 2168 sui
2174 2124 2300 2182 Supe-

1327 2188 1448 2232 rioris
1475 2186 1646 2230 lieentia
1671 2184 1836 2228 duxerit
1847 2184 2083 2240 eligendum
2099 2210 2115 2235 ,
2136 2195 2302 2227 eorum·

1326 2247 1421 2290 dem
1437 2242 1685 2291 conscilione
1697 2242 1927 2299 diligenter
1939 2240 2077 2286 auditi
2094 2255 2172 2300 pro
2187 2255 2303 2285 com-

1329 2303 1446 2349 missis
1463 2318 1537 2361 per
1550 2317 1620 2348 eos
1639 2301 1860 2347 excessibus
1872 2304 1913 2346 &
1927 2302 2108 2359 peccatis
2123 2299 2242 2346 semel
2259 2300 2299 2343 in

1330 2365 1413 2409 vita
1439 2363 1478 2407 in
1506 2358 1636 2407 forma
1662 2359 1957 2406 confessionalis
1984 2376 2058 2419 per
2071 2364 2156 2405 Nos
2169 2360 2303 2412 edita,

1326 2426 1367 2468 δι
1389 2425 1429 2466 in
1457 2424 1599 2466 mortis
1619 2420 1799 2466 articulo
1823 2421 2047 2479 plenariam
2074 2419 2301 2464 absolutio·-

1327 2483 1486 2532 nem&
1499 2494 1765 2538 peccatorum
1780 2481 2007 2536 hujusmodi
2024 2478 2194 2524 remiilio
2204 2492 2300 2523 nem

1329 2540 1563 2600 impendere
1578 2543 1711 2584 valeat
1725 2567 1741 2591 ‚
1769 2541 1920 2584 etiamii
1950 2551 2046 2584 ante
2072 2539 2216 2583 factam
2230 2552 2300 2583 eo·

1329 2602 1519 2648 rumdem
1533 2600 1735 2645 Ordinum
1760 2597 2054 2644 Profeffionem
2079 2612 2148 2641 eos
2174 2596 2301 2642 dece·

1327 2664 1428 2710 dere
1451 2663 1706 2717 contingeret
1721 2689 1736 2712 ,
1749 2657 1938 2703 similibus
1954 2668 2071 2701 motu
2086 2685 2102 2712 ,
2131 2654 2296 2700 scientia

1328 2724 1369 2767 δι
1381 2722 1622 2766 aucloritate
1638 2717 1894 2775 indulgemus
1908 2746 1920 2761 .

1436 2780 1688 2825 facultatem
1705 2778 1837 2822 veros
1854 2772 2214 2823 Proedeceil'oribus
2230 2790 2303 2820 no-

1332 2838 1419 2887 stris
1438 2837 1660 2884 conceil'am
1677 2837 1869 2894 Magistro
1890 2836 2086 2882 Generali
2098 2863 2112 2885 ,
2126 2836 2168 2878 δι
2187 2835 2302 2881 Prio-

1331 2903 1439 2946 ribus
1456 2930 1471 2952 ,
1501 2897 1820 2945 Provincialibus
1848 2897 1890 2940 Gt
1916 2896 2301 2945 conventualibus,

1331 2975 1377 3005 ac
1390 2973 1533 3004 eorum
1551 2957 1721 3003 Vicariis
1739 2956 2082 3001 Proedicatorumt
2110 2954 2149 2999 ει
2162 2955 2303 2998 Gene-

1333 3020 1405 3066 rali
1428 3035 1473 3064 ac
1495 3016 1816 3064 Provincialibus
1829 3015 2022 3061 Ministris
2048 3027 2094 3059 ac
2115 3026 2296 3059 eorum-0

1334 3077 1511 3125 vicariis
1523 3108 1538 3131 ,
1551 3090 1715 3122 necnon
1728 3073 1974 3121 custodibus
1987 3074 2196 3120 Minorum
2215 3072 2299 3115 Or-

1335 3153 1429 3184 num
1456 3138 1734 3196 pradietorum
1763 3135 1879 3192 super
1916 3132 2176 3179 absolutione
2203 3131 2303 3175 Fra·

1334 3211 1445 3244 trum
1474 3195 1712 3244 eorumdem
1737 3193 1939 3239 ordinum
1953 3192 2141 3241 litorum,
2165 3190 2203 3234 δι
2219 3189 2300 3233 dis-

1336 3260 1569 3317 pensatione
1603 3268 1698 3301 cum
1729 3252 1878 3299 eisdem
1903 3251 1945 3298 in
1981 3249 2299 3310 quibuscumque

1338 3317 1493 3364 casibus
1504 3318 1799 3378 (preterquam
1821 3312 1861 3357 in
1875 3311 1975 3365 illis,
1985 3324 2061 3369 pro
2085 3310 2229 3368 quibus
2243 3305 2301 3352 es·

1336 3377 1422 3423 sent
1449 3376 1503 3424 ad
1531 3376 1677 3424 sedem
1710 3369 1987 3431 Apostolicam
2016 3367 2300 3429 mittendi)&

1335 3452 1408 3495 per
1423 3441 1510 3482 Nos
1523 3434 1780 3495 approbatam
1792 3458 1808 3485 ,
1821 3443 1915 3475 cum
1937 3428 2220 3475 declaratione
2235 3441 2301 3472 ca-

1333 3497 1544 3557 suum,pro
1561 3494 1703 3553 quibus
1716 3490 1907 3535 mittendi
1918 3486 2300 3548 sunt‚perilringen·

1334 3567 1396 3602 tes
1410 3585 1427 3611 ‚
1459 3555 1644 3601 volumus
1661 3577 1676 3602 ‚
1726 3548 1806 3594 uod
1830 3549 2017 3607 Magister
2046 3552 2083 3595 δι
2116 3547 2299 3593 Minister

1331 3615 1554 3662 Genersles
1567 3609 1707 3670 prnsat
1728 3637 1742 3664 ,
1753 3610 1795 3654 dt
1807 3621 1947 3654 eorum
1966 3608 2144 3660 vicarii,
2157 3610 2198 3652 ει
2220 3604 2300 3659 illi,

1329 3675 1474 3734 quibus
1507 3672 1533 3717 ii
1556 3668 1737 3728 Magister
1753 3698 1768 3722 ,
1791 3669 1833 3714 δι
1863 3669 2045 3714 Minister
2068 3666 2296 3715 Generales

1333 3747 1408 3792 prn
1428 3742 1616 3790 tempore
1639 3728 1679 3773 id
1707 3726 1898 3774 duxerint
1929 3726 2270 3774 committendum
2286 3754 2301 3778 ,

1329 3794 1526 3839 duntaxat
1547 3819 1561 3845 ‚
1573 3791 1613 3835 δι
1630 3803 1712 3836 non
1726 3788 1794 3834 alii
1817 3787 2014 3834 facultate
2044 3782 2232 3848 predicti
2246 3783 2298 3828 dc

2167 3858 2242 3889 επ·
