2444 4192
911 113 1071 196 Sub
1133 110 1347 200 Sixto
1415 114 1517 202 V·

212 257 411 315 Papofiti
443 254 547 298 viam
569 252 692 298 client
716 254 907 298 universae
937 261 1068 300 carnis
1099 261 1162 301 in-

214 316 328 380 greffi
339 344 353 366 ,
371 317 456 357 Nos
466 315 596 369 primo
609 312 700 357 anni
717 311 930 367 superioris
949 316 1102 367 mense,
1120 318 1161 358 in

214 373 461 421 Conlistorio
488 372 626 416 nostro
649 370 800 415 secreto
825 368 926 411 alios
953 372 994 412 in
1021 387 1159 414 eorum

210 435 343 478 locum
357 428 577 474 suffecimus
592 457 606 481 ,
620 430 768 487 pietate
782 456 796 480 ,
810 427 1027 483 prudentia
1039 458 1054 480 ,
1066 445 1158 472 eru-

211 491 390 539 ditione,
406 488 486 532 flde
503 491 632 533 Nobis
646 487 861 544 probatos,
874 485 1006 527 adhuc
1031 497 1162 528 autem

208 551 248 591 δι
261 562 424 591 numero
438 548 569 605 plures
584 547 781 604 prioribus
796 573 812 597 ,
825 543 921 586 utin
939 543 1053 600 gravi
1065 557 1162 584 cau-

211 611 247 650 sa
259 635 274 658 ,
299 606 492 664 prudenti
518 607 739 650 multorum
760 602 940 660 gravium
977 601 1159 644 virorum

204 665 362 717 judicio
384 665 591 715 adhibito,
614 667 755 707 cuneta
779 660 1008 719 exquifititis
1034 673 1159 702 excu-

208 735 414 768 terentur.
431 724 485 767 Hi
501 726 596 768 vero
610 721 721 766 suere
736 735 847 764 more
872 719 1070 775 majorum
1083 747 1098 771 ‚
1111 731 1164 760 ex

203 784 334 826 tribus
345 783 555 826 ordinibus
571 781 710 826 delecti
724 779 985 823 Venerabiles
999 780 1162 821 Fratres

200 841 385 898 Episcopi
390 839 824 891 ,Alexander-Ostiensis
831 836 1164 889 Farnefius,Mar-

200 914 271 942 cus
289 900 496 942 Antonius
515 899 772 944 Praenestinus
786 898 993 941 Columna
1005 924 1021 947 ,
1044 897 1083 938 δι
1097 896 1163 939 di·

199 958 293 1001 leat
313 957 385 1000 filii
410 957 533 1001 nostri
552 962 694 1003 Frater
710 956 885 1002 Michael
910 957 1056 998 saneta
1071 958 1160 999 Ma-

198 1018 265 1060 riae
289 1016 407 1073 supra
426 1018 657 1062 Minervam
682 1015 977 1061 Alexandrinus
993 1044 1009 1066 ,
1027 1014 1158 1071 Julius

198 1076 402 1120 Antonius
419 1077 549 1118 Sancti
565 1075 850 1121 Bartholomaei
865 1074 904 1118 iu
918 1072 1050 1117 Insula
1065 1076 1157 1117 San-

201 1135 271 1176 61ae
282 1134 481 1178 Severinae
498 1162 513 1183 ‚
531 1135 734 1177 Antonius
748 1134 930 1189 ss-Jo.&
946 1132 1059 1176 Pauli
1076 1137 1158 1175 Ca·

195 1192 312 1242 rafa,
336 1193 479 1234 Frater
505 1192 765 1234 Constantius
788 1192 916 1232 Sancti
946 1191 1055 1234 Petri
1081 1191 1154 1235 in.»

197 1252 343 1294 Monte
359 1250 497 1291 Aureo
512 1248 729 1291 titulorum
761 1248 993 1303 Presbyteri
1008 1253 1154 1291 Sarna·

205 1322 279 1351 uus
292 1333 307 1356 ,
322 1307 598 1350 Ferdinandus
616 1308 764 1348 Sant‘tae
779 1306 917 1348 Maria:
944 1307 984 1348 in
1002 1306 1078 1347 Via
1096 1305 1155 1346 la·

199 1377 240 1411 ta
254 1367 306 1410 de
321 1364 495 1410 Medicis
513 1394 527 1418 ‚
542 1367 580 1408 δι
596 1366 874 1420 Hieronymus
902 1367 1049 1409 Sancta
1067 1366 1155 1406 Ma·

198 1425 263 1468 rie
281 1425 324 1482 in
338 1423 560 1469 cosmedin
576 1422 992 1480 Diaconi,Matthaejus
1003 1435 1157 1466 nuncu-

173 1504 185 1516 ·
199 1492 316 1540 patus
331 1482 374 1524 S.
393 1484 444 1526 R.
463 1485 512 1527 E.
525 1481 765 1526 Cardinales
777 1483 943 1537 ,quibus
957 1480 1158 1524 commili-

201 1555 291 1585 mus
306 1570 319 1594 ,
331 1550 375 1583 ut
391 1555 469 1597 pro
481 1542 542 1585 rei
563 1541 782 1599 gravitate,
806 1553 958 1596 proque
984 1555 1031 1584 ea
1045 1567 1060 1590 ,
1075 1551 1158 1597 quae

201 1603 297 1645 Deo
309 1600 496 1643 cordium
513 1599 783 1650 scrutatori,&
799 1600 927 1642 Nobis
939 1602 1157 1657 quoque„

207 1662 249 1704 in
262 1657 459 1714 ejusmodi
474 1658 640 1713 publico
652 1670 816 1699 munere
830 1658 1022 1701 obeundo
1037 1661 1060 1703 a
1075 1659 1156 1711 pri-

198 1717 332 1763 mariis
347 1716 531 1760 Ecclefioe
546 1715 730 1759 membris
743 1714 917 1760 fidelitas
930 1718 969 1759 δι
986 1716 1156 1774 diligen-

200 1778 256 1820 tia
270 1775 488 1818 deberetur
501 1804 518 1827 ,
538 1778 623 1818 aaa
637 1775 688 1818 dc
702 1774 797 1819 fidei
820 1775 1055 1832 integritate
1067 1803 1081 1826 ,
1098 1777 1158 1818 vi·

203 1844 245 1878 ta
257 1862 273 1885 ,
287 1833 468 1876 moribus
481 1859 496 1882 ,
509 1836 547 1876 δι
558 1833 764 1877 miraculis
781 1836 824 1878 Β.
843 1835 1058 1888 Didaci‚&
1071 1837 1158 1879 Au-

194 1893 385 1949 ditorum
397 1891 621 1935 nostrorum
633 1892 891 1943 relationem,
905 1905 1057 1951 quanta
1073 1908 1156 1936 ma·

206 1951 314 1995 xima
342 1946 428 1993 fieri
454 1948 582 2006 polset
595 1976 610 1999 ,
622 1950 837 2006 diligentia
853 1952 1092 2008 inspicerent
1117 1953 1159 1993 &-

203 2007 497 2067 expenderent,
510 2018 630 2065 atque
645 2009 692 2052 ad
709 2011 796 2052 Nos
811 2020 1046 2067 opportuno
1056 2020 1163 2053 tem·

201 2081 304 2126 pore
335 2065 532 2111 referrent
555 2095 571 2120 ,
599 2077 644 2112 ut
667 2065 807 2110 divina
838 2068 1011 2123 Spiritus
1033 2067 1160 2113 Sancti

201 2125 331 2183 gratia
357 2125 544 2170 illustrati
561 2151 576 2174 ,
607 2125 659 2168 de
672 2125 899 2180 ipsorum&
919 2138 1161 2171 caeterorum

201 2187 390 2228 Fratrum
415 2181 642 2225 nostrorum
666 2181 858 2234 confilio,
884 2201 970 2240 quae
983 2186 1058 2226 Dei
1075 2184 1160 2236 glo·

197 2242 292 2293 riae,
317 2241 387 2296 qui
405 2238 545 2293 justitia
558 2240 599 2280 δι
614 2238 766 2283 veritas
779 2240 834 2283 est
848 2272 863 2295 ‚
887 2242 1158 2287 consentanea

198 2299 361 2347 forent,
375 2298 606 2343 deliberare
625 2295 821 2354 poliemus
838 2331 850 2344 .
880 2302 1021 2347 Multis
1036 2301 1158 2357 igitur

197 2353 332 2415 elapsis
347 2358 656 2409 menfibus,cum
670 2357 824 2401 interea
838 2360 1074 2406 Cardinales
1090 2360 1157 2415 ipsi

196 2417 430 2474 frequenter
442 2425 821 2473 congregarentur,
851 2422 968 2470 aaa,
996 2418 1158 2477 proces-

195 2475 260 2521 sus
273 2502 288 2525 ,
306 2488 440 2521 rerum
453 2474 648 2532 gestarum
663 2474 804 2519 seriem
818 2506 832 2529 ,
855 2480 970 2524 testes
983 2508 997 2531 ,
1024 2477 1151 2532 fingu-

195 2535 235 2580 la
249 2534 422 2592 denique
437 2534 488 2578 ad
508 2533 710 2578 sacrorum
740 2537 956 2583 canonum
979 2537 1155 2594 prascri-

194 2603 311 2651 ptum
351 2592 508 2637 mature
537 2594 578 2635 δι
607 2593 796 2639 accurate
829 2597 1157 2645 conciderarent,

194 2652 499 2704 examinarent,
529 2660 652 2708 atque
685 2654 792 2697 inter
822 2656 862 2701 se
890 2655 1156 2705 conferrent,

196 2713 321 2755 Viros
344 2709 466 2752 etiam
494 2712 625 2753 sacre
644 2712 878 2769 Theologioe
892 2718 932 2759 δι
950 2714 1155 2760 Pontificii

195 2769 292 2826 juris
317 2767 482 2811 scientia
515 2767 770 2821 peritissimos
791 2771 830 2813 in
845 2774 1055 2819 confilium
1079 2773 1153 2816 ad·

197 2827 415 2878 biberent3
440 2837 534 2869 cum
562 2825 642 2883 jam
667 2828 807 2872 omnia
830 2840 968 2886 parata
988 2830 1064 2878 else
1093 2832 1152 2874 in·

198 2885 474 2940 telligeremus
494 2908 510 2934 ,
525 2883 720 2928 secretum
733 2888 1019 2934 Confissorium
1043 2889 1153 2937 ἀι..)

197 2957 312 2988 more
341 2941 562 2985 convocari
585 2942 787 2999 jussimus,
811 2947 851 2991 in
875 2962 960 3005 quo
974 2951 1155 2993 Venera-

196 3003 293 3047 bilis
318 3003 460 3045 Frater
485 3001 621 3046 noster
639 3005 800 3047 Marcus
826 3006 1022 3051 Antonius
1039 3005 1154 3060 Epis-

198 3073 327 3118 copus
339 3059 571 3103 cardinalis
594 3061 872 3117 Praenestinns‚
885 3066 956 3109 suo
968 3065 1155 3111 &Colle-

198 3133 367 3178 garum,
397 3119 466 3176 qui
498 3118 646 3163 ibidem
676 3119 896 3168 affidebant
918 3150 935 3174 ,
965 3123 1155 3178 nomine,

189 3207 195 3216 -
227 3179 309 3222 ravi
324 3178 679 3223 &accommodata
703 3182 887 3228 oratione
905 3181 958 3226 de
969 3181 1155 3231 omnibus

228 3236 377 3282 delitet
391 3237 521 3280 Nobis
535 3238 674 3282 retulit
689 3267 704 3290 ‚
716 3241 858 3295 quibus
871 3240 1081 3298 explicatis
1103 3242 1155 3286 ad

202 3305 423 3339 extremum
440 3295 573 3349 dixit3
594 3297 921 3357 quandoquidem
953 3301 999 3342 Β.
1012 3300 1156 3345 Didaci

195 3349 298 3395 fidei
317 3354 529 3411 integritas
548 3383 563 3407 ,
579 3356 749 3412 egregia
764 3359 934 3404 virtutes
946 3386 963 3408 ,
993 3360 1153 3414 precla-

205 3423 252 3451 ra
271 3411 311 3452 δι
334 3412 497 3468 insignia
513 3415 707 3459 miracula
720 3418 876 3473 optime
903 3414 1025 3461 essent
1040 3432 1154 3461 com·

207 3469 402 3523 probata,
428 3468 467 3515 se
494 3473 743 3530 &Collegas
771 3476 857 3521 suos
879 3476 1084 3521 unanimes
1113 3477 1154 3521 in

206 3539 292 3568 eam
307 3524 538 3573 sententiam
553 3533 698 3576 venisse
709 3533 762 3588 (fi
779 3536 835 3580 ita
849 3535 979 3580 Nobis
996 3535 1176 3579 videre--

205 3583 304 3640 tur)
333 3583 499 3650 niteriiis
529 3595 616 3635 Nos
630 3595 851 3649 progredi,
880 3596 1099 3638 &Beatum
1112 3595 1159 3639 il.

207 3643 291 3685 lum
319 3643 460 3709 yirum
478 3646 517 3688 in
547 3652 780 3696 Sanetorum
810 3667 982 3697 numero
1010 3651 1157 3709 possea

207 3701 459 3745 adscribere:
476 3716 648 3767 quorum
673 3723 765 3754 cum
779 3710 972 3759 sententia
990 3714 1151 3758 etiam-2

1952 143 1991 219 3
2012 151 2052 193 0
2072 145 2112 223 3

1221 265 1359 305 caeteri
1386 265 1550 306 Fratres
1568 257 1691 302 nostri
1706 256 2057 311 Cardinales,cum
2072 269 2092 307 i
2110 268 2184 309 sm.

1219 319 1324 372 gulis
1339 333 1482 372 graves
1495 316 1703 360 sententia
1717 313 1832 355 distae
1846 315 1986 367 effent,
1998 323 2048 363 ad
2061 337 2184 369 unum

1218 388 1360 416 omnes
1384 372 1663 416 consenserunt
1678 397 1690 411 .
1721 373 1824 425 Quae
1847 386 1937 415 cum
1952 376 2181 423 audiremus

1217 430 1396 484 gaudens
1413 439 1502 471 erat
1517 442 1591 470 cor
1605 427 1786 470 nostrum
1800 429 1839 469 in
1858 432 2032 472 Domino
2044 461 2056 482 ,
2070 437 2182 487 quod

1223 489 1338 530 Beati
1346 487 1460 528 Servi
1474 485 1528 527 sui
1543 485 1716 540 gloriam
1731 485 1917 540 quotidie
1931 491 2055 543 magis
2070 504 2187 544 pate-

1223 542 1404 596 faceret,
1428 545 1646 600 omniaque
1676 543 1761 601 ipso
1788 545 2054 588 benedicente
2071 559 2184 593 tarn,

1221 602 1401 647 feliciter
1427 605 1727 659 procederent:
1758 605 1901 660 Quare
1928 605 1969 646 iu
1999 615 2080 646 tam
2100 608 2188 647 san-

1218 666 1285 706 Cto
1302 692 1317 715 ,
1343 664 1495 719 pioque
1514 677 1637 719 opere
1662 663 1763 705 nihil
1782 665 1950 706 omnino
1963 662 2182 706 neceffariae

1223 721 1444 779 diligentiae
1460 722 1844 780 praetermittentes,
1876 736 1926 765 ex
1944 735 2055 765 more
2079 720 2189 764 insti-

1224 792 1400 838 tutoque
1418 781 1615 838 majorum
1630 780 1890 825 decrevimus
1903 811 1920 832 ,
1944 791 1989 824 ut
2014 780 2064 824 ad
2080 780 2188 823 ulte-

1224 843 1330 886 riora
1346 842 1665 896 procederetur,
1697 854 1742 881 ac
1770 839 1910 883 diebus
1935 840 2093 896 aliquot
2124 840 2189 882 in·

1222 902 1424 957 terpofitis
1440 898 1935 956 publicumConfistorium
1949 899 2188 949 indiximus,

1218 962 1259 1004 in
1277 974 1359 1016 quo
1382 971 1523 1016 praeter
1537 956 1774 1002 Cardinales
1788 957 1910 1000 etiam
1925 958 2184 1006 Patriarchae,

1219 1018 1521 1076 Archiepiscopi
1536 1047 1551 1068 ,
1577 1015 1780 1072 Episcopi,
1799 1018 1837 1058 δι
1858 1017 2016 1059 Praelati
2030 1030 2184 1063 omnes,

1217 1094 1262 1123 ae
1282 1079 1509 1123 Familiares
1537 1076 1661 1119 nostri
1683 1076 1735 1118 de
1749 1088 1864 1118 more
1883 1074 2153 1118 interfuerunt
2167 1100 2182 1113 .

1217 1142 1263 1182 In
1281 1154 1333 1182 eo
1358 1139 1458 1182 vero
1472 1134 1646 1180 dilectus
1675 1132 1780 1177 filius
1808 1134 2024 1190 Pompeius
2040 1132 2186 1188 Arigo·

1216 1198 1302 1241 nius
1332 1201 1537 1242 Romanus
1568 1192 1684 1236 Aulae
1722 1191 1863 1236 nostrae
1891 1190 2187 1237 Confistorialis

1215 1256 1451 1300 Advocatus
1485 1253 1679 1297 disertam
1713 1253 1942 1295 orationem
1972 1251 2113 1295 habuit
2133 1250 2187 1293 de

1216 1315 1307 1357 vitae
1330 1314 1565 1359 sanffitate,
1597 1311 1716 1354 rebus
1740 1311 1885 1365 gestis,
1910 1312 1951 1352 δι
1979 1308 2186 1351 miraculis

1217 1375 1261 1416 B.
1287 1372 1458 1421 Didaci,
1484 1368 1712 1424 &denique
1728 1367 1936 1410 Catholici
1953 1368 2102 1420 Regis,
2127 1377 2189 1408 to-

1217 1432 1373 1486 tiusque
1387 1428 1587 1486 Hispani:
1598 1428 1764 1469 nomine
1775 1454 1788 1476 ,
1810 1436 1857 1468 ut
1872 1425 2045 1468 eundem
2061 1426 2186 1468 8.ῢί-

1217 1490 1365 1535 daeum
1380 1489 1503 1534 tantis
1526 1484 1680 1528 meritis
1706 1483 1899 1528 illustrem
1914 1487 2187 1528 Sanctorum„

1217 1563 1388 1592 numero
1422 1557 1734 1604 aggregat-emus
1762 1572 1777 1596 ,
1815 1544 1947 1588 Nobis
1975 1543 2182 1586 humiliter

1219 1607 1461 1663 supplicavit
1479 1635 1491 1647 .
1522 1602 1812 1646 Gaudebamus
1838 1604 1960 1646 etiam
1987 1603 2064 1645 hoc
2092 1601 2188 1644 loco

1218 1669 1256 1710 in
1273 1667 1479 1716 Domino,
1494 1666 1532 1706 in
1548 1659 1663 1716 cujus
1680 1674 1796 1702 manu
1808 1676 1879 1704 cor
1893 1661 2019 1715 Regis
2046 1661 2101 1704 est
2119 1689 2133 1711 ‚
2147 1661 2187 1702 δι

1217 1738 1473 1783 quocumque
1496 1720 1700 1769 voluerit,
1727 1720 1896 1763 inclinat
1921 1720 2025 1765 illud
2042 1746 2054 1760 .
2090 1721 2190 1762 Ete-

1219 1786 1300 1828 nim
1313 1783 1434 1833 plane
1450 1780 1706 1825 videbamus,
1721 1792 1801 1820 non
1816 1779 1894 1823 fine
1905 1778 2188 1823 divinoinliin-

1216 1847 1281 1887 &u
1298 1842 1383 1886 fieri
1401 1869 1415 1890 ,
1427 1840 1536 1896 quod
1554 1835 1796 1881 catholicus
1815 1839 1903 1880 Rex
1918 1864 1932 1886 ,
1948 1836 2013 1879 cui
2033 1836 2187 1877 multo·

1220 1917 1309 1947 rum
1329 1904 1568 1956 Regnorum
1595 1894 1817 1950 gravissima
1849 1893 2143 1937 administratio
2166 1892 2188 1932 a

1221 1965 1311 2005 Deo
1322 1960 1380 2002 est
1392 1958 1543 2002 tradita
1555 1982 1571 2004 ,
1597 1954 1748 2008 quique
1773 1962 1837 1997 tot
1855 1968 1904 1999 cu
1911 1966 2044 1997 rarum
2059 1964 2187 1997 onere

1222 2018 1439 2073 premitur,
1451 2023 1568 2056 tanto
1579 2011 1728 2054 ardore
1744 2011 1784 2052 in
1800 2010 1879 2055 boc
1896 2014 1939 2055 Β.
1954 2011 2101 2054 Didaci
2118 2025 2188 2059 ne·

1221 2076 1337 2132 gotio
1352 2070 1598 2116 absolvendo
1612 2066 1865 2119 versaretur,
1896 2079 1941 2111 ut
1972 2070 2013 2110 in
2039 2068 2188 2123 magnis

1220 2146 1447 2186 temporum
1462 2126 1771 2173 difficultatibus
1788 2125 1824 2168 se
1838 2155 1853 2176 ,
1885 2124 2027 2182 suaque
2046 2128 2186 2182 Regna

1218 2192 1323 2245 apud
1342 2194 1473 2232 Deum
1491 2189 1586 2229 novi
1604 2186 1767 2227 Patroni
1785 2183 1972 2241 suffragiis
1998 2186 2038 2227 δι
2054 2186 2116 2240 pie
2145 2185 2186 2226 ἃ.

1218 2250 1443 2304 prudenter
1456 2244 1725 2289 communiret
1740 2256 1752 2285 :
1767 2257 1888 2298 quare
1905 2244 2186 2299 respondimus

1222 2307 1398 2364 Philippi
1416 2305 1539 2358 Regis
1551 2302 1760 2345 Catholici
1793 2301 1845 2343 de
1874 2303 2092 2346 B.Didaco
2111 2316 2187 2344 no-

1220 2369 1321 2418 stra,
1336 2368 1377 2410 δι
1393 2362 1632 2419 Apostolicae
1646 2361 1759 2404 Sedis
1778 2363 2019 2408 austeritate
2034 2363 2073 2404 in
2086 2363 2187 2404 San-

1217 2428 1287 2470 ctis
1299 2422 1580 2471 adscribendo,
1591 2432 1672 2465 tam
1686 2420 1921 2464 diuturnam
1946 2423 1987 2464 δι
2002 2418 2187 2476 perseve-

1214 2495 1372 2529 rantem
1388 2480 1703 2540 postulationem
1718 2478 1883 2535 dignam
1910 2478 1983 2522 effe
1999 2478 2184 2533 lingulari

1217 2545 1302 2598 eius
1332 2544 1482 2599 pietate
1497 2567 1512 2591 ,
1542 2540 1703 2594 dignam
1735 2549 1939 2594 perpetuo
1962 2535 2184 2580 Catholicae

1218 2601 1447 2658 Religionis
1479 2596 1742 2655 propagandae
1757 2597 1886 2641 studio
1904 2609 1920 2649 3
1935 2596 2059 2639 laetari
2079 2596 2183 2646 Nos,

1215 2666 1252 2707 &
1273 2665 1363 2706 Deo
1390 2658 1541 2716 gratias
1570 2671 1716 2712 agere,
1737 2657 1848 2713 quod
1875 2658 2022 2700 Beatos
2050 2652 2182 2697 servos

1216 2723 1305 2765 suos
1318 2749 1333 2773 ‚
1347 2734 1448 2777 quos
1462 2717 1502 2761 in
1516 2716 1651 2761 Coelis
1666 2724 1864 2765 coronat,
1898 2715 1919 2757 ai
1937 2715 2067 2758 nostra
2081 2727 2180 2770 quo·

1215 2776 1551 2837 quetenuitatein
1573 2776 1713 2820 Terris
1732 2774 1924 2820 honorari
1941 2775 2039 2817 velit
2057 2800 2072 2825 ,
2092 2771 2181 2815 eos-

1210 2853 1289 2895 que
1303 2837 1435 2880 Nobis
1447 2835 1498 2879 ad
1511 2834 1703 2877 auxilium
1730 2835 1770 2876 δι
1786 2832 2015 2888 exemplum
2030 2845 2180 2887 propo—

1215 2897 1359 2941 nattsst
1375 2898 1461 2938 Nos
1477 2891 1639 2950 quidem
1653 2891 1704 2934 ad
1723 2891 1830 2946 pium
1845 2889 1930 2943 ejus
1943 2890 2180 2934 defiderium

1215 2953 1463 3010 explendum
1475 2948 1752 3007 propensiores
1768 2945 1843 2991 effe
1855 2975 1872 2998 ‚
1902 2946 2035 2991 facere
2049 2958 2182 2990 tamen

1214 3014 1272 3057 rei
1289 3010 1521 3068 gravissimae
1536 3006 1854 3063 magnitudinem
1869 3032 1884 3055 ,
1911 3013 1957 3047 ut
1987 3004 2039 3047 de
2051 3004 2180 3060 Regia

1215 3070 1418 3128 petitione
1433 3068 1564 3110 adhuc
1579 3078 1672 3109 cum
1691 3065 1896 3109 Fratribus
1922 3062 2066 3106 nostris
2076 3067 2180 3106 Car-

1215 3127 1416 3173 dinalibus
1427 3127 1468 3168 &
1480 3123 1685 3181 Episcopis
1698 3123 1823 3167 etiam
1835 3133 1956 3177 atque
1971 3122 2093 3164 etiam
2105 3120 2178 3164 de·

1217 3185 1475 3232 liberandum
1489 3182 1756 3239 censeremus:
1770 3196 1894 3239 quare
1905 3179 2062 3224 eosdem
2082 3181 2178 3223 Fra—

1218 3258 1298 3291 tres
1313 3244 1467 3288 hortati
1482 3242 1612 3287 sumus
1628 3270 1642 3294 ,
1655 3252 1699 3285 ut
1714 3242 1847 3284 omnia
1861 3269 1874 3291 ‚
1905 3252 1990 3295 quae
2004 3239 2055 3281 ad
2074 3239 2175 3281 hanc

1214 3304 1370 3349 caulam
1385 3303 1634 3360 pertinerent
1649 3329 1663 3351 ,
1680 3297 1980 3355 diligentissime
1993 3296 2176 3342 confide-

1215 3372 1379 3413 rai-ent,
1394 3361 1583 3417 quodque
1597 3364 1684 3404 Nos
1711 3360 1777 3414 ipfi
1793 3358 1869 3414 jam
1884 3358 2039 3414 pridem
2055 3354 2176 3405 sacie-

1214 3425 1356 3467 bamus
1370 3450 1386 3474 ,
1403 3424 1536 3465 Deum
1546 3431 1789 3474 magnopere
1803 3425 1999 3464 orarent,
2012 3425 2057 3462 ut
2078 3429 2176 3458 cor·

1215 3482 1267 3524 da
1279 3480 1409 3524 nostra
1423 3479 1494 3524 suo
1507 3479 1660 3522 lumine
1673 3476 1925 3519 collustraret
1937 3504 1952 3528 ,
1964 3485 2172 3530 totamque

1217 3541 1320 3582 hanc
1345 3537 1543 3580 actionem
1568 3534 1620 3577 ad
1647 3536 1671 3576 s
1664 3535 1702 3575 ui
1719 3534 1890 3589 gloriam
1924 3536 1965 3577 δι
1991 3532 2171 3577 Ecclefia:

1219 3597 1439 3639 utilitatem
1454 3593 1732 3649 disponeret&
1745 3592 1955 3648 dirigeret.
1970 3595 2065 3638 Haec
2080 3604 2169 3633 cum

1216 3653 1338 3699 effent
1352 3655 1461 3700 aeta,
1488 3652 1662 3696 alterum
1689 3654 1786 3695 item
1800 3653 2094 3697 Confiliorium.
2116 3649 2165 3690 se·

1215 3723 1374 3758 cretum
1387 3711 1602 3757 indiximus
1614 3739 1631 3765 ,
1660 3710 1699 3757 in
1709 3724 1840 3769 eoque
1853 3713 1974 3757 etiam
1991 3707 2167 3805 Platriar-

1995 3781 2016 3807 c
2049 3777 2086 3805 as
2099 3789 2113 3812 ,
