2444 4192
728 187 912 272 Sub
956 187 1348 272 Benediblo
1395 185 1500 269 Χ
1521 163 1673 268 III.

1974 185 2143 294 '483
2191 337 2195 341 Π

898 454 902 457 .
936 392 1218 436 Decidendum
1242 393 1369 448 igitur
1395 393 1474 435 erit
1490 422 1504 434 .

355 514 421 555 An
437 510 600 554 Fratres
616 506 801 564 capucini
813 512 1021 548 teneantur
1032 507 1190 550 tradere
1208 506 1384 549 Parocbis
1398 508 1602 562 ,Quartam
1613 516 1712 548 τινα
1723 504 1885 562 accense
1912 506 1956 545 In
1982 504 2225 561 affin-iamne

239 571 468 615 cadaverum
480 597 495 622 ,
512 582 596 626 quc
608 567 794 610 adcorum
811 562 1013 618 Ecclestam
1030 564 1264 606 tumulanda
1272 563 1507 620 deseruntur
1521 590 1537 612 ,
1560 561 1614 611 <9·
1627 562 1921 606 interciciorum
1935 590 1949 614 ,
1975 575 2063 617 que
2090 575 2224 616 accerst

242 631 389 673 duntur
402 631 508 671 circa
520 627 685 670 cadaver
691 624 734 667 in
742 633 872 665 eorum
885 621 1050 676 Ecclesia
1063 620 1272 676 expositum
1281 626 1324 662 in
1332 621 1423 676 casia
1440 620 1524 667 &a

353 746 432 791 Die
447 743 693 803 PrimaJunii
713 752 760 791 17
763 751 833 795 37.
845 736 867 780 ἃ
881 741 1006 782 Sacra
1019 736 1352 795 Congregatione
1367 736 1548 779 Concilii
1560 735 1788 793 responsum
1808 737 1885 782 fuit
1895 764 1910 787 2
1924 750 1971 780 ac
1985 734 2161 779 decisum
2173 765 2187 778 .

470 857 724 904 Affirmative
737 858 815 898 &c-

356 982 495 1024 Mente
509 978 622 1021 firma
631 984 762 1020 autem
777 975 906 1017 lector
920 971 1094 1016 retineat
1111 1000 1126 1023 ‚
1150 971 1258 1028 quod
1275 970 1355 1013 boec
1370 969 1627 1014 Benedictina
1644 971 1896 1015 constitutio
1914 971 1996 1013 loca
2011 977 2126 1014 extra
2145 973 2229 1014 lta-

239 1039 332 1082 liam
347 1040 386 1081 &
405 1039 553 1082 Insulas
569 1036 796 1093 adjacentes
811 1046 894 1075 non
916 1030 1196 1087 apprehendat
1211 1059 1226 1083 ,
1239 1031 1279 1072 8(
1293 1029 1465 1087 proinde
1478 1027 1689 1086 privilegia
1706 1031 1757 1071 ibi
1775 1030 1923 1073 ordini
1943 1031 2196 1072 Minoritano
2209 1056 2226 1079 ‚

239 1097 304 1141 vel
317 1096 404 1141 aliis
419 1095 692 1153 Regularibus
709 1093 730 1135 a
743 1091 848 1135 Sede
864 1089 1098 1147 Apostolica
1114 1087 1419 1132 conceffaillaesa
1432 1088 1633 1145 persistant
1646 1117 1662 1139 ,
1695 1089 1749 1130 ita
1765 1099 1811 1131 ut
1829 1091 1925 1131 RR.
1940 1088 2035 1130 DD.
2053 1086 2225 1130 Pan-ochi

237 1164 383 1198 contra
396 1170 443 1198 ca
457 1160 801 1210 agentes‚notatas
817 1150 857 1192 in
867 1149 1163 1193 Constitutione
1178 1148 1279 1193 Sixti
1296 1148 1800 1204 1V.incipienteRegim1ni
1815 1148 1904 1191 latae
1923 1145 2127 1190 sententie
2138 1158 2230 1200 poe·

238 1227 309 1254 nas
324 1214 565 1255 contrabant
578 1240 595 1263 ‚
615 1212 653 1252 δι
665 1208 895 1264 exemplum
910 1207 1170 1261 superiorum
1186 1206 1448 1261 Regularium
1462 1232 1477 1256 ,
1505 1206 1573 1262 qui
1593 1208 1660 1249 vel
1678 1220 1747 1262 per
1762 1221 1902 1250 eorum
1931 1205 2200 1261 ignorantiam
2216 1230 2232 1254 ,

237 1270 408 1313 velalias
425 1283 494 1324 per
508 1270 694 1310 timorem
704 1276 888 1321 quartam
901 1265 1118 1319 aliquando
1137 1264 1341 1308 solvissent
1359 1293 1373 1316 ,
1399 1268 1446 1308 iis
1462 1278 1542 1307 non
1558 1264 1821 1321 praejudicet,
1850 1280 1940 1309 cum
1970 1262 2086 1320 pauci
2119 1265 2227 1304 aetus

237 1340 319 1369 non
340 1326 531 1368 inducant
545 1323 721 1378 legalem
735 1321 1060 1364 confitetudinem
1074 1347 1089 1370 ‚
1110 1324 1149 1363 &
1168 1323 1448 1366 Monaiierium
1476 1337 1622 1375 unum,
1640 1324 1854 1380 privilegio
1879 1324 2003 1367 totius
2031 1320 2197 1364 Ordinis
2212 1347 2229 1371 ,

238 1386 352 1442 quale
364 1385 418 1426 est
438 1381 541 1426 illud
556 1390 739 1438 quartam
754 1393 833 1422 non
847 1377 1027 1421 solvendi
1043 1404 1058 1426 ‚
1071 1378 1331 1433 prejudicare
1341 1381 1445 1421 haud
1464 1380 1581 1434 poffit
1595 1405 1610 1420 .

352 1441 616 1496 Privilegium
631 1438 737 1481 deim
754 1451 833 1480 non
846 1436 1026 1480 solvendi
1046 1447 1233 1492 quartam
1259 1437 1306 1479 ad
1324 1438 1522 1481 Moniales
1545 1451 1731 1494 quoque,
1753 1436 1906 1480 seclusa
1935 1433 2226 1480 consuetudine

240 1499 463 1550 contraria,
475 1496 639 1542 extendi
650 1506 806 1538 certum
819 1495 891 1547 est,
904 1496 945 1536 δι
963 1508 1013 1537 ex
1027 1494 1303 1539 declaratione
1318 1499 1359 1539 S·
1371 1498 1709 1551 congregationis
1722 1497 1901 1540 Concilii
1915 1496 1957 1538 in
1969 1507 2047 1537 una
2065 1493 2231 1550 Albiga·

242 1558 350 1618 nergst'
362 1558 424 1603 26.
442 1555 581 1601 Martii
601 1555 718 1602 1652.
736 1553 844 1597 edita
857 1581 872 1606 ,
884 1551 955 1595 &a
974 1551 1202 1611 Pignatello
1212 1562 1305 1597 tom.
1324 1566 1359 1596 ι.
1377 1553 1545 1611 enfide.
1560 1560 1658 1610 381·
1670 1555 1798 1598 relata
1812 1555 1965 1599 'constat
1985 1582 1998 1595 .

244 1692 1983 1719 ——ss—m———m

244 1790 531 1867 Apotheofin
563 1789 788 1858 B.Jacobi
803 1791 830 1840 a
846 1788 1201 1848 Marcbia,0rd.

310 1866 484 1917 Minor.
497 1861 553 1913 de
583 1858 1174 1930 observantia,promulgat
1189 1896 1202 1912 .

156 2044 159 2046 -
244 2003 766 2058 BENEDICTUS
804 2002 1205 2056 EPISCOPUS

428 2133 602 2176 Sar-vus
635 2129 890 2175 Sassvoautu
924 2131 1027 2172 Dei.

409 2250 477 2294 Ad
492 2257 728 2306 perpetuam
751 2248 813 2290 ret·
839 2248 1067 2291 minoium.

327 2380 466 2426 Ummi
493 2378 569 2423 Dei
584 2377 714 2433 gloria
733 2376 904 2420 maxime
933 2375 1131 2432 postulat,
1159 2382 1207 2418 ut

347 2441 548 2483 Romanus
562 2436 752 2482 Pontifex
766 2464 781 2488 ‚
796 2435 944 2479 auditis
959 2436 1109 2489 magnis
1127 2434 1206 2477 vir·-

244 2499 396 2542 tutibus
409 2499 449 2540 ᾶι
462 2495 688 2544 miraculis,
703 2509 788 2551 quae
802 2493 987 2538 Christus
1007 2494 1204 2536 Dominus

245 2570 317 2614 per
333 2556 465 2599 servos
480 2557 568 2598 suos
582 2555 740 2610 operari
755 2552 1000 2607 dignoscitur
1015 2551 1206 2603 ‚illorum

248 2613 481 2657 memoriam
515 2611 628 2664 super
658 2609 947 2654 candelabrum
974 2610 1103 2654 totius
1133 2613 1206 2653 Ec.

245 2672 371 2716 cleiiae
399 2670 597 2715 collocari
624 2668 814 2712 decernat
838 2694 853 2718 ‚
876 2670 985 2712 unde
1012 2668 1205 2712 universis

246 2728 574 2773 Christifldelibus
598 2727 709 2770 clara
739 2726 806 2769 lux
829 2726 1058 2770 effundatur
1082 2754 1098 2778 ,
1127 2725 1208 2784 qui

247 2801 321 2846 per
342 2786 447 2828 viam
470 2783 609 2828 salutis
622 2787 716 2828 tuto
738 2784 990 2827 ambulantes
1006 2810 1021 2834 ,
1046 2798 1210 2828 eorum-

246 2847 341 2891 dem
365 2843 556 2899 exemplis
578 2843 620 2883 δε
641 2843 872 2898 patrocinio
896 2844 937 2886 in
962 2841 1130 2898 superna
1145 2853 1209 2886 ta·

251 2901 467 2949 bernacula
483 2899 650 2956 perduci
662 2909 895 2944 mereantur
907 2929 919 2942 .

330 2975 331 2978 ¹
366 2961 507 3017 Itaque
521 2962 607 3003 Nos
619 2958 752 3001 animo
767 2959 1209 3011 revolventes,Beatum

252 3021 417 3073 Virum,
427 3019 618 3061 Iacobum
628 3018 652 3061 a
672 3016 870 3066 Marcbia,
881 3018 1116 3061 Christianis
1127 3020 1209 3062 vir·

253 3080 410 3123 tutibus
425 3105 440 3130 ,
454 3076 660 3133 (ignisque,
672 3075 970 3132 Omnipotentis
986 3078 1061 3120 Dei
1088 3092 1208 3121 manu

253 3153 328 3195 per
347 3136 494 3179 merita
507 3133 591 3191 ejus
641 3135 781 3177 atratis
793 3133 1039 3184 ‚excelluifl'e
1051 3161 1067 3184 ‚
1091 3151 1207 3192 quem

250 3197 291 3240 in
307 3195 443 3241 Piceni
457 3207 554 3251 agro
569 3195 603 3237 A
623 3193 770 3236 culano
795 3204 929 3236 ortum
945 3195 1065 3236 Anno
1081 3196 1207 3238 Chri-

253 3254 303 3299 sti
327 3254 488 3298 Domini
518 3266 638 3310 ¹39¹·
661 3250 810 3308 pieque
823 3253 1069 3306 educatum,
1099 3254 1207 3296 inter

255 3315 346 3358 suos
357 3313 519 3367 excepit
533 3310 651 3354 Ordo
675 3311 862 3353 Fratrum
876 3313 1077 3355 Minorum
1091 3341 1106 3363 ‚
1136 3311 1205 3367 qui

256 3373 290 3414 i
309 3371 501 3430 Regulari
527 3369 791 3414 Obstrvantia
815 3379 1096 3425 nuncupantur
1123 3398 1138 3421 ,
1166 3371 1208 3412 in

258 3431 360 3486 hane
372 3429 705 3474 deliberationem
721 3437 884 3472 maturo
901 3427 1069 3472 confilio
1081 3428 1209 3472 deve-

259 3488 391 3530 nimus
403 3512 419 3537 ,
429 3497 476 3531 ut
485 3501 577 3531 eum
591 3514 606 3538 ‚
619 3487 842 3530 coelestium
865 3487 1065 3531 donorum
1093 3488 1209 3543 copia

257 3544 729 3602 speaatiffimum,aspero
741 3547 827 3589 vitae
846 3560 995 3602 genere
1006 3545 1214 3602 infignem,

261 3606 303 3647 δι
328 3603 599 3655 compluribus
623 3606 912 3660 Legationibus
937 3619 1010 3660 pro
1023 3619 1067 3647 re
1088 3605 1212 3648 Chri·

259 3663 380 3705 stiana
400 3660 583 3715 susceptis
598 3663 648 3706 de
673 3664 849 3708 Ecclefia
875 3662 1066 3721 praeclare
1090 3663 1213 3706 meri-

258 3731 347 3764 tum
361 3745 376 3768 ‚
394 3733 440 3761 ac
462 3718 688 3771 jamdudum
717 3725 849 3768 Beatis
879 3724 1212 3772 adnumeratum,

259 3780 300 3835 in
312 3777 497 3835 plenario
512 3779 732 3823 Conventu
751 3809 765 3833 ,
788 3783 1023 3829 Sanctorum
1039 3779 1207 3832 Confesff

368 3838 486 3892 Jom.
503 3838 572 3887 VJ,

1264 1789 1399 1834 sorum
1413 1790 1575 1833 Canoni
1596 1789 1907 1834 adscriberemus
1920 1819 1935 1835 .,
1961 1790 2123 1836 Etenim
2152 1790 2235 1832 Dei

1265 1850 1435 1900 Virum,
1448 1849 1554 1890 Beati
1570 1849 1806 1891 Bernardini
1832 1849 2012 1892 senenfis
2054 1847 2227 1904 discipu·

1265 1908 1347 1950 lum
1361 1936 1376 1960 ,
1402 1908 1521 1965 inque
1535 1908 1767 1949 avertendis
1792 1909 1842 1949 ab
1855 1920 1956 1962 agro
1982 1906 2201 1952 Dominico
2213 1931 2231 1956 ‚

1264 1967 1542 2022 ingruentium
1561 1967 1850 2022 contagionum
1870 1965 2072 2010 afflatibus
2089 1992 2103 2013 ‚
2116 1963 2231 2006 Beati

1265 2025 1428 2068 loannis
1452 2026 1473 2067 ἑ
1495 2024 1733 2079 Capistrano
1747 2024 1925 2074 socium,
1950 2038 2095 2081 magna
2122 2035 2232 2078 qun·

1266 2098 1344 2140 que
1374 2083 1662 2126 commendant
1689 2094 1705 2135 3
1738 2083 1887 2139 quippe
1920 2095 2041 2136 quem
2071 2089 2116 2122 ut
2141 2080 2231 2122 vita

1264 2141 1520 2186 sanctimonia
1540 2141 1819 2197 percelebrem
1832 2169 1847 2193 ‚
1860 2143 1884 2185 a
1899 2140 2131 2189 Castu-ibus,
2150 2140 2231 2181 Re-

1267 2202 1411 2258 gibus,
1439 2204 1479 2244 &
1494 2200 1748 2254 Principibus
1773 2214 1846 2258 pro
1862 2200 2089 2256 Religionis
2115 2195 2231 2240 causa

1266 2259 1520 2315 expetitum,
1540 2258 1769 2314 septemque
1791 2257 2041 2301 deeess'orum
2069 2256 2230 2300 nostro·

1267 2331 1358 2362 rum
1384 2317 1455 2373 pic
1478 2317 1777 2362 recordationis
1797 2319 2071 2360 Romanorum
2088 2314 2230 2360 Ponti·

1268 2376 1387 2421 ficum
1403 2379 1422 2427 ,'
1441 2378 1605 2420 Martini
1621 2379 1672 2418 V.
1709 2377 1878 2431 Eugenii
1896 2378 1971 2419 1v.
1998 2373 2157 2419 Nicolai
2176 2374 2229 2415 V.

1266 2436 1438 2479 Callixti
1452 2438 1531 2479 111.
1543 2437 1604 2480 Pii
1621 2437 1677 2478 ΙΙ.
1695 2438 1809 2478 Pauli
1827 2436 1924 2478 11.&
1937 2436 2038 2479 Sixti
2057 2435 2131 2476 IV.
2150 2434 2231 2476 Le-

1266 2496 1450 2552 gationes
1462 2505 1607 2538 contra
1625 2495 1829 2537 haereticos
1848 2493 2087 2537 Fraticellos
2100 2520 2115 2544 ‚
2141 2494 2233 2533 Ma-

1266 2555 1439 2597 nichaeos
1456 2553 1913 2605 redivivos,Patarenos,
1931 2547 2231 2601 Huffitasss‘ha·

1266 2614 1423 2656 boritas
1439 2640 1453 2662 ‚
1465 2614 1506 2655 δι
1522 2615 1678 2655 'furcas
1694 2613 1798 2669 ipsos
1810 2639 1823 2660 ‚
1851 2626 1994 2667 magna
2010 2609 2203 2654 doctrinae
2215 2634 2231 2658 ,

1267 2673 1307 2713 δι
1321 2673 1399 2715 zeli
1418 2671 1641 2728 Apostolici
1663 2671 1781 2714 laude
1795 2672 1834 2712 in
1850 2671 1967 2713 ltalia
1981 2698 1996 2721 ‚
2011 2667 2233 2715 Pannonia,

1269 2731 1485 2774 Germania
1499 2758 1514 2781 ,
1535 2730 1724 2772 Bobemia
1741 2758 1756 2780 ‚
1774 2729 1995 2782 Sarmatia,
2019 2742 2091 2783 per
2116 2728 2233 2769 innu-

1270 2802 1379 2832 mera
1406 2790 1494 2831 vitae
1522 2788 1731 2843 pericula,
1746 2789 1964 2829 obeuntem
1980 2815 1995 2838 ‚
2016 2786 2234 2829 universa.»

1270 2846 1450 2890 Ecclefia
1465 2849 1608 2889 mirata
1629 2847 1683 2888 est
1694 2874 1708 2887 .
1722 2849 1864 2902 Qare
1878 2845 2235 2901 probatifflmum..

1269 2903 1433 2956 Virum,
1450 2905 1515 2960 qui
1529 2902 1667 2944 multis
1682 2903 1905 2959 magnisque
1923 2903 2075 2944 meritis
2093 2903 2232 2957 plenus

1271 2975 1337 3004 vt.
1355 2960 1556 3008 Kalendas
1572 2960 1822 3004 Decembres
1835 2962 1956 3003 Anno
1974 2971 2092 3013 ¹475·
2119 2962 2233 3002 Nea-

1269 3019 1352 3076 poli
1385 3022 1424 3064 in
1452 3020 1673 3074 Campania
1698 3018 1945 3063 obdormivit
1976 3019 2016 3060 in
2030 3018 2233 3068 Domino,

1269 3081 1456 3136 perplura
1471 3077 1660 3121 miracula
1676 3086 1774 3120 nutu
1809 3078 1947 3121 diuino
1973 3091 2044 3131 per
2061 3089 2152 3118 eum
2166 3089 2232 3131 pa-

1267 3147 1376 3181 trata
1393 3167 1408 3190 ‚
1429 3135 1550 3180 saeris
1572 3137 1684 3179 illius
1709 3138 1861 3180 exuviis
1884 3138 1923 3178 in
1955 3137 2056 3179 AEde
2080 3135 2231 3177 Sancta

1265 3197 1401 3239 Mariae
1428 3199 1555 3238 Novae
1578 3195 1850 3251 corruptionis
1875 3195 2109 3250 expertibus
2135 3222 2149 3244 ,
2185 3206 2232 3235 ac

1267 3252 1374 3298 suavi
1389 3256 1454 3307 ,Bt
1468 3254 1631 3311 perenni
1644 3254 1776 3297 odore
1797 3253 1960 3310 perfisfis
1974 3280 1990 3303 ‚
2015 3252 2227 3308 undequa-

1267 3327 1425 3371 quaque
1441 3314 1643 3368 inclytum
1657 3311 1938 3356 reddiderunt:
1952 3326 2051 3369 quas
2065 3312 2232 3368 quidem

1267 3373 1433 3418 exuvias
1449 3377 1536 3416 Nos
1550 3372 1633 3428 ipfi,
1647 3372 1781 3415 adhuc
1796 3372 1835 3414 in
1854 3371 2071 3415 minoribus
2085 3370 2231 3414 consti-

1269 3434 1373 3483 tuti,
1402 3430 1509 3475 hisce
1524 3431 1704 3474 manibus
1717 3434 2016 3474 contrectantes
2028 3460 2044 3481 ,
2057 3427 2234 3474 chariffi-

1271 3503 1341 3533 mo
1361 3491 1402 3532 in
1417 3490 1579 3534 Christo
1595 3490 1699 3532 Filio
1712 3490 1846 3532 nostro
1863 3489 2050 3544 Philippo
2066 3491 2117 3531 V.
2142 3485 2232 3530 His·

1272 3549 1474 3604 paniarum
1490 3548 1590 3602 Regi
1605 3547 1822 3590 Catholieo
1836 3547 2085 3590 venerandas
2097 3547 2234 3590 ossen-

1272 3607 1423 3650 dimus.
1440 3608 1546 3650 Hinc
1562 3604 1707 3647 factum
1725 3634 1740 3657 ‚
1759 3615 1804 3649 ut
1828 3605 1986 3649 Carolo
2000 3608 2052 3650 V.
2084 3608 2233 3648 Roma·

1272 3679 1416 3708 norum
1443 3668 1699 3720 Imperatore
1712 3690 1726 3713 ‚
1753 3666 1858 3720 apud
1873 3662 2002 3708 felicis
2028 3661 2230 3707 memorite

1270 3723 1557 3767 antecess'orem
1593 3723 1785 3766 Nostrum
1814 3723 2068 3767 Clementem
2086 3725 2232 3774 Papam

1268 3785 1363 3826 VH.
1379 3782 1608 3839 flagitante,
1626 3781 1677 3824 de
1694 3783 1844 3824 Iacobo
1871 3783 1976 3828 inter
1991 3781 2152 3826 §anctos
2167 3787 2230 3815 re-

1637 3843 1669 3884 Ρ
1683 3854 1709 3897 p
1721 3856 1749 3898 p
1780 3854 1803 3884 2
2050 3836 2174 3878 feren·-
