<?xml version="1.0" encoding="UTF-8"?>
<!DOCTYPE html PUBLIC "-//W3C//DTD XHTML 1.0 Transitional//EN"
    "http://www.w3.org/TR/xhtml1/DTD/xhtml1-transitional.dtd">
<html xmlns="http://www.w3.org/1999/xhtml" xml:lang="en" lang="en">
 <head>
  <title>
</title>
<meta http-equiv="Content-Type" content="text/html;charset=utf-8" />
  <meta name='ocr-system' content='tesseract 3.04.00' />
  <meta name='ocr-capabilities' content='ocr_page ocr_carea ocr_par ocr_line ocrx_word'/>
</head>
<body>
  <div class='ocr_page' id='page_1' title='image "./bullariumordinis06cath_0523.png"; bbox 0 0 2444 4192; ppageno 0'>
   <div class='ocr_carea' id='block_1_1' title="bbox 752 152 1711 291">
    <p class='ocr_par' dir='ltr' id='par_1_1' title="bbox 752 152 1711 291">
     <span class='ocr_line' id='line_1_1' title="bbox 752 152 1711 291; baseline -0.001 -48"><span class='ocrx_word' id='word_1_1' title='bbox 752 155 917 243; x_wconf 78' lang='lat' dir='ltr'>Sub</span> <span class='ocrx_word' id='word_1_2' title='bbox 981 156 1382 291; x_wconf 55' lang='lat' dir='ltr'>Benediffo</span> <span class='ocrx_word' id='word_1_3' title='bbox 1445 152 1591 242; x_wconf 84' lang='lat' dir='ltr'>XI</span> <span class='ocrx_word' id='word_1_4' title='bbox 1613 155 1711 242; x_wconf 87' lang='lat' dir='ltr'>V.</span> 
     </span>
    </p>
   </div>
   <div class='ocr_carea' id='block_1_2' title="bbox 218 307 1187 650">
    <p class='ocr_par' dir='ltr' id='par_1_2' title="bbox 218 307 1187 650">
     <span class='ocr_line' id='line_1_2' title="bbox 218 307 1187 370; baseline 0.001 -6"><span class='ocrx_word' id='word_1_5' title='bbox 218 307 484 370; x_wconf 68' lang='lat' dir='ltr'>SanRiones</span> <span class='ocrx_word' id='word_1_6' title='bbox 517 307 846 362; x_wconf 78' lang='lat' dir='ltr'>Ecclefiasticas</span> <span class='ocrx_word' id='word_1_7' title='bbox 890 313 1011 362; x_wconf 83' lang='lat' dir='ltr'>circa</span> <span class='ocrx_word' id='word_1_8' title='bbox 1043 316 1187 364; x_wconf 88' lang='lat' dir='ltr'>Clau·</span> 
     </span>
     <span class='ocr_line' id='line_1_3' title="bbox 285 382 1186 434; baseline 0.001 -1"><span class='ocrx_word' id='word_1_9' title='bbox 285 383 439 434; x_wconf 86' lang='lat' dir='ltr'>suram</span> <span class='ocrx_word' id='word_1_10' title='bbox 461 383 744 433; x_wconf 86' lang='lat' dir='ltr'>Monialium</span> <span class='ocrx_word' id='word_1_11' title='bbox 763 393 896 429; x_wconf 87' lang='lat' dir='ltr'>antea</span> <span class='ocrx_word' id='word_1_12' title='bbox 923 382 1064 432; x_wconf 82' lang='lat' dir='ltr'>editas</span> <span class='ocrx_word' id='word_1_13' title='bbox 1081 401 1186 433; x_wconf 88' lang='lat' dir='ltr'>con·</span> 
     </span>
     <span class='ocr_line' id='line_1_4' title="bbox 283 447 1184 520; baseline -0.003 -16"><span class='ocrx_word' id='word_1_14' title='bbox 283 452 469 513; x_wconf 86' lang='lat' dir='ltr'>firmat,</span> <span class='ocrx_word' id='word_1_15' title='bbox 501 453 551 506; x_wconf 75' lang='grc' dir='ltr'>ὅ(</span> <span class='ocrx_word' id='word_1_16' title='bbox 578 451 821 503; x_wconf 86' lang='lat' dir='ltr'>facultates</span> <span class='ocrx_word' id='word_1_17' title='bbox 849 447 1058 519; x_wconf 87' lang='lat' dir='ltr'>speciales</span> <span class='ocrx_word' id='word_1_18' title='bbox 1079 470 1184 520; x_wconf 88' lang='lat' dir='ltr'>per-</span> 
     </span>
     <span class='ocr_line' id='line_1_5' title="bbox 284 516 1184 594; baseline -0.007 -17"><span class='ocrx_word' id='word_1_19' title='bbox 284 526 502 577; x_wconf 87' lang='lat' dir='ltr'>mittendi</span> <span class='ocrx_word' id='word_1_20' title='bbox 535 521 785 594; x_wconf 81' lang='lat' dir='ltr'>ingrestum</span> <span class='ocrx_word' id='word_1_21' title='bbox 816 516 865 571; x_wconf 74' lang='grc' dir='ltr'>ἃ</span> <span class='ocrx_word' id='word_1_22' title='bbox 897 523 1128 588; x_wconf 81' lang='lat' dir='ltr'>egressum</span> <span class='ocrx_word' id='word_1_23' title='bbox 1158 521 1184 571; x_wconf 78' lang='grc' dir='ltr'>ἑ</span> 
     </span>
     <span class='ocr_line' id='line_1_6' title="bbox 285 596 815 650; baseline -0.011 -2"><span class='ocrx_word' id='word_1_24' title='bbox 285 596 580 650; x_wconf 81' lang='lat' dir='ltr'>Monasteriis</span> <span class='ocrx_word' id='word_1_25' title='bbox 602 606 815 645; x_wconf 87' lang='lat' dir='ltr'>revocat.</span> 
     </span>
    </p>
   </div>
   <div class='ocr_carea' id='block_1_3' title="bbox 213 722 1180 782">
    <p class='ocr_par' dir='ltr' id='par_1_3' title="bbox 213 722 1180 782">
     <span class='ocr_line' id='line_1_7' title="bbox 213 722 1180 782; baseline -0.009 -3"><span class='ocrx_word' id='word_1_26' title='bbox 213 726 738 782; x_wconf 88' lang='lat' dir='ltr'>BENEDICTUS</span> <span class='ocrx_word' id='word_1_27' title='bbox 780 724 991 774; x_wconf 85' lang='lat' dir='ltr'>-PAPA</span> <span class='ocrx_word' id='word_1_28' title='bbox 1029 722 1180 771; x_wconf 88' lang='lat' dir='ltr'><strong>XIV.</strong></span> 
     </span>
    </p>
   </div>
   <div class='ocr_carea' id='block_1_4' title="bbox 376 840 1043 902">
    <p class='ocr_par' dir='ltr' id='par_1_4' title="bbox 376 840 1043 902">
     <span class='ocr_line' id='line_1_8' title="bbox 376 840 1043 902; baseline -0.012 -12"><span class='ocrx_word' id='word_1_29' title='bbox 376 846 444 890; x_wconf 78' lang='lat' dir='ltr'>Ad</span> <span class='ocrx_word' id='word_1_30' title='bbox 460 853 697 902; x_wconf 81' lang='lat' dir='ltr'>perpetuam</span> <span class='ocrx_word' id='word_1_31' title='bbox 721 840 783 885; x_wconf 66' lang='lat' dir='ltr'>rei</span> <span class='ocrx_word' id='word_1_32' title='bbox 811 840 1015 885; x_wconf 77' lang='lat' dir='ltr'>memoiam</span> <span class='ocrx_word' id='word_1_33' title='bbox 1030 869 1043 882; x_wconf 89' lang='lat'><strong>.</strong></span> 
     </span>
    </p>
   </div>
   <div class='ocr_carea' id='block_1_5' title="bbox 160 957 1198 3611">
    <p class='ocr_par' dir='ltr' id='par_1_5' title="bbox 287 957 1193 1009">
     <span class='ocr_line' id='line_1_9' title="bbox 287 957 1193 1009; baseline -0.01 -1"><span class='ocrx_word' id='word_1_34' title='bbox 287 963 459 1009; x_wconf 84' lang='lat' dir='ltr'>Alutare</span> <span class='ocrx_word' id='word_1_35' title='bbox 473 963 513 1007; x_wconf 91' lang='lat' dir='ltr'>in</span> <span class='ocrx_word' id='word_1_36' title='bbox 530 961 749 1007; x_wconf 79' lang='lat' dir='ltr'>Catholica</span> <span class='ocrx_word' id='word_1_37' title='bbox 763 959 945 1006; x_wconf 80' lang='lat' dir='ltr'>Ecclesia</span> <span class='ocrx_word' id='word_1_38' title='bbox 961 957 1193 1002; x_wconf 88' lang='lat' dir='ltr'>institutum</span> 
     </span>
    </p>

    <p class='ocr_par' dir='ltr' id='par_1_6' title="bbox 206 1018 1193 1311">
     <span class='ocr_line' id='line_1_10' title="bbox 311 1018 1193 1080; baseline -0.01 -12"><span class='ocrx_word' id='word_1_39' title='bbox 311 1024 362 1068; x_wconf 83' lang='lat' dir='ltr'>ab</span> <span class='ocrx_word' id='word_1_40' title='bbox 375 1022 455 1080; x_wconf 72' lang='lat' dir='ltr'>ipsit</span> <span class='ocrx_word' id='word_1_41' title='bbox 475 1022 721 1078; x_wconf 72' lang='lat' dir='ltr'><strong>antiquitate</strong></span> <span class='ocrx_word' id='word_1_42' title='bbox 733 1018 962 1076; x_wconf 83' lang='lat' dir='ltr'>susceptum</span> <span class='ocrx_word' id='word_1_43' title='bbox 982 1048 996 1072; x_wconf 90' lang='lat'>,</span> <span class='ocrx_word' id='word_1_44' title='bbox 1014 1031 1063 1061; x_wconf 90' lang='lat' dir='ltr'>ac</span> <span class='ocrx_word' id='word_1_45' title='bbox 1078 1027 1193 1061; x_wconf 88' lang='lat' dir='ltr'>tanta</span> 
     </span>
     <span class='ocr_line' id='line_1_11' title="bbox 210 1075 1192 1137; baseline -0.004 -14"><span class='ocrx_word' id='word_1_46' title='bbox 210 1095 305 1125; x_wconf 88' lang='lat' dir='ltr'>cum</span> <span class='ocrx_word' id='word_1_47' title='bbox 338 1081 615 1126; x_wconf 87' lang='lat' dir='ltr'>sollicitudine</span> <span class='ocrx_word' id='word_1_48' title='bbox 641 1083 680 1124; x_wconf 85' lang='lat'>&amp;</span> <span class='ocrx_word' id='word_1_49' title='bbox 707 1079 895 1137; x_wconf 84' lang='lat' dir='ltr'>pastorali</span> <span class='ocrx_word' id='word_1_50' title='bbox 911 1078 1002 1122; x_wconf 89' lang='lat' dir='ltr'>zelo</span> <span class='ocrx_word' id='word_1_51' title='bbox 1019 1075 1192 1122; x_wconf 79' lang='lat' dir='ltr'>custodi·</span> 
     </span>
     <span class='ocr_line' id='line_1_12' title="bbox 208 1135 1189 1195; baseline -0.006 -11"><span class='ocrx_word' id='word_1_52' title='bbox 208 1150 298 1190; x_wconf 86' lang='lat' dir='ltr'>tum</span> <span class='ocrx_word' id='word_1_53' title='bbox 314 1169 332 1192; x_wconf 86' lang='lat'>,</span> <span class='ocrx_word' id='word_1_54' title='bbox 343 1149 390 1184; x_wconf 90' lang='lat' dir='ltr'>ut</span> <span class='ocrx_word' id='word_1_55' title='bbox 404 1142 478 1184; x_wconf 89' lang='lat' dir='ltr'>flos</span> <span class='ocrx_word' id='word_1_56' title='bbox 491 1140 563 1184; x_wconf 87' lang='lat' dir='ltr'>ille</span> <span class='ocrx_word' id='word_1_57' title='bbox 577 1138 847 1184; x_wconf 80' lang='lat' dir='ltr'>Ecclesiastici</span> <span class='ocrx_word' id='word_1_58' title='bbox 861 1137 1060 1195; x_wconf 88' lang='lat' dir='ltr'>germinis</span> <span class='ocrx_word' id='word_1_59' title='bbox 1072 1164 1088 1190; x_wconf 91' lang='lat'>,</span> <span class='ocrx_word' id='word_1_60' title='bbox 1118 1135 1189 1178; x_wconf 90' lang='lat' dir='ltr'>de-</span> 
     </span>
     <span class='ocr_line' id='line_1_13' title="bbox 206 1196 1188 1311; baseline -0.003 -11"><span class='ocrx_word' id='word_1_61' title='bbox 206 1206 754 1302; x_wconf 47' lang='lat' dir='ltr'>fsstat‘ssl&#39;gkifflffiffiffff</span> <span class='ocrx_word' id='word_1_62' title='bbox 765 1196 1188 1311; x_wconf 52' lang='lat' dir='ltr'>§azgaspsslssssliiz</span> 
     </span>
    </p>

    <p class='ocr_par' dir='ltr' id='par_1_7' title="bbox 506 1286 522 1309">
     <span class='ocr_line' id='line_1_14' title="bbox 506 1286 522 1309; baseline 0 0"><span class='ocrx_word' id='word_1_63' title='bbox 506 1286 522 1309; x_wconf 71' lang='lat'><em>2</em></span> 
     </span>
    </p>

    <p class='ocr_par' dir='ltr' id='par_1_8' title="bbox 160 1311 1198 3611">
     <span class='ocr_line' id='line_1_15' title="bbox 205 1311 1187 1372; baseline -0.005 -15"><span class='ocrx_word' id='word_1_64' title='bbox 205 1328 326 1372; x_wconf 83' lang='lat' dir='ltr'>grum</span> <span class='ocrx_word' id='word_1_65' title='bbox 338 1326 464 1370; x_wconf 90' lang='lat' dir='ltr'>atque</span> <span class='ocrx_word' id='word_1_66' title='bbox 493 1317 782 1368; x_wconf 84' lang='lat' dir='ltr'>incorruptum</span> <span class='ocrx_word' id='word_1_67' title='bbox 794 1341 809 1363; x_wconf 86' lang='lat'>,</span> <span class='ocrx_word' id='word_1_68' title='bbox 840 1314 920 1356; x_wconf 85' lang='lat' dir='ltr'>Dei</span> <span class='ocrx_word' id='word_1_69' title='bbox 950 1315 1087 1369; x_wconf 79' lang='lat' dir='ltr'>imago</span> <span class='ocrx_word' id='word_1_70' title='bbox 1103 1311 1187 1356; x_wconf 87' lang='lat' dir='ltr'>res-</span> 
     </span>
     <span class='ocr_line' id='line_1_16' title="bbox 207 1370 1185 1431; baseline -0.008 -13"><span class='ocrx_word' id='word_1_71' title='bbox 207 1372 393 1431; x_wconf 78' lang='lat' dir='ltr'>pondens</span> <span class='ocrx_word' id='word_1_72' title='bbox 404 1374 459 1418; x_wconf 87' lang='lat' dir='ltr'>ad</span> <span class='ocrx_word' id='word_1_73' title='bbox 474 1371 772 1416; x_wconf 67' lang='lat' dir='ltr'>fiuaimoniam</span> <span class='ocrx_word' id='word_1_74' title='bbox 789 1371 973 1421; x_wconf 85' lang='lat' dir='ltr'><strong>Domini,</strong></span> <span class='ocrx_word' id='word_1_75' title='bbox 987 1370 1185 1413; x_wconf 89' lang='lat' dir='ltr'>illustrior</span> 
     </span>
     <span class='ocr_line' id='line_1_17' title="bbox 210 1429 1187 1489; baseline -0.006 -13"><span class='ocrx_word' id='word_1_76' title='bbox 210 1434 356 1488; x_wconf 79' lang='lat' dir='ltr'>portio</span> <span class='ocrx_word' id='word_1_77' title='bbox 370 1446 418 1489; x_wconf 76' lang='lat' dir='ltr'>gr</span> <span class='ocrx_word' id='word_1_78' title='bbox 470 1432 502 1475; x_wconf 85' lang='lat' dir='ltr'>is</span> <span class='ocrx_word' id='word_1_79' title='bbox 518 1431 692 1481; x_wconf 71' lang='lat' dir='ltr'>Christi,</span> <span class='ocrx_word' id='word_1_80' title='bbox 704 1431 837 1473; x_wconf 72' lang='lat' dir='ltr'>Sacra</span> <span class='ocrx_word' id='word_1_81' title='bbox 855 1429 1068 1485; x_wconf 79' lang='lat' dir='ltr'>Virgines,</span> <span class='ocrx_word' id='word_1_82' title='bbox 1082 1442 1187 1486; x_wconf 87' lang='lat' dir='ltr'>qua-</span> 
     </span>
     <span class='ocr_line' id='line_1_18' title="bbox 209 1486 1189 1547; baseline -0.006 -13"><span class='ocrx_word' id='word_1_83' title='bbox 209 1504 320 1545; x_wconf 84' lang='lat' dir='ltr'>rum,</span> <span class='ocrx_word' id='word_1_84' title='bbox 338 1491 423 1547; x_wconf 71' lang='lat' dir='ltr'>quo</span> <span class='ocrx_word' id='word_1_85' title='bbox 455 1488 650 1534; x_wconf 87' lang='lat' dir='ltr'>ublimior</span> <span class='ocrx_word' id='word_1_86' title='bbox 660 1489 792 1544; x_wconf 85' lang='lat' dir='ltr'>gloria</span> <span class='ocrx_word' id='word_1_87' title='bbox 804 1486 860 1530; x_wconf 81' lang='lat' dir='ltr'>est</span> <span class='ocrx_word' id='word_1_88' title='bbox 874 1515 890 1536; x_wconf 86' lang='lat'>,</span> <span class='ocrx_word' id='word_1_89' title='bbox 905 1487 1040 1543; x_wconf 82' lang='lat' dir='ltr'>major</span> <span class='ocrx_word' id='word_1_90' title='bbox 1051 1489 1093 1530; x_wconf 71' lang='lat' dir='ltr'>e:</span> <span class='ocrx_word' id='word_1_91' title='bbox 1111 1501 1189 1529; x_wconf 88' lang='lat' dir='ltr'>cu-</span> 
     </span>
     <span class='ocr_line' id='line_1_19' title="bbox 210 1543 1189 1602; baseline -0.006 -10"><span class='ocrx_word' id='word_1_92' title='bbox 210 1562 257 1592; x_wconf 87' lang='lat' dir='ltr'>ra</span> <span class='ocrx_word' id='word_1_93' title='bbox 268 1550 355 1600; x_wconf 78' lang='lat' dir='ltr'>est,</span> <span class='ocrx_word' id='word_1_94' title='bbox 379 1549 487 1593; x_wconf 89' lang='lat' dir='ltr'>intra</span> <span class='ocrx_word' id='word_1_95' title='bbox 510 1547 851 1593; x_wconf 83' lang='lat' dir='ltr'>Monasteriorum</span> <span class='ocrx_word' id='word_1_96' title='bbox 882 1546 995 1602; x_wconf 85' lang='lat' dir='ltr'>septa</span> <span class='ocrx_word' id='word_1_97' title='bbox 1020 1547 1061 1588; x_wconf 78' lang='grc' dir='ltr'>δι</span> <span class='ocrx_word' id='word_1_98' title='bbox 1076 1543 1189 1591; x_wconf 84' lang='lat' dir='ltr'>clau·</span> 
     </span>
     <span class='ocr_line' id='line_1_20' title="bbox 212 1603 1187 1667; baseline -0.005 -16"><span class='ocrx_word' id='word_1_99' title='bbox 212 1607 293 1653; x_wconf 78' lang='lat' dir='ltr'>stra</span> <span class='ocrx_word' id='word_1_100' title='bbox 308 1608 423 1667; x_wconf 85' lang='lat' dir='ltr'>vigili</span> <span class='ocrx_word' id='word_1_101' title='bbox 437 1607 692 1664; x_wconf 89' lang='lat' dir='ltr'>sollicitaque</span> <span class='ocrx_word' id='word_1_102' title='bbox 705 1605 889 1650; x_wconf 88' lang='lat' dir='ltr'>custodia</span> <span class='ocrx_word' id='word_1_103' title='bbox 908 1603 1187 1653; x_wconf 82' lang='lat' dir='ltr'>servarentur,</span> 
     </span>
     <span class='ocr_line' id='line_1_21' title="bbox 211 1660 1191 1724; baseline -0.007 -13"><span class='ocrx_word' id='word_1_104' title='bbox 211 1677 301 1712; x_wconf 84' lang='lat' dir='ltr'>tam</span> <span class='ocrx_word' id='word_1_105' title='bbox 318 1677 427 1712; x_wconf 68' lang='lat' dir='ltr'>ante</span> <span class='ocrx_word' id='word_1_106' title='bbox 438 1696 452 1720; x_wconf 90' lang='lat'>,</span> <span class='ocrx_word' id='word_1_107' title='bbox 482 1666 603 1724; x_wconf 70' lang='lat' dir='ltr'>quim</span> <span class='ocrx_word' id='word_1_108' title='bbox 634 1666 722 1722; x_wconf 77' lang='lat' dir='ltr'>post</span> <span class='ocrx_word' id='word_1_109' title='bbox 750 1664 1010 1709; x_wconf 58' lang='lat' dir='ltr'>Tridentinae&gt;</span> <span class='ocrx_word' id='word_1_110' title='bbox 1031 1660 1191 1720; x_wconf 79' lang='lat' dir='ltr'>synodi</span> 
     </span>
     <span class='ocr_line' id='line_1_22' title="bbox 210 1721 1189 1771; baseline -0.009 0"><span class='ocrx_word' id='word_1_111' title='bbox 210 1729 402 1771; x_wconf 79' lang='lat' dir='ltr'>Decreta</span> <span class='ocrx_word' id='word_1_112' title='bbox 433 1726 613 1770; x_wconf 85' lang='lat' dir='ltr'>Romani</span> <span class='ocrx_word' id='word_1_113' title='bbox 625 1724 852 1769; x_wconf 87' lang='lat' dir='ltr'>Pontifices</span> <span class='ocrx_word' id='word_1_114' title='bbox 870 1721 1189 1770; x_wconf 77' lang='lat' dir='ltr'>Praedeceffores</span> 
     </span>
     <span class='ocr_line' id='line_1_23' title="bbox 213 1782 1190 1838; baseline -0.007 -8"><span class='ocrx_word' id='word_1_115' title='bbox 213 1784 340 1831; x_wconf 76' lang='lat' dir='ltr'>nostri</span> <span class='ocrx_word' id='word_1_116' title='bbox 348 1789 418 1828; x_wconf 76' lang='lat' dir='ltr'>tot</span> <span class='ocrx_word' id='word_1_117' title='bbox 431 1782 678 1828; x_wconf 66' lang='lat' dir='ltr'>ssnstifflmis</span> <span class='ocrx_word' id='word_1_118' title='bbox 688 1783 845 1838; x_wconf 80' lang='lat' dir='ltr'>legibus</span> <span class='ocrx_word' id='word_1_119' title='bbox 860 1812 876 1835; x_wconf 91' lang='lat'>,</span> <span class='ocrx_word' id='word_1_120' title='bbox 893 1785 934 1825; x_wconf 83' lang='lat'>&amp;</span> <span class='ocrx_word' id='word_1_121' title='bbox 948 1783 1062 1824; x_wconf 82' lang='lat' dir='ltr'>initis</span> <span class='ocrx_word' id='word_1_122' title='bbox 1076 1783 1190 1836; x_wconf 82' lang='lat' dir='ltr'>Apo-</span> 
     </span>
     <span class='ocr_line' id='line_1_24' title="bbox 212 1837 1189 1900; baseline -0.008 -11"><span class='ocrx_word' id='word_1_123' title='bbox 212 1842 361 1889; x_wconf 75' lang='lat' dir='ltr'>stolicae</span> <span class='ocrx_word' id='word_1_124' title='bbox 374 1840 657 1900; x_wconf 68' lang='lat' dir='ltr'>&#39;providentie</span> <span class='ocrx_word' id='word_1_125' title='bbox 688 1841 982 1899; x_wconf 76' lang='lat' dir='ltr'>charitatisque</span> <span class='ocrx_word' id='word_1_126' title='bbox 1016 1837 1189 1884; x_wconf 83' lang='lat' dir='ltr'>consiliis</span> 
     </span>
     <span class='ocr_line' id='line_1_25' title="bbox 214 1899 1191 1953; baseline -0.007 -5"><span class='ocrx_word' id='word_1_127' title='bbox 214 1903 467 1948; x_wconf 83' lang='lat' dir='ltr'>communire</span> <span class='ocrx_word' id='word_1_128' title='bbox 482 1902 523 1944; x_wconf 71' lang='grc' dir='ltr'>δι</span> <span class='ocrx_word' id='word_1_129' title='bbox 534 1899 781 1953; x_wconf 72' lang='lat' dir='ltr'>confirmare</span> <span class='ocrx_word' id='word_1_130' title='bbox 809 1900 1075 1953; x_wconf 79' lang='lat' dir='ltr'>studuerunt;</span> <span class='ocrx_word' id='word_1_131' title='bbox 1109 1908 1155 1942; x_wconf 91' lang='lat' dir='ltr'>ut</span> <span class='ocrx_word' id='word_1_132' title='bbox 1174 1926 1191 1951; x_wconf 84' lang='lat'>,</span> 
     </span>
     <span class='ocr_line' id='line_1_26' title="bbox 214 1958 1187 2020; baseline -0.007 -14"><span class='ocrx_word' id='word_1_133' title='bbox 214 1976 303 2020; x_wconf 67' lang='lat' dir='ltr'>quas</span> <span class='ocrx_word' id='word_1_134' title='bbox 318 1959 356 2004; x_wconf 87' lang='lat' dir='ltr'>se</span> <span class='ocrx_word' id='word_1_135' title='bbox 377 1959 548 2005; x_wconf 86' lang='lat' dir='ltr'>Christo</span> <span class='ocrx_word' id='word_1_136' title='bbox 560 1959 807 2010; x_wconf 87' lang='lat' dir='ltr'>dicaverint,</span> <span class='ocrx_word' id='word_1_137' title='bbox 819 1962 860 2003; x_wconf 72' lang='grc' dir='ltr'>δι</span> <span class='ocrx_word' id='word_1_138' title='bbox 872 1963 895 2006; x_wconf 71' lang='grc' dir='ltr'>ὲ</span> <span class='ocrx_word' id='word_1_139' title='bbox 912 1958 1069 2005; x_wconf 86' lang='lat' dir='ltr'>carnali</span> <span class='ocrx_word' id='word_1_140' title='bbox 1083 1971 1187 2000; x_wconf 82' lang='lat' dir='ltr'>eon·</span> 
     </span>
     <span class='ocr_line' id='line_1_27' title="bbox 160 2019 1191 2078; baseline -0.003 -13"><span class='ocrx_word' id='word_1_141' title='bbox 160 2029 162 2032; x_wconf 85' lang='lat'>&#39;</span> <span class='ocrx_word' id='word_1_142' title='bbox 215 2019 464 2078; x_wconf 88' lang='lat' dir='ltr'>cupiscentia</span> <span class='ocrx_word' id='word_1_143' title='bbox 479 2019 744 2070; x_wconf 75' lang='lat' dir='ltr'>recedentes,</span> <span class='ocrx_word' id='word_1_144' title='bbox 759 2028 843 2063; x_wconf 89' lang='lat' dir='ltr'>tam</span> <span class='ocrx_word' id='word_1_145' title='bbox 856 2033 1005 2078; x_wconf 84' lang='lat' dir='ltr'>carne,</span> <span class='ocrx_word' id='word_1_146' title='bbox 1035 2019 1191 2076; x_wconf 67' lang='lat' dir='ltr'>quam.»</span> 
     </span>
     <span class='ocr_line' id='line_1_28' title="bbox 217 2076 1191 2131; baseline -0.008 -7"><span class='ocrx_word' id='word_1_147' title='bbox 217 2089 354 2124; x_wconf 88' lang='lat' dir='ltr'>mente</span> <span class='ocrx_word' id='word_1_148' title='bbox 367 2079 406 2122; x_wconf 87' lang='lat' dir='ltr'>se</span> <span class='ocrx_word' id='word_1_149' title='bbox 422 2082 512 2123; x_wconf 91' lang='lat' dir='ltr'>Deo</span> <span class='ocrx_word' id='word_1_150' title='bbox 527 2077 718 2123; x_wconf 80' lang='lat' dir='ltr'>voverint</span> <span class='ocrx_word' id='word_1_151' title='bbox 734 2107 749 2130; x_wconf 90' lang='lat'><strong>‚</strong></span> <span class='ocrx_word' id='word_1_152' title='bbox 774 2076 1057 2122; x_wconf 78' lang='lat' dir='ltr'>consumment</span> <span class='ocrx_word' id='word_1_153' title='bbox 1088 2088 1191 2131; x_wconf 86' lang='lat' dir='ltr'>opus</span> 
     </span>
     <span class='ocr_line' id='line_1_29' title="bbox 215 2134 1191 2196; baseline -0.006 -12"><span class='ocrx_word' id='word_1_154' title='bbox 215 2139 330 2186; x_wconf 90' lang='lat' dir='ltr'>suum</span> <span class='ocrx_word' id='word_1_155' title='bbox 345 2151 494 2196; x_wconf 81' lang='lat' dir='ltr'>magno</span> <span class='ocrx_word' id='word_1_156' title='bbox 509 2138 672 2194; x_wconf 85' lang='lat' dir='ltr'>praemio</span> <span class='ocrx_word' id='word_1_157' title='bbox 691 2136 933 2180; x_wconf 81' lang='lat' dir='ltr'>destinatum</span> <span class='ocrx_word' id='word_1_158' title='bbox 950 2166 962 2180; x_wconf 88' lang='lat'><strong>.</strong></span> <span class='ocrx_word' id='word_1_159' title='bbox 977 2134 1191 2194; x_wconf 84' lang='lat' dir='ltr'>Qouiam</span> 
     </span>
     <span class='ocr_line' id='line_1_30' title="bbox 215 2193 1189 2254; baseline -0.008 -12"><span class='ocrx_word' id='word_1_160' title='bbox 215 2207 359 2242; x_wconf 83' lang='lat' dir='ltr'>autem</span> <span class='ocrx_word' id='word_1_161' title='bbox 375 2226 390 2251; x_wconf 88' lang='lat'>,</span> <span class='ocrx_word' id='word_1_162' title='bbox 401 2197 475 2242; x_wconf 83' lang='lat' dir='ltr'>etsi</span> <span class='ocrx_word' id='word_1_163' title='bbox 496 2194 691 2252; x_wconf 84' lang='lat' dir='ltr'>providas</span> <span class='ocrx_word' id='word_1_164' title='bbox 708 2195 940 2254; x_wconf 85' lang='lat' dir='ltr'>hujusmodi</span> <span class='ocrx_word' id='word_1_165' title='bbox 955 2193 1189 2240; x_wconf 67' lang='lat' dir='ltr'>sanctiones</span> 
     </span>
     <span class='ocr_line' id='line_1_31' title="bbox 218 2252 1190 2314; baseline -0.008 -13"><span class='ocrx_word' id='word_1_166' title='bbox 218 2252 625 2311; x_wconf 84' lang='lat' dir='ltr'>constitutionesque</span> <span class='ocrx_word' id='word_1_167' title='bbox 639 2282 654 2305; x_wconf 87' lang='lat'><strong>‚</strong></span> <span class='ocrx_word' id='word_1_168' title='bbox 666 2253 695 2296; x_wconf 82' lang='lat' dir='ltr'><strong>fi</strong></span> <span class='ocrx_word' id='word_1_169' title='bbox 716 2267 764 2297; x_wconf 90' lang='lat' dir='ltr'>ea</span> <span class='ocrx_word' id='word_1_170' title='bbox 775 2282 790 2307; x_wconf 86' lang='lat'>‚</span> <span class='ocrx_word' id='word_1_171' title='bbox 806 2268 884 2309; x_wconf 89' lang='lat' dir='ltr'>qua</span> <span class='ocrx_word' id='word_1_172' title='bbox 897 2254 1016 2314; x_wconf 62' lang='lat' dir='ltr'>decet</span> <span class='ocrx_word' id='word_1_173' title='bbox 1029 2282 1046 2305; x_wconf 88' lang='lat'>,</span> <span class='ocrx_word' id='word_1_174' title='bbox 1064 2264 1190 2306; x_wconf 87' lang='lat' dir='ltr'>regu-</span> 
     </span>
     <span class='ocr_line' id='line_1_32' title="bbox 215 2311 1192 2371; baseline -0.009 -10"><span class='ocrx_word' id='word_1_175' title='bbox 215 2317 314 2361; x_wconf 84' lang='lat' dir='ltr'>laris</span> <span class='ocrx_word' id='word_1_176' title='bbox 327 2313 547 2371; x_wconf 71' lang='lat' dir='ltr'>disciplina</span> <span class='ocrx_word' id='word_1_177' title='bbox 571 2311 829 2356; x_wconf 87' lang='lat' dir='ltr'>observantia</span> <span class='ocrx_word' id='word_1_178' title='bbox 854 2311 1158 2357; x_wconf 86' lang='lat' dir='ltr'>custodirentur</span> <span class='ocrx_word' id='word_1_179' title='bbox 1176 2335 1192 2359; x_wconf 81' lang='lat'>‚</span> 
     </span>
     <span class='ocr_line' id='line_1_33' title="bbox 215 2368 1193 2429; baseline -0.008 -10"><span class='ocrx_word' id='word_1_180' title='bbox 215 2374 310 2419; x_wconf 84' lang='lat' dir='ltr'>satis</span> <span class='ocrx_word' id='word_1_181' title='bbox 323 2372 402 2419; x_wconf 81' lang='lat' dir='ltr'>esse</span> <span class='ocrx_word' id='word_1_182' title='bbox 413 2373 558 2417; x_wconf 88' lang='lat' dir='ltr'>scimus</span> <span class='ocrx_word' id='word_1_183' title='bbox 568 2399 585 2424; x_wconf 90' lang='lat'>,</span> <span class='ocrx_word' id='word_1_184' title='bbox 602 2379 649 2415; x_wconf 85' lang='lat' dir='ltr'>ut</span> <span class='ocrx_word' id='word_1_185' title='bbox 663 2372 854 2429; x_wconf 85' lang='lat' dir='ltr'>Virgines</span> <span class='ocrx_word' id='word_1_186' title='bbox 869 2386 916 2416; x_wconf 91' lang='lat' dir='ltr'>ea</span> <span class='ocrx_word' id='word_1_187' title='bbox 927 2398 943 2420; x_wconf 87' lang='lat'>,</span> <span class='ocrx_word' id='word_1_188' title='bbox 972 2384 1057 2426; x_wconf 73' lang='lat' dir='ltr'>qua</span> <span class='ocrx_word' id='word_1_189' title='bbox 1080 2368 1193 2414; x_wconf 80' lang='lat' dir='ltr'>caele-</span> 
     </span>
     <span class='ocr_line' id='line_1_34' title="bbox 217 2427 1190 2489; baseline -0.008 -9"><span class='ocrx_word' id='word_1_190' title='bbox 217 2435 284 2480; x_wconf 82' lang='lat' dir='ltr'>stis</span> <span class='ocrx_word' id='word_1_191' title='bbox 301 2432 548 2479; x_wconf 77' lang='lat' dir='ltr'>eorumdem</span> <span class='ocrx_word' id='word_1_192' title='bbox 558 2429 702 2487; x_wconf 71' lang='lat' dir='ltr'>sponsi</span> <span class='ocrx_word' id='word_1_193' title='bbox 712 2430 804 2489; x_wconf 87' lang='lat' dir='ltr'>Jesu</span> <span class='ocrx_word' id='word_1_194' title='bbox 817 2430 970 2476; x_wconf 76' lang='lat' dir='ltr'>Christi</span> <span class='ocrx_word' id='word_1_195' title='bbox 984 2427 1073 2473; x_wconf 90' lang='lat' dir='ltr'>sunt</span> <span class='ocrx_word' id='word_1_196' title='bbox 1087 2458 1102 2481; x_wconf 91' lang='lat'><em>‚</em></span> <span class='ocrx_word' id='word_1_197' title='bbox 1117 2443 1190 2476; x_wconf 89' lang='lat' dir='ltr'>co-</span> 
     </span>
     <span class='ocr_line' id='line_1_35' title="bbox 214 2487 1189 2553; baseline -0.007 -15"><span class='ocrx_word' id='word_1_198' title='bbox 214 2495 424 2553; x_wconf 72' lang='lat' dir='ltr'>gitantes,</span> <span class='ocrx_word' id='word_1_199' title='bbox 450 2490 527 2536; x_wconf 87' lang='lat' dir='ltr'>sint</span> <span class='ocrx_word' id='word_1_200' title='bbox 543 2487 693 2540; x_wconf 18' lang='lat' dir='ltr'>*sanstae</span> <span class='ocrx_word' id='word_1_201' title='bbox 716 2492 756 2536; x_wconf 78' lang='grc' dir='ltr'>δι</span> <span class='ocrx_word' id='word_1_202' title='bbox 776 2503 952 2545; x_wconf 85' lang='lat' dir='ltr'>corpore</span> <span class='ocrx_word' id='word_1_203' title='bbox 970 2487 1189 2545; x_wconf 78' lang='lat' dir='ltr'>&amp;spiritu3</span> 
     </span>
     <span class='ocr_line' id='line_1_36' title="bbox 214 2546 1190 2610; baseline -0.006 -12"><span class='ocrx_word' id='word_1_204' title='bbox 214 2554 341 2610; x_wconf 77' lang='lat' dir='ltr'>longa</span> <span class='ocrx_word' id='word_1_205' title='bbox 360 2558 507 2598; x_wconf 81' lang='lat' dir='ltr'>tamen</span> <span class='ocrx_word' id='word_1_206' title='bbox 535 2549 787 2607; x_wconf 76' lang='lat' dir='ltr'>experientia</span> <span class='ocrx_word' id='word_1_207' title='bbox 803 2548 938 2594; x_wconf 66' lang='lat' dir='ltr'>edoai</span> <span class='ocrx_word' id='word_1_208' title='bbox 951 2578 965 2602; x_wconf 87' lang='lat'>,</span> <span class='ocrx_word' id='word_1_209' title='bbox 978 2550 1019 2594; x_wconf 76' lang='grc' dir='ltr'>δι</span> <span class='ocrx_word' id='word_1_210' title='bbox 1033 2546 1190 2592; x_wconf 84' lang='lat' dir='ltr'>affiduis</span> 
     </span>
     <span class='ocr_line' id='line_1_37' title="bbox 213 2607 1191 2657; baseline -0.007 0"><span class='ocrx_word' id='word_1_211' title='bbox 213 2607 533 2657; x_wconf 78' lang='lat' dir='ltr'>Venerabilium</span> <span class='ocrx_word' id='word_1_212' title='bbox 559 2609 751 2653; x_wconf 76' lang='lat' dir='ltr'>Fratrum</span> <span class='ocrx_word' id='word_1_213' title='bbox 776 2607 950 2652; x_wconf 81' lang='lat' dir='ltr'>aliarum</span> <span class='ocrx_word' id='word_1_214' title='bbox 979 2607 1191 2653; x_wconf 80' lang='lat' dir='ltr'>Ecclesia-</span> 
     </span>
     <span class='ocr_line' id='line_1_38' title="bbox 211 2664 1191 2724; baseline -0.009 -8"><span class='ocrx_word' id='word_1_215' title='bbox 211 2684 308 2723; x_wconf 68' lang='lat' dir='ltr'>tum</span> <span class='ocrx_word' id='word_1_216' title='bbox 323 2666 562 2713; x_wconf 80' lang='lat' dir='ltr'>Antistitum</span> <span class='ocrx_word' id='word_1_217' title='bbox 587 2665 768 2724; x_wconf 77' lang='lat' dir='ltr'>querelis</span> <span class='ocrx_word' id='word_1_218' title='bbox 795 2665 1024 2716; x_wconf 81' lang='lat' dir='ltr'>admoniti,</span> <span class='ocrx_word' id='word_1_219' title='bbox 1053 2664 1191 2721; x_wconf 86' lang='lat' dir='ltr'>supre-</span> 
     </span>
     <span class='ocr_line' id='line_1_39' title="bbox 214 2723 1192 2782; baseline -0.008 -8"><span class='ocrx_word' id='word_1_220' title='bbox 214 2742 299 2774; x_wconf 84' lang='lat' dir='ltr'>mas</span> <span class='ocrx_word' id='word_1_221' title='bbox 322 2723 568 2782; x_wconf 70' lang='lat' dir='ltr'>Apostolicae</span> <span class='ocrx_word' id='word_1_222' title='bbox 604 2726 860 2768; x_wconf 64' lang='lat' dir='ltr'>auctoritatis</span> <span class='ocrx_word' id='word_1_223' title='bbox 898 2723 1192 2782; x_wconf 69' lang='lat' dir='ltr'>providentiae·</span> 
     </span>
     <span class='ocr_line' id='line_1_40' title="bbox 213 2781 1191 2846; baseline -0.005 -16"><span class='ocrx_word' id='word_1_224' title='bbox 213 2800 298 2846; x_wconf 80' lang='lat' dir='ltr'>que</span> <span class='ocrx_word' id='word_1_225' title='bbox 312 2793 449 2842; x_wconf 85' lang='lat' dir='ltr'>partes</span> <span class='ocrx_word' id='word_1_226' title='bbox 473 2781 654 2839; x_wconf 85' lang='lat' dir='ltr'>requiri,</span> <span class='ocrx_word' id='word_1_227' title='bbox 669 2793 717 2825; x_wconf 91' lang='lat' dir='ltr'>ut</span> <span class='ocrx_word' id='word_1_228' title='bbox 726 2783 916 2826; x_wconf 83' lang='lat' dir='ltr'>abusibus</span> <span class='ocrx_word' id='word_1_229' title='bbox 936 2784 1191 2838; x_wconf 87' lang='lat' dir='ltr'>quampluri-</span> 
     </span>
     <span class='ocr_line' id='line_1_41' title="bbox 214 2840 1192 2898; baseline -0.006 -7"><span class='ocrx_word' id='word_1_230' title='bbox 214 2845 298 2891; x_wconf 83' lang='lat' dir='ltr'>mis</span> <span class='ocrx_word' id='word_1_231' title='bbox 310 2856 362 2893; x_wconf 74' lang='lat' dir='ltr'>ex</span> <span class='ocrx_word' id='word_1_232' title='bbox 377 2840 501 2887; x_wconf 82' lang='lat' dir='ltr'>nimia</span> <span class='ocrx_word' id='word_1_233' title='bbox 520 2852 875 2898; x_wconf 85' lang='lat' dir='ltr'>quorumcumque</span> <span class='ocrx_word' id='word_1_234' title='bbox 889 2869 903 2893; x_wconf 87' lang='lat'>,</span> <span class='ocrx_word' id='word_1_235' title='bbox 917 2851 986 2884; x_wconf 87' lang='lat' dir='ltr'>aut</span> <span class='ocrx_word' id='word_1_236' title='bbox 1001 2840 1073 2885; x_wconf 82' lang='lat' dir='ltr'>sibi</span> <span class='ocrx_word' id='word_1_237' title='bbox 1089 2855 1192 2898; x_wconf 88' lang='lat' dir='ltr'>quo-</span> 
     </span>
     <span class='ocr_line' id='line_1_42' title="bbox 216 2900 1194 2961; baseline -0.003 -14"><span class='ocrx_word' id='word_1_238' title='bbox 216 2914 393 2961; x_wconf 74' lang='lat' dir='ltr'>cumque</span> <span class='ocrx_word' id='word_1_239' title='bbox 408 2902 526 2959; x_wconf 65' lang='lat' dir='ltr'>paeto</span> <span class='ocrx_word' id='word_1_240' title='bbox 539 2901 819 2956; x_wconf 75' lang='lat' dir='ltr'>arrogantium</span> <span class='ocrx_word' id='word_1_241' title='bbox 830 2928 846 2953; x_wconf 86' lang='lat'>,</span> <span class='ocrx_word' id='word_1_242' title='bbox 857 2909 927 2944; x_wconf 87' lang='lat' dir='ltr'>aut</span> <span class='ocrx_word' id='word_1_243' title='bbox 942 2900 1194 2955; x_wconf 77' lang='lat' dir='ltr'>praetenden-</span> 
     </span>
     <span class='ocr_line' id='line_1_43' title="bbox 214 2957 1192 3016; baseline -0.005 -9"><span class='ocrx_word' id='word_1_244' title='bbox 214 2965 338 3016; x_wconf 66' lang='lat' dir='ltr'>tium,</span> <span class='ocrx_word' id='word_1_245' title='bbox 348 2970 419 3005; x_wconf 77' lang='lat' dir='ltr'>aut</span> <span class='ocrx_word' id='word_1_246' title='bbox 428 2957 746 3005; x_wconf 77' lang='lat' dir='ltr'>obtendentium</span> <span class='ocrx_word' id='word_1_247' title='bbox 759 2957 1016 3011; x_wconf 77' lang='lat' dir='ltr'>facultatem,</span> <span class='ocrx_word' id='word_1_248' title='bbox 1030 2957 1130 3005; x_wconf 69' lang='lat' dir='ltr'>aliis</span> <span class='ocrx_word' id='word_1_249' title='bbox 1148 2958 1192 3002; x_wconf 86' lang='lat' dir='ltr'>si-</span> 
     </span>
     <span class='ocr_line' id='line_1_44' title="bbox 217 3017 1190 3080; baseline -0.006 -14"><span class='ocrx_word' id='word_1_250' title='bbox 217 3023 260 3067; x_wconf 83' lang='lat' dir='ltr'>bi</span> <span class='ocrx_word' id='word_1_251' title='bbox 274 3017 590 3080; x_wconf 76' lang='lat' dir='ltr'>quomodolibet</span> <span class='ocrx_word' id='word_1_252' title='bbox 603 3017 682 3062; x_wconf 84' lang='lat' dir='ltr'>five</span> <span class='ocrx_word' id='word_1_253' title='bbox 695 3019 720 3063; x_wconf 72' lang='lat' dir='ltr'>a</span> <span class='ocrx_word' id='word_1_254' title='bbox 732 3018 821 3073; x_wconf 78' lang='lat' dir='ltr'>jure</span> <span class='ocrx_word' id='word_1_255' title='bbox 832 3045 848 3069; x_wconf 83' lang='lat'>,</span> <span class='ocrx_word' id='word_1_256' title='bbox 859 3018 938 3063; x_wconf 88' lang='lat' dir='ltr'>five</span> <span class='ocrx_word' id='word_1_257' title='bbox 952 3019 1002 3061; x_wconf 91' lang='lat' dir='ltr'>ab</span> <span class='ocrx_word' id='word_1_258' title='bbox 1019 3018 1190 3063; x_wconf 86' lang='lat' dir='ltr'>homine</span> 
     </span>
     <span class='ocr_line' id='line_1_45' title="bbox 217 3075 1188 3129; baseline -0.004 -4"><span class='ocrx_word' id='word_1_259' title='bbox 217 3077 443 3125; x_wconf 70' lang='lat' dir='ltr'>concessam</span> <span class='ocrx_word' id='word_1_260' title='bbox 454 3105 470 3129; x_wconf 86' lang='lat'>,</span> <span class='ocrx_word' id='word_1_261' title='bbox 492 3077 557 3122; x_wconf 90' lang='lat' dir='ltr'>vel</span> <span class='ocrx_word' id='word_1_262' title='bbox 573 3075 915 3123; x_wconf 68' lang='lat' dir='ltr'>demandaturum</span> <span class='ocrx_word' id='word_1_263' title='bbox 930 3092 1188 3124; x_wconf 75' lang='lat' dir='ltr'>munerum..-</span> 
     </span>
     <span class='ocr_line' id='line_1_46' title="bbox 219 3134 1193 3194; baseline -0.005 -11"><span class='ocrx_word' id='word_1_264' title='bbox 219 3139 380 3185; x_wconf 86' lang='lat' dir='ltr'>ratione</span> <span class='ocrx_word' id='word_1_265' title='bbox 404 3137 585 3183; x_wconf 80' lang='lat' dir='ltr'>debitam</span> <span class='ocrx_word' id='word_1_266' title='bbox 604 3134 708 3189; x_wconf 79' lang='lat' dir='ltr'>esse,</span> <span class='ocrx_word' id='word_1_267' title='bbox 723 3146 767 3180; x_wconf 90' lang='lat' dir='ltr'>ut</span> <span class='ocrx_word' id='word_1_268' title='bbox 790 3137 870 3181; x_wconf 85' lang='lat' dir='ltr'>five</span> <span class='ocrx_word' id='word_1_269' title='bbox 895 3137 964 3194; x_wconf 79' lang='lat' dir='ltr'>ipsi</span> <span class='ocrx_word' id='word_1_270' title='bbox 984 3165 1000 3191; x_wconf 89' lang='lat'>,</span> <span class='ocrx_word' id='word_1_271' title='bbox 1026 3136 1107 3180; x_wconf 86' lang='lat' dir='ltr'>five</span> <span class='ocrx_word' id='word_1_272' title='bbox 1122 3137 1193 3180; x_wconf 83' lang='lat' dir='ltr'>alii</span> 
     </span>
     <span class='ocr_line' id='line_1_47' title="bbox 217 3195 1196 3257; baseline -0.008 -13"><span class='ocrx_word' id='word_1_273' title='bbox 217 3197 380 3257; x_wconf 78' lang='lat' dir='ltr'>ingredi</span> <span class='ocrx_word' id='word_1_274' title='bbox 394 3195 614 3241; x_wconf 84' lang='lat' dir='ltr'>clausuram</span> <span class='ocrx_word' id='word_1_275' title='bbox 627 3196 866 3241; x_wconf 89' lang='lat' dir='ltr'>Monialium</span> <span class='ocrx_word' id='word_1_276' title='bbox 879 3226 895 3250; x_wconf 88' lang='lat'>‚</span> <span class='ocrx_word' id='word_1_277' title='bbox 911 3205 980 3241; x_wconf 82' lang='lat' dir='ltr'>aut</span> <span class='ocrx_word' id='word_1_278' title='bbox 992 3196 1081 3253; x_wconf 78' lang='lat' dir='ltr'>ipsae</span> <span class='ocrx_word' id='word_1_279' title='bbox 1100 3199 1196 3242; x_wconf 85' lang='lat' dir='ltr'>Mo-</span> 
     </span>
     <span class='ocr_line' id='line_1_48' title="bbox 218 3255 1195 3313; baseline -0.006 -10"><span class='ocrx_word' id='word_1_280' title='bbox 218 3257 348 3305; x_wconf 79' lang='lat' dir='ltr'>niales</span> <span class='ocrx_word' id='word_1_281' title='bbox 361 3257 387 3300; x_wconf 76' lang='grc' dir='ltr'>ὲ</span> <span class='ocrx_word' id='word_1_282' title='bbox 398 3255 581 3301; x_wconf 88' lang='lat' dir='ltr'>clausura</span> <span class='ocrx_word' id='word_1_283' title='bbox 606 3257 662 3298; x_wconf 92' lang='lat' dir='ltr'>ob</span> <span class='ocrx_word' id='word_1_284' title='bbox 673 3255 946 3313; x_wconf 85' lang='lat' dir='ltr'>quascumque</span> <span class='ocrx_word' id='word_1_285' title='bbox 971 3257 1097 3300; x_wconf 88' lang='lat' dir='ltr'>ctiam</span> <span class='ocrx_word' id='word_1_286' title='bbox 1112 3269 1195 3298; x_wconf 89' lang='lat' dir='ltr'>non</span> 
     </span>
     <span class='ocr_line' id='line_1_49' title="bbox 219 3313 1194 3374; baseline -0.004 -12"><span class='ocrx_word' id='word_1_287' title='bbox 219 3316 423 3374; x_wconf 79' lang='lat' dir='ltr'>legitimas</span> <span class='ocrx_word' id='word_1_288' title='bbox 440 3313 572 3359; x_wconf 76' lang='lat' dir='ltr'>causas</span> <span class='ocrx_word' id='word_1_289' title='bbox 586 3314 756 3373; x_wconf 90' lang='lat' dir='ltr'>egredi,</span> <span class='ocrx_word' id='word_1_290' title='bbox 773 3317 949 3361; x_wconf 66' lang='lat' dir='ltr'>&amp;„extra</span> <span class='ocrx_word' id='word_1_291' title='bbox 967 3316 1194 3360; x_wconf 86' lang='lat' dir='ltr'>clausuram</span> 
     </span>
     <span class='ocr_line' id='line_1_50' title="bbox 220 3374 1197 3441; baseline -0.004 -20"><span class='ocrx_word' id='word_1_292' title='bbox 220 3374 449 3441; x_wconf 73' lang='lat' dir='ltr'>hujusmodi</span> <span class='ocrx_word' id='word_1_293' title='bbox 477 3375 724 3419; x_wconf 88' lang='lat' dir='ltr'>commorari</span> <span class='ocrx_word' id='word_1_294' title='bbox 765 3374 908 3432; x_wconf 84' lang='lat' dir='ltr'>poffint</span> <span class='ocrx_word' id='word_1_295' title='bbox 930 3402 946 3425; x_wconf 87' lang='lat'>,</span> <span class='ocrx_word' id='word_1_296' title='bbox 984 3375 1197 3419; x_wconf 84' lang='lat' dir='ltr'>licentiam</span> 
     </span>
     <span class='ocr_line' id='line_1_51' title="bbox 221 3433 1198 3492; baseline 0.002 -16"><span class='ocrx_word' id='word_1_297' title='bbox 221 3433 498 3491; x_wconf 58' lang='lat' dir='ltr'>concedendi,</span> <span class='ocrx_word' id='word_1_298' title='bbox 510 3434 769 3492; x_wconf 65' lang='lat' dir='ltr'>indulgentia</span> <span class='ocrx_word' id='word_1_299' title='bbox 783 3433 921 3480; x_wconf 86' lang='lat' dir='ltr'>senfim</span> <span class='ocrx_word' id='word_1_300' title='bbox 939 3435 1105 3479; x_wconf 68' lang='lat' dir='ltr'>inveffis</span> <span class='ocrx_word' id='word_1_301' title='bbox 1120 3448 1198 3490; x_wconf 83' lang='lat' dir='ltr'>op·</span> 
     </span>
     <span class='ocr_line' id='line_1_52' title="bbox 220 3492 1197 3552; baseline 0.001 -16"><span class='ocrx_word' id='word_1_302' title='bbox 220 3492 402 3552; x_wconf 57' lang='lat' dir='ltr'>portua}</span> <span class='ocrx_word' id='word_1_303' title='bbox 420 3504 694 3539; x_wconf 72' lang='lat' dir='ltr'>occurratur:</span> <span class='ocrx_word' id='word_1_304' title='bbox 730 3495 837 3540; x_wconf 86' lang='lat' dir='ltr'>Hinc</span> <span class='ocrx_word' id='word_1_305' title='bbox 863 3495 919 3538; x_wconf 88' lang='lat' dir='ltr'>est</span> <span class='ocrx_word' id='word_1_306' title='bbox 934 3524 948 3546; x_wconf 88' lang='lat'><strong>‚</strong></span> <span class='ocrx_word' id='word_1_307' title='bbox 975 3495 1093 3551; x_wconf 81' lang='lat' dir='ltr'>quod</span> <span class='ocrx_word' id='word_1_308' title='bbox 1108 3497 1197 3537; x_wconf 85' lang='lat' dir='ltr'>Nos</span> 
     </span>
     <span class='ocr_line' id='line_1_53' title="bbox 222 3545 1195 3611; baseline 0.002 -15"><span class='ocrx_word' id='word_1_309' title='bbox 222 3566 302 3611; x_wconf 83' lang='lat' dir='ltr'>pro</span> <span class='ocrx_word' id='word_1_310' title='bbox 315 3545 494 3608; x_wconf 80' lang='lat' dir='ltr'>suprema</span> <span class='ocrx_word' id='word_1_311' title='bbox 517 3555 708 3599; x_wconf 85' lang='lat' dir='ltr'>omnium</span> <span class='ocrx_word' id='word_1_312' title='bbox 739 3553 1080 3599; x_wconf 80' lang='lat' dir='ltr'>christifidelium</span> <span class='ocrx_word' id='word_1_313' title='bbox 1097 3568 1195 3610; x_wconf 84' lang='lat' dir='ltr'>pro-</span> 
     </span>
    </p>
   </div>
   <div class='ocr_carea' id='block_1_6' title="bbox 2009 192 2153 270">
    <p class='ocr_par' dir='ltr' id='par_1_9' title="bbox 2009 192 2153 270">
     <span class='ocr_line' id='line_1_54' title="bbox 2009 192 2153 270; baseline 0.014 -26"><span class='ocrx_word' id='word_1_314' title='bbox 2009 192 2153 270; x_wconf 78' lang='lat'>501</span> 
     </span>
    </p>
   </div>
   <div class='ocr_carea' id='block_1_7' title="bbox 1244 309 2238 3613">
    <p class='ocr_par' dir='ltr' id='par_1_10' title="bbox 1244 309 2238 3613">
     <span class='ocr_line' id='line_1_55' title="bbox 1245 309 2210 369; baseline -0.004 -14"><span class='ocrx_word' id='word_1_315' title='bbox 1245 314 1442 356; x_wconf 88' lang='lat' dir='ltr'>adhibere</span> <span class='ocrx_word' id='word_1_316' title='bbox 1463 313 1714 367; x_wconf 73' lang='lat' dir='ltr'>satagentes,</span> <span class='ocrx_word' id='word_1_317' title='bbox 1745 309 1987 354; x_wconf 64' lang='lat' dir='ltr'>auftoritate</span> <span class='ocrx_word' id='word_1_318' title='bbox 2004 318 2210 369; x_wconf 79' lang='lat' dir='ltr'>Apostoli-</span> 
     </span>
     <span class='ocr_line' id='line_1_56' title="bbox 1244 367 2214 428; baseline -0.004 -15"><span class='ocrx_word' id='word_1_319' title='bbox 1244 386 1292 412; x_wconf 92' lang='lat' dir='ltr'>ca</span> <span class='ocrx_word' id='word_1_320' title='bbox 1318 401 1332 423; x_wconf 88' lang='lat'>‚</span> <span class='ocrx_word' id='word_1_321' title='bbox 1359 382 1502 413; x_wconf 89' lang='lat' dir='ltr'>tenore</span> <span class='ocrx_word' id='word_1_322' title='bbox 1531 367 1783 423; x_wconf 84' lang='lat' dir='ltr'>praescntium</span> <span class='ocrx_word' id='word_1_323' title='bbox 1806 381 1944 409; x_wconf 87' lang='lat' dir='ltr'>omnes</span> <span class='ocrx_word' id='word_1_324' title='bbox 1975 374 2012 411; x_wconf 87' lang='lat'>&amp;</span> <span class='ocrx_word' id='word_1_325' title='bbox 2043 374 2214 428; x_wconf 49' lang='lat' dir='ltr'>singula,</span> 
     </span>
     <span class='ocr_line' id='line_1_57' title="bbox 1246 425 2216 475; baseline 0.007 -6"><span class='ocrx_word' id='word_1_326' title='bbox 1246 429 1566 471; x_wconf 87' lang='lat' dir='ltr'>Constitutiones</span> <span class='ocrx_word' id='word_1_327' title='bbox 1582 426 1604 467; x_wconf 69' lang='grc' dir='ltr'><em>ἃ</em></span> <span class='ocrx_word' id='word_1_328' title='bbox 1620 425 1816 467; x_wconf 86' lang='lat' dir='ltr'>Romanis</span> <span class='ocrx_word' id='word_1_329' title='bbox 1828 426 2090 472; x_wconf 84' lang='lat' dir='ltr'>Pontificibus</span> <span class='ocrx_word' id='word_1_330' title='bbox 2110 436 2216 475; x_wconf 80' lang='lat' dir='ltr'>Prae·</span> 
     </span>
     <span class='ocr_line' id='line_1_58' title="bbox 1245 483 2214 541; baseline -0.001 -13"><span class='ocrx_word' id='word_1_331' title='bbox 1245 485 1515 530; x_wconf 76' lang='lat' dir='ltr'>decessoribus</span> <span class='ocrx_word' id='word_1_332' title='bbox 1541 483 1684 525; x_wconf 83' lang='lat' dir='ltr'>nostris</span> <span class='ocrx_word' id='word_1_333' title='bbox 1710 493 1794 524; x_wconf 89' lang='lat' dir='ltr'>tam</span> <span class='ocrx_word' id='word_1_334' title='bbox 1822 487 2098 538; x_wconf 74' lang='lat' dir='ltr'>ante—quim</span> <span class='ocrx_word' id='word_1_335' title='bbox 2127 491 2214 541; x_wconf 85' lang='lat' dir='ltr'>post</span> 
     </span>
     <span class='ocr_line' id='line_1_59' title="bbox 1246 542 2215 596; baseline 0.001 -8"><span class='ocrx_word' id='word_1_336' title='bbox 1246 543 1427 588; x_wconf 87' lang='lat' dir='ltr'>Concilii</span> <span class='ocrx_word' id='word_1_337' title='bbox 1446 542 1682 585; x_wconf 86' lang='lat' dir='ltr'>Tridentini</span> <span class='ocrx_word' id='word_1_338' title='bbox 1702 543 1877 585; x_wconf 84' lang='lat' dir='ltr'>Decreta</span> <span class='ocrx_word' id='word_1_339' title='bbox 1903 543 2016 596; x_wconf 81' lang='lat' dir='ltr'>super</span> <span class='ocrx_word' id='word_1_340' title='bbox 2033 544 2215 589; x_wconf 84' lang='lat' dir='ltr'>clausura</span> 
     </span>
     <span class='ocr_line' id='line_1_60' title="bbox 1245 600 2218 646; baseline -0.007 0"><span class='ocrx_word' id='word_1_341' title='bbox 1245 602 1484 646; x_wconf 84' lang='lat' dir='ltr'>Monialium</span> <span class='ocrx_word' id='word_1_342' title='bbox 1508 601 1639 644; x_wconf 88' lang='lat' dir='ltr'>editas</span> <span class='ocrx_word' id='word_1_343' title='bbox 1666 614 1907 644; x_wconf 84' lang='lat' dir='ltr'>renovamus</span> <span class='ocrx_word' id='word_1_344' title='bbox 1935 602 1975 642; x_wconf 75' lang='grc' dir='ltr'>δι</span> <span class='ocrx_word' id='word_1_345' title='bbox 1995 600 2218 643; x_wconf 85' lang='lat' dir='ltr'>confirma-</span> 
     </span>
     <span class='ocr_line' id='line_1_61' title="bbox 1246 658 2217 715; baseline -0.003 -10"><span class='ocrx_word' id='word_1_346' title='bbox 1246 674 1334 705; x_wconf 88' lang='lat' dir='ltr'>mus</span> <span class='ocrx_word' id='word_1_347' title='bbox 1350 689 1364 713; x_wconf 85' lang='lat'>‚</span> <span class='ocrx_word' id='word_1_348' title='bbox 1378 674 1535 703; x_wconf 87' lang='lat' dir='ltr'>necnon</span> <span class='ocrx_word' id='word_1_349' title='bbox 1549 659 1794 715; x_wconf 84' lang='lat' dir='ltr'>inposterum</span> <span class='ocrx_word' id='word_1_350' title='bbox 1815 661 1866 702; x_wconf 89' lang='lat' dir='ltr'>ab</span> <span class='ocrx_word' id='word_1_351' title='bbox 1879 658 2067 702; x_wconf 83' lang='lat' dir='ltr'>omnibus</span> <span class='ocrx_word' id='word_1_352' title='bbox 2089 662 2130 702; x_wconf 89' lang='lat'>&amp;</span> <span class='ocrx_word' id='word_1_353' title='bbox 2145 662 2217 702; x_wconf 83' lang='lat' dir='ltr'>[in-</span> 
     </span>
     <span class='ocr_line' id='line_1_62' title="bbox 1253 717 2218 776; baseline -0.001 -14"><span class='ocrx_word' id='word_1_354' title='bbox 1253 720 1358 776; x_wconf 88' lang='lat' dir='ltr'>gulis</span> <span class='ocrx_word' id='word_1_355' title='bbox 1374 747 1389 771; x_wconf 87' lang='lat'>,</span> <span class='ocrx_word' id='word_1_356' title='bbox 1414 718 1463 761; x_wconf 89' lang='lat' dir='ltr'>ad</span> <span class='ocrx_word' id='word_1_357' title='bbox 1478 733 1580 775; x_wconf 88' lang='lat' dir='ltr'>quos</span> <span class='ocrx_word' id='word_1_358' title='bbox 1608 717 1758 773; x_wconf 66' lang='lat' dir='ltr'>spectat</span> <span class='ocrx_word' id='word_1_359' title='bbox 1773 749 1788 772; x_wconf 87' lang='lat'><strong>‚</strong></span> <span class='ocrx_word' id='word_1_360' title='bbox 1812 720 1853 761; x_wconf 78' lang='grc' dir='ltr'>δι</span> <span class='ocrx_word' id='word_1_361' title='bbox 1874 719 1914 760; x_wconf 87' lang='lat' dir='ltr'>in</span> <span class='ocrx_word' id='word_1_362' title='bbox 1937 717 2114 762; x_wconf 86' lang='lat' dir='ltr'>futurum</span> <span class='ocrx_word' id='word_1_363' title='bbox 2129 720 2218 773; x_wconf 85' lang='lat' dir='ltr'>spe-</span> 
     </span>
     <span class='ocr_line' id='line_1_63' title="bbox 1253 776 2221 840; baseline -0.005 -17"><span class='ocrx_word' id='word_1_364' title='bbox 1253 779 1404 827; x_wconf 66' lang='lat' dir='ltr'>ctabit,</span> <span class='ocrx_word' id='word_1_365' title='bbox 1429 776 1502 840; x_wconf 81' lang='lat' dir='ltr'>sub</span> <span class='ocrx_word' id='word_1_366' title='bbox 1527 777 1668 820; x_wconf 90' lang='lat' dir='ltr'>iisdem</span> <span class='ocrx_word' id='word_1_367' title='bbox 1684 779 1817 835; x_wconf 81' lang='lat' dir='ltr'>poenis</span> <span class='ocrx_word' id='word_1_368' title='bbox 1847 780 1885 820; x_wconf 90' lang='lat' dir='ltr'>in</span> <span class='ocrx_word' id='word_1_369' title='bbox 1903 777 2221 820; x_wconf 80' lang='lat' dir='ltr'>Constitutioni-</span> 
     </span>
     <span class='ocr_line' id='line_1_64' title="bbox 1253 836 2221 882; baseline -0.006 0"><span class='ocrx_word' id='word_1_370' title='bbox 1253 842 1329 882; x_wconf 88' lang='lat' dir='ltr'>bus</span> <span class='ocrx_word' id='word_1_371' title='bbox 1357 837 1594 880; x_wconf 88' lang='lat' dir='ltr'>eorumdem</span> <span class='ocrx_word' id='word_1_372' title='bbox 1622 836 1965 880; x_wconf 77' lang='lat' dir='ltr'>Praedecessorum</span> <span class='ocrx_word' id='word_1_373' title='bbox 1990 836 2221 879; x_wconf 86' lang='lat' dir='ltr'>nostrorum</span> 
     </span>
     <span class='ocr_line' id='line_1_65' title="bbox 1253 895 2223 945; baseline -0.005 -3"><span class='ocrx_word' id='word_1_374' title='bbox 1253 900 1536 942; x_wconf 88' lang='lat' dir='ltr'>Romanorum</span> <span class='ocrx_word' id='word_1_375' title='bbox 1553 895 1800 939; x_wconf 87' lang='lat' dir='ltr'>Pontificum</span> <span class='ocrx_word' id='word_1_376' title='bbox 1813 923 1828 945; x_wconf 87' lang='lat'>,</span> <span class='ocrx_word' id='word_1_377' title='bbox 1851 897 1889 938; x_wconf 76' lang='grc' dir='ltr'>δι</span> <span class='ocrx_word' id='word_1_378' title='bbox 1907 897 2095 938; x_wconf 86' lang='lat' dir='ltr'>Decretis</span> <span class='ocrx_word' id='word_1_379' title='bbox 2110 896 2223 937; x_wconf 89' lang='lat' dir='ltr'>Con-</span> 
     </span>
     <span class='ocr_line' id='line_1_66' title="bbox 1252 954 2224 1008; baseline -0.004 -8"><span class='ocrx_word' id='word_1_380' title='bbox 1252 957 1338 1001; x_wconf 90' lang='lat' dir='ltr'>cilii</span> <span class='ocrx_word' id='word_1_381' title='bbox 1362 954 1597 998; x_wconf 87' lang='lat' dir='ltr'>Tridentini</span> <span class='ocrx_word' id='word_1_382' title='bbox 1612 954 1767 1008; x_wconf 81' lang='lat' dir='ltr'>praefati</span> <span class='ocrx_word' id='word_1_383' title='bbox 1782 956 1988 997; x_wconf 87' lang='lat' dir='ltr'>contentis</span> <span class='ocrx_word' id='word_1_384' title='bbox 2003 955 2224 998; x_wconf 84' lang='lat' dir='ltr'>inviolabi-</span> 
     </span>
     <span class='ocr_line' id='line_1_67' title="bbox 1252 1013 2224 1062; baseline -0.005 -3"><span class='ocrx_word' id='word_1_385' title='bbox 1252 1017 1348 1060; x_wconf 90' lang='lat' dir='ltr'>liter</span> <span class='ocrx_word' id='word_1_386' title='bbox 1367 1013 1641 1057; x_wconf 77' lang='lat' dir='ltr'>observandas</span> <span class='ocrx_word' id='word_1_387' title='bbox 1659 1014 1740 1056; x_wconf 84' lang='lat' dir='ltr'>esse</span> <span class='ocrx_word' id='word_1_388' title='bbox 1771 1014 2003 1062; x_wconf 84' lang='lat' dir='ltr'>statuimus,</span> <span class='ocrx_word' id='word_1_389' title='bbox 2036 1013 2224 1058; x_wconf 88' lang='lat' dir='ltr'>decerni-</span> 
     </span>
     <span class='ocr_line' id='line_1_68' title="bbox 1250 1071 2051 1130; baseline -0.005 -11"><span class='ocrx_word' id='word_1_390' title='bbox 1250 1089 1366 1126; x_wconf 85' lang='lat' dir='ltr'>mus,</span> <span class='ocrx_word' id='word_1_391' title='bbox 1381 1074 1629 1130; x_wconf 83' lang='lat' dir='ltr'>praecipimus</span> <span class='ocrx_word' id='word_1_392' title='bbox 1643 1083 1764 1130; x_wconf 83' lang='lat' dir='ltr'>atque</span> <span class='ocrx_word' id='word_1_393' title='bbox 1787 1071 2026 1115; x_wconf 84' lang='lat' dir='ltr'>mandamus</span> <span class='ocrx_word' id='word_1_394' title='bbox 2038 1103 2051 1115; x_wconf 88' lang='lat'><em>.</em></span> 
     </span>
     <span class='ocr_line' id='line_1_69' title="bbox 1280 1130 2227 1191; baseline -0.011 -11"><span class='ocrx_word' id='word_1_395' title='bbox 1280 1138 1474 1191; x_wconf 65' lang='lat' dir='ltr'>Preterea</span> <span class='ocrx_word' id='word_1_396' title='bbox 1488 1143 1603 1176; x_wconf 89' lang='lat' dir='ltr'>motu</span> <span class='ocrx_word' id='word_1_397' title='bbox 1618 1132 1789 1189; x_wconf 86' lang='lat' dir='ltr'>proprio</span> <span class='ocrx_word' id='word_1_398' title='bbox 1801 1134 1840 1174; x_wconf 79' lang='grc' dir='ltr'>δι</span> <span class='ocrx_word' id='word_1_399' title='bbox 1853 1145 1900 1173; x_wconf 85' lang='lat' dir='ltr'>ex</span> <span class='ocrx_word' id='word_1_400' title='bbox 1916 1142 2030 1175; x_wconf 86' lang='lat' dir='ltr'>certa</span> <span class='ocrx_word' id='word_1_401' title='bbox 2046 1130 2227 1181; x_wconf 87' lang='lat' dir='ltr'>scientia,</span> 
     </span>
     <span class='ocr_line' id='line_1_70' title="bbox 1249 1190 2226 1246; baseline -0.007 -9"><span class='ocrx_word' id='word_1_402' title='bbox 1249 1210 1297 1238; x_wconf 86' lang='lat' dir='ltr'>ac</span> <span class='ocrx_word' id='word_1_403' title='bbox 1313 1203 1471 1237; x_wconf 83' lang='lat' dir='ltr'>matura</span> <span class='ocrx_word' id='word_1_404' title='bbox 1486 1192 1785 1236; x_wconf 82' lang='lat' dir='ltr'>deliberatione</span> <span class='ocrx_word' id='word_1_405' title='bbox 1799 1190 2093 1246; x_wconf 76' lang='lat' dir='ltr'>nostris,deque</span> <span class='ocrx_word' id='word_1_406' title='bbox 2109 1193 2145 1232; x_wconf 85' lang='lat' dir='ltr'>A</span> <span class='ocrx_word' id='word_1_407' title='bbox 2152 1203 2226 1245; x_wconf 88' lang='lat' dir='ltr'>po-</span> 
     </span>
     <span class='ocr_line' id='line_1_71' title="bbox 1246 1250 2228 1310; baseline -0.008 -12"><span class='ocrx_word' id='word_1_408' title='bbox 1246 1254 1383 1310; x_wconf 67' lang='lat' dir='ltr'>stolicg</span> <span class='ocrx_word' id='word_1_409' title='bbox 1397 1253 1607 1310; x_wconf 83' lang='lat' dir='ltr'>potestatis</span> <span class='ocrx_word' id='word_1_410' title='bbox 1623 1251 1875 1308; x_wconf 88' lang='lat' dir='ltr'>plenitudine</span> <span class='ocrx_word' id='word_1_411' title='bbox 1887 1250 2120 1293; x_wconf 89' lang='lat' dir='ltr'>earumdem</span> <span class='ocrx_word' id='word_1_412' title='bbox 2136 1262 2228 1305; x_wconf 67' lang='lat' dir='ltr'>pre-</span> 
     </span>
     <span class='ocr_line' id='line_1_72' title="bbox 1246 1308 2223 1366; baseline -0.007 -12"><span class='ocrx_word' id='word_1_413' title='bbox 1246 1312 1417 1356; x_wconf 89' lang='lat' dir='ltr'>sentium</span> <span class='ocrx_word' id='word_1_414' title='bbox 1443 1321 1586 1355; x_wconf 89' lang='lat' dir='ltr'>tenore</span> <span class='ocrx_word' id='word_1_415' title='bbox 1614 1313 1750 1353; x_wconf 88' lang='lat' dir='ltr'>omnia</span> <span class='ocrx_word' id='word_1_416' title='bbox 1776 1312 1815 1352; x_wconf 83' lang='lat'>&amp;</span> <span class='ocrx_word' id='word_1_417' title='bbox 1851 1308 1999 1366; x_wconf 85' lang='lat' dir='ltr'>singula</span> <span class='ocrx_word' id='word_1_418' title='bbox 2029 1309 2223 1356; x_wconf 78' lang='lat' dir='ltr'>indulta,</span> 
     </span>
     <span class='ocr_line' id='line_1_73' title="bbox 1245 1365 2228 1425; baseline -0.008 -13"><span class='ocrx_word' id='word_1_419' title='bbox 1245 1371 1482 1425; x_wconf 68' lang='lat' dir='ltr'>privilegia,</span> <span class='ocrx_word' id='word_1_420' title='bbox 1498 1371 1804 1425; x_wconf 71' lang='lat' dir='ltr'>pratogativas,</span> <span class='ocrx_word' id='word_1_421' title='bbox 1830 1365 2050 1410; x_wconf 85' lang='lat' dir='ltr'>facultates</span> <span class='ocrx_word' id='word_1_422' title='bbox 2069 1393 2084 1415; x_wconf 84' lang='lat'>‚</span> <span class='ocrx_word' id='word_1_423' title='bbox 2098 1366 2228 1408; x_wconf 89' lang='lat' dir='ltr'>licen-</span> 
     </span>
     <span class='ocr_line' id='line_1_74' title="bbox 1246 1427 2227 1483; baseline -0.01 -11"><span class='ocrx_word' id='word_1_424' title='bbox 1246 1429 1353 1478; x_wconf 83' lang='lat' dir='ltr'>tias,</span> <span class='ocrx_word' id='word_1_425' title='bbox 1369 1429 1411 1469; x_wconf 76' lang='grc' dir='ltr'>δι</span> <span class='ocrx_word' id='word_1_426' title='bbox 1434 1440 1692 1483; x_wconf 88' lang='lat' dir='ltr'>quocumque</span> <span class='ocrx_word' id='word_1_427' title='bbox 1719 1427 1802 1467; x_wconf 89' lang='lat' dir='ltr'>alio</span> <span class='ocrx_word' id='word_1_428' title='bbox 1832 1428 1952 1479; x_wconf 67' lang='lat' dir='ltr'>paeto</span> <span class='ocrx_word' id='word_1_429' title='bbox 1973 1433 2227 1478; x_wconf 83' lang='lat' dir='ltr'>nuncupatas</span> 
     </span>
     <span class='ocr_line' id='line_1_75' title="bbox 1245 1482 2232 1540; baseline -0.009 -9"><span class='ocrx_word' id='word_1_430' title='bbox 1245 1485 1524 1531; x_wconf 81' lang='lat' dir='ltr'>coueeffiones</span> <span class='ocrx_word' id='word_1_431' title='bbox 1534 1486 1723 1528; x_wconf 88' lang='lat' dir='ltr'>omnibus</span> <span class='ocrx_word' id='word_1_432' title='bbox 1738 1486 1779 1527; x_wconf 76' lang='grc' dir='ltr'>δι</span> <span class='ocrx_word' id='word_1_433' title='bbox 1793 1483 1956 1539; x_wconf 82' lang='lat' dir='ltr'>singulis</span> <span class='ocrx_word' id='word_1_434' title='bbox 1967 1482 2232 1540; x_wconf 58' lang='lat' dir='ltr'>quibuscum,</span> 
     </span>
     <span class='ocr_line' id='line_1_76' title="bbox 1247 1543 2230 1603; baseline -0.003 -15"><span class='ocrx_word' id='word_1_435' title='bbox 1247 1560 1329 1603; x_wconf 89' lang='lat' dir='ltr'>que</span> <span class='ocrx_word' id='word_1_436' title='bbox 1351 1544 1643 1588; x_wconf 79' lang='lat' dir='ltr'>Ecclefiasticis</span> <span class='ocrx_word' id='word_1_437' title='bbox 1661 1543 1841 1598; x_wconf 78' lang='lat' dir='ltr'>personis</span> <span class='ocrx_word' id='word_1_438' title='bbox 1854 1572 1870 1592; x_wconf 90' lang='lat'>,</span> <span class='ocrx_word' id='word_1_439' title='bbox 1887 1556 2142 1600; x_wconf 88' lang='lat' dir='ltr'>quacumque</span> <span class='ocrx_word' id='word_1_440' title='bbox 2153 1555 2230 1585; x_wconf 81' lang='lat' dir='ltr'>au·</span> 
     </span>
     <span class='ocr_line' id='line_1_77' title="bbox 1249 1602 2228 1659; baseline -0.006 -11"><span class='ocrx_word' id='word_1_441' title='bbox 1249 1605 1444 1648; x_wconf 70' lang='lat' dir='ltr'>ctoritate</span> <span class='ocrx_word' id='word_1_442' title='bbox 1455 1629 1470 1652; x_wconf 79' lang='lat'><strong>‚</strong></span> <span class='ocrx_word' id='word_1_443' title='bbox 1486 1602 1692 1659; x_wconf 86' lang='lat' dir='ltr'>dignitate</span> <span class='ocrx_word' id='word_1_444' title='bbox 1705 1630 1721 1654; x_wconf 94' lang='lat'>‚</span> <span class='ocrx_word' id='word_1_445' title='bbox 1742 1603 1898 1644; x_wconf 87' lang='lat' dir='ltr'>honore</span> <span class='ocrx_word' id='word_1_446' title='bbox 1909 1629 1923 1650; x_wconf 83' lang='lat'>‚</span> <span class='ocrx_word' id='word_1_447' title='bbox 1957 1602 2228 1658; x_wconf 67' lang='lat' dir='ltr'>praeeminen-</span> 
     </span>
     <span class='ocr_line' id='line_1_78' title="bbox 1253 1659 2229 1718; baseline -0.007 -10"><span class='ocrx_word' id='word_1_448' title='bbox 1253 1666 1309 1709; x_wconf 87' lang='lat' dir='ltr'>tia</span> <span class='ocrx_word' id='word_1_449' title='bbox 1325 1693 1340 1716; x_wconf 91' lang='lat'>‚</span> <span class='ocrx_word' id='word_1_450' title='bbox 1356 1678 1404 1706; x_wconf 90' lang='lat' dir='ltr'>ac</span> <span class='ocrx_word' id='word_1_451' title='bbox 1418 1659 1688 1718; x_wconf 65' lang='lat' dir='ltr'>jurisdictione</span> <span class='ocrx_word' id='word_1_452' title='bbox 1701 1659 1983 1716; x_wconf 86' lang='lat' dir='ltr'>fungentibus,</span> <span class='ocrx_word' id='word_1_453' title='bbox 1998 1661 2124 1705; x_wconf 84' lang='lat' dir='ltr'>etiam</span> <span class='ocrx_word' id='word_1_454' title='bbox 2141 1661 2229 1702; x_wconf 79' lang='lat' dir='ltr'>Ve-</span> 
     </span>
     <span class='ocr_line' id='line_1_79' title="bbox 1249 1720 2224 1767; baseline -0.007 0"><span class='ocrx_word' id='word_1_455' title='bbox 1249 1722 1497 1767; x_wconf 87' lang='lat' dir='ltr'>nerabilibus</span> <span class='ocrx_word' id='word_1_456' title='bbox 1515 1722 1721 1765; x_wconf 80' lang='lat' dir='ltr'>Fratribus</span> <span class='ocrx_word' id='word_1_457' title='bbox 1736 1720 1881 1763; x_wconf 80' lang='lat' dir='ltr'>nostris</span> <span class='ocrx_word' id='word_1_458' title='bbox 1896 1723 2049 1764; x_wconf 64' lang='lat' dir='ltr'>Sancta</span> <span class='ocrx_word' id='word_1_459' title='bbox 2067 1721 2224 1762; x_wconf 79' lang='lat' dir='ltr'>Roma·</span> 
     </span>
     <span class='ocr_line' id='line_1_80' title="bbox 1250 1777 2227 1835; baseline -0.007 -8"><span class='ocrx_word' id='word_1_460' title='bbox 1250 1797 1309 1827; x_wconf 81' lang='lat' dir='ltr'>nae</span> <span class='ocrx_word' id='word_1_461' title='bbox 1324 1780 1509 1826; x_wconf 73' lang='lat' dir='ltr'>Ecclesia</span> <span class='ocrx_word' id='word_1_462' title='bbox 1520 1779 1810 1824; x_wconf 79' lang='lat' dir='ltr'>cardinalibus</span> <span class='ocrx_word' id='word_1_463' title='bbox 1823 1811 1839 1833; x_wconf 85' lang='lat'><strong>‚</strong></span> <span class='ocrx_word' id='word_1_464' title='bbox 1863 1779 1942 1822; x_wconf 88' lang='lat' dir='ltr'>sive</span> <span class='ocrx_word' id='word_1_465' title='bbox 1957 1778 2122 1835; x_wconf 86' lang='lat' dir='ltr'>singulis</span> <span class='ocrx_word' id='word_1_466' title='bbox 2137 1807 2153 1830; x_wconf 84' lang='lat'>,</span> <span class='ocrx_word' id='word_1_467' title='bbox 2177 1777 2227 1820; x_wconf 85' lang='lat' dir='ltr'>fi-</span> 
     </span>
     <span class='ocr_line' id='line_1_81' title="bbox 1250 1837 2228 1896; baseline -0.007 -10"><span class='ocrx_word' id='word_1_468' title='bbox 1250 1856 1305 1886; x_wconf 91' lang='lat' dir='ltr'>ve</span> <span class='ocrx_word' id='word_1_469' title='bbox 1318 1840 1554 1884; x_wconf 89' lang='lat' dir='ltr'>eorumdem</span> <span class='ocrx_word' id='word_1_470' title='bbox 1569 1838 1852 1881; x_wconf 86' lang='lat' dir='ltr'>Cardinalium</span> <span class='ocrx_word' id='word_1_471' title='bbox 1870 1837 2228 1896; x_wconf 84' lang='lat' dir='ltr'>Congregationi-</span> 
     </span>
     <span class='ocr_line' id='line_1_82' title="bbox 1248 1897 2228 1953; baseline -0.009 -8"><span class='ocrx_word' id='word_1_472' title='bbox 1248 1903 1347 1953; x_wconf 86' lang='lat' dir='ltr'>bus,</span> <span class='ocrx_word' id='word_1_473' title='bbox 1359 1898 1483 1942; x_wconf 81' lang='lat' dir='ltr'>etiam</span> <span class='ocrx_word' id='word_1_474' title='bbox 1498 1897 1552 1940; x_wconf 91' lang='lat' dir='ltr'>de</span> <span class='ocrx_word' id='word_1_475' title='bbox 1567 1898 1698 1941; x_wconf 88' lang='lat' dir='ltr'>latere</span> <span class='ocrx_word' id='word_1_476' title='bbox 1714 1898 1877 1953; x_wconf 83' lang='lat' dir='ltr'>Legatis</span> <span class='ocrx_word' id='word_1_477' title='bbox 1889 1925 1906 1948; x_wconf 89' lang='lat'>,</span> <span class='ocrx_word' id='word_1_478' title='bbox 1934 1897 2014 1940; x_wconf 85' lang='lat' dir='ltr'>five</span> <span class='ocrx_word' id='word_1_479' title='bbox 2028 1898 2096 1953; x_wconf 91' lang='lat' dir='ltr'>qui</span> <span class='ocrx_word' id='word_1_480' title='bbox 2125 1898 2228 1938; x_wconf 69' lang='lat' dir='ltr'>Pro·</span> 
     </span>
     <span class='ocr_line' id='line_1_83' title="bbox 1249 1954 2233 2013; baseline -0.008 -10"><span class='ocrx_word' id='word_1_481' title='bbox 1249 1959 1393 2003; x_wconf 84' lang='lat' dir='ltr'>vinciis</span> <span class='ocrx_word' id='word_1_482' title='bbox 1414 1959 1455 2000; x_wconf 75' lang='grc' dir='ltr'>δι</span> <span class='ocrx_word' id='word_1_483' title='bbox 1470 1956 1768 2013; x_wconf 83' lang='lat' dir='ltr'>Legationibus</span> <span class='ocrx_word' id='word_1_484' title='bbox 1785 1954 1926 2001; x_wconf 74' lang='lat' dir='ltr'>status</span> <span class='ocrx_word' id='word_1_485' title='bbox 1941 1958 2065 2000; x_wconf 82' lang='lat' dir='ltr'>nostri</span> <span class='ocrx_word' id='word_1_486' title='bbox 2079 1954 2233 1997; x_wconf 83' lang='lat' dir='ltr'>Eccle-</span> 
     </span>
     <span class='ocr_line' id='line_1_84' title="bbox 1251 2012 2228 2073; baseline -0.008 -10"><span class='ocrx_word' id='word_1_487' title='bbox 1251 2018 1391 2063; x_wconf 80' lang='lat' dir='ltr'>fiastici</span> <span class='ocrx_word' id='word_1_488' title='bbox 1423 2030 1500 2073; x_wconf 85' lang='lat' dir='ltr'>pro</span> <span class='ocrx_word' id='word_1_489' title='bbox 1520 2026 1712 2072; x_wconf 85' lang='lat' dir='ltr'>tempore</span> <span class='ocrx_word' id='word_1_490' title='bbox 1730 2016 1902 2072; x_wconf 73' lang='lat' dir='ltr'>praesunt</span> <span class='ocrx_word' id='word_1_491' title='bbox 1917 2044 1932 2067; x_wconf 90' lang='lat'>,</span> <span class='ocrx_word' id='word_1_492' title='bbox 1946 2018 2027 2060; x_wconf 77' lang='lat' dir='ltr'>sive</span> <span class='ocrx_word' id='word_1_493' title='bbox 2040 2028 2144 2072; x_wconf 86' lang='lat' dir='ltr'>quos</span> <span class='ocrx_word' id='word_1_494' title='bbox 2175 2012 2228 2056; x_wconf 85' lang='lat' dir='ltr'>ad</span> 
     </span>
     <span class='ocr_line' id='line_1_85' title="bbox 1251 2074 2232 2123; baseline -0.005 -2"><span class='ocrx_word' id='word_1_495' title='bbox 1251 2074 1506 2123; x_wconf 70' lang='lat' dir='ltr'>charissimos</span> <span class='ocrx_word' id='word_1_496' title='bbox 1534 2076 1575 2119; x_wconf 89' lang='lat' dir='ltr'>in</span> <span class='ocrx_word' id='word_1_497' title='bbox 1601 2075 1770 2118; x_wconf 82' lang='lat' dir='ltr'>Christo</span> <span class='ocrx_word' id='word_1_498' title='bbox 1797 2075 1925 2120; x_wconf 73' lang='lat' dir='ltr'>filios</span> <span class='ocrx_word' id='word_1_499' title='bbox 1957 2076 2117 2118; x_wconf 82' lang='lat' dir='ltr'>nostros</span> <span class='ocrx_word' id='word_1_500' title='bbox 2140 2075 2232 2117; x_wconf 88' lang='lat' dir='ltr'>Ro·</span> 
     </span>
     <span class='ocr_line' id='line_1_86' title="bbox 1253 2134 2231 2192; baseline -0.008 -12"><span class='ocrx_word' id='word_1_501' title='bbox 1253 2148 1471 2180; x_wconf 89' lang='lat' dir='ltr'>manorum</span> <span class='ocrx_word' id='word_1_502' title='bbox 1492 2137 1652 2192; x_wconf 88' lang='lat' dir='ltr'>Regem</span> <span class='ocrx_word' id='word_1_503' title='bbox 1665 2134 1707 2175; x_wconf 89' lang='lat' dir='ltr'>in</span> <span class='ocrx_word' id='word_1_504' title='bbox 1727 2137 2025 2190; x_wconf 86' lang='lat' dir='ltr'>Imperatorem</span> <span class='ocrx_word' id='word_1_505' title='bbox 2044 2142 2231 2189; x_wconf 87' lang='lat' dir='ltr'>protem-</span> 
     </span>
     <span class='ocr_line' id='line_1_87' title="bbox 1253 2192 2238 2254; baseline -0.006 -16"><span class='ocrx_word' id='word_1_506' title='bbox 1253 2209 1354 2254; x_wconf 87' lang='lat' dir='ltr'>pore</span> <span class='ocrx_word' id='word_1_507' title='bbox 1369 2194 1629 2249; x_wconf 84' lang='lat' dir='ltr'>eligendum,</span> <span class='ocrx_word' id='word_1_508' title='bbox 1651 2193 1717 2236; x_wconf 90' lang='lat' dir='ltr'>vel</span> <span class='ocrx_word' id='word_1_509' title='bbox 1733 2193 1926 2243; x_wconf 64' lang='lat' dir='ltr'>electum,</span> <span class='ocrx_word' id='word_1_510' title='bbox 1941 2195 2076 2248; x_wconf 84' lang='lat' dir='ltr'>Reges</span> <span class='ocrx_word' id='word_1_511' title='bbox 2091 2194 2131 2234; x_wconf 78' lang='grc' dir='ltr'>δι</span> <span class='ocrx_word' id='word_1_512' title='bbox 2148 2192 2238 2233; x_wconf 90' lang='lat' dir='ltr'>Re-</span> 
     </span>
     <span class='ocr_line' id='line_1_88' title="bbox 1252 2251 2231 2313; baseline -0.006 -17"><span class='ocrx_word' id='word_1_513' title='bbox 1252 2256 1364 2313; x_wconf 82' lang='lat' dir='ltr'>ginas</span> <span class='ocrx_word' id='word_1_514' title='bbox 1381 2253 1556 2296; x_wconf 78' lang='lat' dir='ltr'>illustres</span> <span class='ocrx_word' id='word_1_515' title='bbox 1575 2282 1589 2305; x_wconf 85' lang='lat'>,</span> <span class='ocrx_word' id='word_1_516' title='bbox 1603 2251 1782 2308; x_wconf 87' lang='lat' dir='ltr'>aliasque</span> <span class='ocrx_word' id='word_1_517' title='bbox 1801 2253 1971 2294; x_wconf 85' lang='lat' dir='ltr'>summas</span> <span class='ocrx_word' id='word_1_518' title='bbox 1988 2252 2231 2299; x_wconf 83' lang='lat' dir='ltr'>Potestates,</span> 
     </span>
     <span class='ocr_line' id='line_1_89' title="bbox 1252 2310 2231 2370; baseline -0.007 -13"><span class='ocrx_word' id='word_1_519' title='bbox 1252 2322 1378 2370; x_wconf 85' lang='lat' dir='ltr'>prout</span> <span class='ocrx_word' id='word_1_520' title='bbox 1400 2326 1538 2355; x_wconf 90' lang='lat' dir='ltr'>rerum</span> <span class='ocrx_word' id='word_1_521' title='bbox 1561 2310 1749 2355; x_wconf 88' lang='lat' dir='ltr'>conditio</span> <span class='ocrx_word' id='word_1_522' title='bbox 1775 2311 2073 2367; x_wconf 82' lang='lat' dir='ltr'>postulaverit,</span> <span class='ocrx_word' id='word_1_523' title='bbox 2088 2311 2231 2360; x_wconf 82' lang='lat' dir='ltr'>mitti,</span> 
     </span>
     <span class='ocr_line' id='line_1_90' title="bbox 1251 2369 2234 2427; baseline -0.007 -10"><span class='ocrx_word' id='word_1_524' title='bbox 1251 2376 1293 2418; x_wconf 73' lang='grc' dir='ltr'>δι</span> <span class='ocrx_word' id='word_1_525' title='bbox 1318 2370 1498 2427; x_wconf 87' lang='lat' dir='ltr'>ablegari</span> <span class='ocrx_word' id='word_1_526' title='bbox 1522 2371 1771 2426; x_wconf 83' lang='lat' dir='ltr'>contigerit3</span> <span class='ocrx_word' id='word_1_527' title='bbox 1790 2370 1870 2413; x_wconf 85' lang='lat' dir='ltr'>five</span> <span class='ocrx_word' id='word_1_528' title='bbox 1888 2371 1984 2426; x_wconf 89' lang='lat' dir='ltr'>qui,</span> <span class='ocrx_word' id='word_1_529' title='bbox 2011 2371 2108 2413; x_wconf 73' lang='lat' dir='ltr'>licet</span> <span class='ocrx_word' id='word_1_530' title='bbox 2131 2369 2234 2412; x_wconf 85' lang='lat' dir='ltr'>alia-</span> 
     </span>
     <span class='ocr_line' id='line_1_91' title="bbox 1252 2428 2236 2487; baseline -0.007 -10"><span class='ocrx_word' id='word_1_531' title='bbox 1252 2447 1343 2477; x_wconf 89' lang='lat' dir='ltr'>rum</span> <span class='ocrx_word' id='word_1_532' title='bbox 1365 2429 1577 2487; x_wconf 82' lang='lat' dir='ltr'>insignium</span> <span class='ocrx_word' id='word_1_533' title='bbox 1608 2428 1882 2474; x_wconf 85' lang='lat' dir='ltr'>Ecclesiarum</span> <span class='ocrx_word' id='word_1_534' title='bbox 1896 2429 2109 2474; x_wconf 82' lang='lat' dir='ltr'>Antiflites</span> <span class='ocrx_word' id='word_1_535' title='bbox 2127 2458 2144 2481; x_wconf 86' lang='lat'>,</span> <span class='ocrx_word' id='word_1_536' title='bbox 2175 2438 2236 2480; x_wconf 52' lang='lat' dir='ltr'>taff</span> 
     </span>
     <span class='ocr_line' id='line_1_92' title="bbox 1251 2488 2234 2548; baseline -0.002 -11"><span class='ocrx_word' id='word_1_537' title='bbox 1251 2506 1342 2537; x_wconf 89' lang='lat' dir='ltr'>men</span> <span class='ocrx_word' id='word_1_538' title='bbox 1355 2501 1564 2547; x_wconf 86' lang='lat' dir='ltr'>tamquam</span> <span class='ocrx_word' id='word_1_539' title='bbox 1579 2488 1821 2548; x_wconf 69' lang='lat' dir='ltr'>apostolice</span> <span class='ocrx_word' id='word_1_540' title='bbox 1845 2488 1961 2546; x_wconf 87' lang='lat' dir='ltr'>hujus</span> <span class='ocrx_word' id='word_1_541' title='bbox 1976 2492 2127 2535; x_wconf 68' lang='lat' dir='ltr'>Sanctae</span> <span class='ocrx_word' id='word_1_542' title='bbox 2159 2491 2234 2535; x_wconf 81' lang='lat' dir='ltr'>Se-</span> 
     </span>
     <span class='ocr_line' id='line_1_93' title="bbox 1251 2547 2233 2607; baseline -0.008 -9"><span class='ocrx_word' id='word_1_543' title='bbox 1251 2554 1314 2598; x_wconf 89' lang='lat' dir='ltr'>dis</span> <span class='ocrx_word' id='word_1_544' title='bbox 1335 2549 1480 2607; x_wconf 82' lang='lat' dir='ltr'>Legati</span> <span class='ocrx_word' id='word_1_545' title='bbox 1495 2548 1549 2593; x_wconf 90' lang='lat' dir='ltr'>de</span> <span class='ocrx_word' id='word_1_546' title='bbox 1568 2549 1697 2595; x_wconf 85' lang='lat' dir='ltr'>latere</span> <span class='ocrx_word' id='word_1_547' title='bbox 1724 2549 1824 2594; x_wconf 71' lang='lat' dir='ltr'>aliis</span> <span class='ocrx_word' id='word_1_548' title='bbox 1837 2550 2113 2606; x_wconf 85' lang='lat' dir='ltr'>nuncupati&amp;</span> <span class='ocrx_word' id='word_1_549' title='bbox 2124 2547 2233 2592; x_wconf 85' lang='lat' dir='ltr'>habi·</span> 
     </span>
     <span class='ocr_line' id='line_1_94' title="bbox 1252 2607 2232 2663; baseline -0.009 -6"><span class='ocrx_word' id='word_1_550' title='bbox 1252 2613 1285 2657; x_wconf 93' lang='lat' dir='ltr'>ti</span> <span class='ocrx_word' id='word_1_551' title='bbox 1301 2612 1394 2654; x_wconf 90' lang='lat' dir='ltr'>sunt</span> <span class='ocrx_word' id='word_1_552' title='bbox 1409 2639 1426 2663; x_wconf 93' lang='lat'>‚</span> <span class='ocrx_word' id='word_1_553' title='bbox 1439 2610 1481 2651; x_wconf 76' lang='grc' dir='ltr'>δε</span> <span class='ocrx_word' id='word_1_554' title='bbox 1503 2609 1671 2656; x_wconf 72' lang='lat' dir='ltr'>fortasse</span> <span class='ocrx_word' id='word_1_555' title='bbox 1681 2609 1883 2653; x_wconf 82' lang='lat' dir='ltr'>habentur</span> <span class='ocrx_word' id='word_1_556' title='bbox 1895 2634 1909 2658; x_wconf 84' lang='lat'><strong>‚</strong></span> <span class='ocrx_word' id='word_1_557' title='bbox 1922 2619 1993 2652; x_wconf 90' lang='lat' dir='ltr'>aut</span> <span class='ocrx_word' id='word_1_558' title='bbox 2008 2608 2154 2652; x_wconf 84' lang='lat' dir='ltr'>haberi</span> <span class='ocrx_word' id='word_1_559' title='bbox 2166 2607 2232 2657; x_wconf 73' lang='grc' dir='ltr'>,δε</span> 
     </span>
     <span class='ocr_line' id='line_1_95' title="bbox 1251 2666 2231 2726; baseline -0.008 -12"><span class='ocrx_word' id='word_1_560' title='bbox 1251 2671 1337 2714; x_wconf 87' lang='lat' dir='ltr'>esse</span> <span class='ocrx_word' id='word_1_561' title='bbox 1366 2668 1625 2726; x_wconf 77' lang='lat' dir='ltr'>praetendunt</span> <span class='ocrx_word' id='word_1_562' title='bbox 1653 2696 1670 2720; x_wconf 89' lang='lat'>,</span> <span class='ocrx_word' id='word_1_563' title='bbox 1710 2670 1751 2711; x_wconf 73' lang='grc' dir='ltr'>δι</span> <span class='ocrx_word' id='word_1_564' title='bbox 1777 2670 2026 2724; x_wconf 79' lang='lat' dir='ltr'>inposterum</span> <span class='ocrx_word' id='word_1_565' title='bbox 2054 2666 2231 2711; x_wconf 84' lang='lat' dir='ltr'>habendi</span> 
     </span>
     <span class='ocr_line' id='line_1_96' title="bbox 1251 2724 2234 2780; baseline -0.004 -7"><span class='ocrx_word' id='word_1_566' title='bbox 1251 2730 1344 2773; x_wconf 87' lang='lat' dir='ltr'>sunt</span> <span class='ocrx_word' id='word_1_567' title='bbox 1372 2757 1387 2780; x_wconf 90' lang='lat'>‚</span> <span class='ocrx_word' id='word_1_568' title='bbox 1414 2728 1493 2770; x_wconf 77' lang='lat' dir='ltr'>sive</span> <span class='ocrx_word' id='word_1_569' title='bbox 1517 2728 1755 2776; x_wconf 88' lang='lat' dir='ltr'>Ordinarii,</span> <span class='ocrx_word' id='word_1_570' title='bbox 1786 2729 1867 2770; x_wconf 81' lang='lat' dir='ltr'>sive</span> <span class='ocrx_word' id='word_1_571' title='bbox 1897 2724 2234 2771; x_wconf 84' lang='lat' dir='ltr'>Extraordinarii</span> 
     </span>
     <span class='ocr_line' id='line_1_97' title="bbox 1253 2785 2236 2843; baseline -0.008 -10"><span class='ocrx_word' id='word_1_572' title='bbox 1253 2788 1392 2839; x_wconf 86' lang='lat' dir='ltr'>nostri,</span> <span class='ocrx_word' id='word_1_573' title='bbox 1404 2789 1443 2829; x_wconf 77' lang='grc' dir='ltr'>δι</span> <span class='ocrx_word' id='word_1_574' title='bbox 1466 2785 1644 2843; x_wconf 83' lang='lat' dir='ltr'>ejusdem</span> <span class='ocrx_word' id='word_1_575' title='bbox 1661 2786 1901 2842; x_wconf 83' lang='lat' dir='ltr'>Apostolicae</span> <span class='ocrx_word' id='word_1_576' title='bbox 1917 2786 2032 2829; x_wconf 89' lang='lat' dir='ltr'>Sedis</span> <span class='ocrx_word' id='word_1_577' title='bbox 2047 2785 2236 2827; x_wconf 90' lang='lat' dir='ltr'>ubicum-</span> 
     </span>
     <span class='ocr_line' id='line_1_98' title="bbox 1250 2845 2234 2903; baseline -0.006 -12"><span class='ocrx_word' id='word_1_578' title='bbox 1250 2862 1333 2903; x_wconf 88' lang='lat' dir='ltr'>que</span> <span class='ocrx_word' id='word_1_579' title='bbox 1344 2872 1359 2895; x_wconf 80' lang='lat'>‚</span> <span class='ocrx_word' id='word_1_580' title='bbox 1374 2847 1498 2888; x_wconf 87' lang='lat' dir='ltr'>etiam</span> <span class='ocrx_word' id='word_1_581' title='bbox 1511 2846 1619 2900; x_wconf 82' lang='lat' dir='ltr'>apud</span> <span class='ocrx_word' id='word_1_582' title='bbox 1634 2845 1738 2900; x_wconf 84' lang='lat' dir='ltr'>ipsos</span> <span class='ocrx_word' id='word_1_583' title='bbox 1752 2848 2027 2900; x_wconf 77' lang='lat' dir='ltr'>Imperatores</span> <span class='ocrx_word' id='word_1_584' title='bbox 2040 2847 2080 2888; x_wconf 85' lang='lat'>&amp;</span> <span class='ocrx_word' id='word_1_585' title='bbox 2097 2846 2234 2898; x_wconf 86' lang='lat' dir='ltr'>Reges</span> 
     </span>
     <span class='ocr_line' id='line_1_99' title="bbox 1253 2903 2229 2954; baseline -0.003 -6"><span class='ocrx_word' id='word_1_586' title='bbox 1253 2920 1299 2949; x_wconf 82' lang='lat' dir='ltr'>ac</span> <span class='ocrx_word' id='word_1_587' title='bbox 1324 2907 1493 2948; x_wconf 83' lang='lat' dir='ltr'>summas</span> <span class='ocrx_word' id='word_1_588' title='bbox 1520 2903 1752 2946; x_wconf 84' lang='lat' dir='ltr'>Potestates</span> <span class='ocrx_word' id='word_1_589' title='bbox 1781 2905 1962 2954; x_wconf 81' lang='lat' dir='ltr'>Nuntii,</span> <span class='ocrx_word' id='word_1_590' title='bbox 1986 2903 2067 2946; x_wconf 85' lang='lat' dir='ltr'>five</span> <span class='ocrx_word' id='word_1_591' title='bbox 2094 2905 2229 2945; x_wconf 75' lang='lat' dir='ltr'>Inter·</span> 
     </span>
     <span class='ocr_line' id='line_1_100' title="bbox 1252 2960 2234 3017; baseline -0.005 -9"><span class='ocrx_word' id='word_1_592' title='bbox 1252 2962 1401 3008; x_wconf 87' lang='lat' dir='ltr'>Nuntii</span> <span class='ocrx_word' id='word_1_593' title='bbox 1427 2960 1600 3006; x_wconf 77' lang='lat' dir='ltr'>resident</span> <span class='ocrx_word' id='word_1_594' title='bbox 1631 2963 1655 3017; x_wconf 89' lang='lat'><em>(</em></span> <span class='ocrx_word' id='word_1_595' title='bbox 1670 2961 1853 3016; x_wconf 80' lang='lat' dir='ltr'>exeeptis</span> <span class='ocrx_word' id='word_1_596' title='bbox 1878 2962 2091 3005; x_wconf 82' lang='lat' dir='ltr'>dumtaxat</span> <span class='ocrx_word' id='word_1_597' title='bbox 2122 2961 2234 3005; x_wconf 72' lang='lat' dir='ltr'>loco-</span> 
     </span>
     <span class='ocr_line' id='line_1_101' title="bbox 1253 3019 2231 3077; baseline -0.007 -10"><span class='ocrx_word' id='word_1_598' title='bbox 1253 3036 1348 3067; x_wconf 88' lang='lat' dir='ltr'>rum</span> <span class='ocrx_word' id='word_1_599' title='bbox 1360 3020 1594 3065; x_wconf 90' lang='lat' dir='ltr'>Ordinariis</span> <span class='ocrx_word' id='word_1_600' title='bbox 1608 3049 1623 3072; x_wconf 89' lang='lat'><strong>‚</strong></span> <span class='ocrx_word' id='word_1_601' title='bbox 1640 3019 1766 3077; x_wconf 90' lang='lat' dir='ltr'>iisque</span> <span class='ocrx_word' id='word_1_602' title='bbox 1786 3020 1975 3062; x_wconf 89' lang='lat' dir='ltr'>omnibus</span> <span class='ocrx_word' id='word_1_603' title='bbox 2002 3020 2231 3072; x_wconf 81' lang='lat' dir='ltr'>Superiori-</span> 
     </span>
     <span class='ocr_line' id='line_1_102' title="bbox 1255 3079 2231 3138; baseline -0.004 -12"><span class='ocrx_word' id='word_1_604' title='bbox 1255 3084 1359 3131; x_wconf 86' lang='lat' dir='ltr'>bus,</span> <span class='ocrx_word' id='word_1_605' title='bbox 1385 3082 1531 3138; x_wconf 87' lang='lat' dir='ltr'>quibus</span> <span class='ocrx_word' id='word_1_606' title='bbox 1555 3090 1765 3136; x_wconf 85' lang='lat' dir='ltr'>tamquam</span> <span class='ocrx_word' id='word_1_607' title='bbox 1790 3079 2086 3122; x_wconf 70' lang='lat' dir='ltr'>Ordinariiso&amp;</span> <span class='ocrx_word' id='word_1_608' title='bbox 2110 3079 2231 3122; x_wconf 88' lang='lat' dir='ltr'>ordi·</span> 
     </span>
     <span class='ocr_line' id='line_1_103' title="bbox 1255 3139 2231 3196; baseline -0.004 -10"><span class='ocrx_word' id='word_1_609' title='bbox 1255 3142 1370 3185; x_wconf 86' lang='lat' dir='ltr'>naria</span> <span class='ocrx_word' id='word_1_610' title='bbox 1419 3139 1695 3196; x_wconf 62' lang='lat' dir='ltr'>jurisdistione</span> <span class='ocrx_word' id='word_1_611' title='bbox 1735 3140 1949 3183; x_wconf 86' lang='lat' dir='ltr'>utentibus</span> <span class='ocrx_word' id='word_1_612' title='bbox 1986 3139 2231 3182; x_wconf 81' lang='lat' dir='ltr'>Monialium</span> 
     </span>
     <span class='ocr_line' id='line_1_104' title="bbox 1257 3196 2232 3254; baseline -0.005 -9"><span class='ocrx_word' id='word_1_613' title='bbox 1257 3198 1496 3245; x_wconf 81' lang='lat' dir='ltr'>Monasteria</span> <span class='ocrx_word' id='word_1_614' title='bbox 1510 3197 1681 3254; x_wconf 64' lang='lat' dir='ltr'>subjeela</span> <span class='ocrx_word' id='word_1_615' title='bbox 1704 3201 1745 3242; x_wconf 87' lang='lat'>&amp;</span> <span class='ocrx_word' id='word_1_616' title='bbox 1759 3198 1920 3241; x_wconf 69' lang='lat' dir='ltr'>addicta</span> <span class='ocrx_word' id='word_1_617' title='bbox 1936 3198 2027 3241; x_wconf 84' lang='lat' dir='ltr'>sunt</span> <span class='ocrx_word' id='word_1_618' title='bbox 2043 3226 2058 3250; x_wconf 90' lang='lat'>,</span> <span class='ocrx_word' id='word_1_619' title='bbox 2084 3198 2125 3240; x_wconf 87' lang='lat' dir='ltr'>in</span> <span class='ocrx_word' id='word_1_620' title='bbox 2140 3196 2232 3241; x_wconf 85' lang='lat' dir='ltr'>cafi-</span> 
     </span>
     <span class='ocr_line' id='line_1_105' title="bbox 1254 3256 2232 3308; baseline -0.001 -5"><span class='ocrx_word' id='word_1_621' title='bbox 1254 3261 1334 3304; x_wconf 84' lang='lat' dir='ltr'>bus</span> <span class='ocrx_word' id='word_1_622' title='bbox 1361 3268 1495 3303; x_wconf 88' lang='lat' dir='ltr'>tamen</span> <span class='ocrx_word' id='word_1_623' title='bbox 1509 3257 1763 3308; x_wconf 84' lang='lat' dir='ltr'>necessariis,</span> <span class='ocrx_word' id='word_1_624' title='bbox 1780 3259 1821 3300; x_wconf 88' lang='lat'>&amp;</span> <span class='ocrx_word' id='word_1_625' title='bbox 1843 3259 2010 3302; x_wconf 86' lang='lat' dir='ltr'>servatis</span> <span class='ocrx_word' id='word_1_626' title='bbox 2025 3257 2114 3300; x_wconf 85' lang='lat' dir='ltr'>aliis</span> <span class='ocrx_word' id='word_1_627' title='bbox 2137 3256 2232 3302; x_wconf 56' lang='lat' dir='ltr'>dea</span> 
     </span>
     <span class='ocr_line' id='line_1_106' title="bbox 1258 3316 2231 3377; baseline -0.002 -14"><span class='ocrx_word' id='word_1_628' title='bbox 1258 3319 1348 3377; x_wconf 88' lang='lat' dir='ltr'>jure</span> <span class='ocrx_word' id='word_1_629' title='bbox 1374 3317 1610 3367; x_wconf 80' lang='lat' dir='ltr'>servandis,</span> <span class='ocrx_word' id='word_1_630' title='bbox 1636 3320 1677 3362; x_wconf 74' lang='grc' dir='ltr'>δι</span> <span class='ocrx_word' id='word_1_631' title='bbox 1704 3332 1787 3361; x_wconf 92' lang='lat' dir='ltr'>non</span> <span class='ocrx_word' id='word_1_632' title='bbox 1801 3317 1921 3362; x_wconf 87' lang='lat' dir='ltr'>aliter</span> <span class='ocrx_word' id='word_1_633' title='bbox 1944 3316 2153 3373; x_wconf 88' lang='lat' dir='ltr'>omnino)</span> <span class='ocrx_word' id='word_1_634' title='bbox 2184 3330 2231 3361; x_wconf 87' lang='lat' dir='ltr'>ac</span> 
     </span>
     <span class='ocr_line' id='line_1_107' title="bbox 1257 3376 2232 3436; baseline -0.004 -13"><span class='ocrx_word' id='word_1_635' title='bbox 1257 3380 1423 3423; x_wconf 88' lang='lat' dir='ltr'>demum</span> <span class='ocrx_word' id='word_1_636' title='bbox 1436 3376 1752 3436; x_wconf 85' lang='lat' dir='ltr'>quibuscumque</span> <span class='ocrx_word' id='word_1_637' title='bbox 1764 3377 1872 3431; x_wconf 83' lang='lat' dir='ltr'>aliis,</span> <span class='ocrx_word' id='word_1_638' title='bbox 1884 3390 2144 3434; x_wconf 74' lang='lat' dir='ltr'>quocumque</span> <span class='ocrx_word' id='word_1_639' title='bbox 2155 3389 2232 3419; x_wconf 88' lang='lat' dir='ltr'>no·</span> 
     </span>
     <span class='ocr_line' id='line_1_108' title="bbox 1257 3434 2225 3495; baseline -0.005 -13"><span class='ocrx_word' id='word_1_640' title='bbox 1257 3439 1364 3482; x_wconf 91' lang='lat' dir='ltr'>mine</span> <span class='ocrx_word' id='word_1_641' title='bbox 1401 3439 1443 3480; x_wconf 83' lang='lat'>&amp;</span> <span class='ocrx_word' id='word_1_642' title='bbox 1487 3437 1735 3495; x_wconf 86' lang='lat' dir='ltr'>expreffione</span> <span class='ocrx_word' id='word_1_643' title='bbox 1772 3437 2016 3492; x_wconf 82' lang='lat' dir='ltr'>nuncupatis</span> <span class='ocrx_word' id='word_1_644' title='bbox 2041 3434 2225 3493; x_wconf 86' lang='lat' dir='ltr'>personis</span> 
     </span>
     <span class='ocr_line' id='line_1_109' title="bbox 1255 3496 2227 3555; baseline -0.003 -14"><span class='ocrx_word' id='word_1_645' title='bbox 1255 3511 1514 3555; x_wconf 80' lang='lat' dir='ltr'>quocumque</span> <span class='ocrx_word' id='word_1_646' title='bbox 1526 3508 1712 3554; x_wconf 89' lang='lat' dir='ltr'>tempore</span> <span class='ocrx_word' id='word_1_647' title='bbox 1725 3496 1749 3540; x_wconf 72' lang='grc' dir='ltr'><em>ἃ</em></span> <span class='ocrx_word' id='word_1_648' title='bbox 1760 3496 1968 3553; x_wconf 84' lang='lat' dir='ltr'>quibusvis</span> <span class='ocrx_word' id='word_1_649' title='bbox 1980 3523 1996 3546; x_wconf 90' lang='lat'>,</span> <span class='ocrx_word' id='word_1_650' title='bbox 2025 3497 2149 3541; x_wconf 85' lang='lat' dir='ltr'>etiam</span> <span class='ocrx_word' id='word_1_651' title='bbox 2177 3497 2227 3539; x_wconf 83' lang='lat' dir='ltr'>ab</span> 
     </span>
     <span class='ocr_line' id='line_1_110' title="bbox 1257 3556 2224 3613; baseline -0.004 -13"><span class='ocrx_word' id='word_1_652' title='bbox 1257 3559 1348 3613; x_wconf 84' lang='lat' dir='ltr'>ipfis</span> <span class='ocrx_word' id='word_1_653' title='bbox 1364 3557 1561 3600; x_wconf 86' lang='lat' dir='ltr'>Romanis</span> <span class='ocrx_word' id='word_1_654' title='bbox 1577 3556 1842 3601; x_wconf 82' lang='lat' dir='ltr'>Pontificibus</span> <span class='ocrx_word' id='word_1_655' title='bbox 1859 3556 2224 3601; x_wconf 75' lang='lat' dir='ltr'>Praedecessoribus</span> 
     </span>
    </p>
   </div>
   <div class='ocr_carea' id='block_1_8' title="bbox 220 3611 2226 3855">
    <p class='ocr_par' dir='ltr' id='par_1_11' title="bbox 220 3611 2226 3855">
     <span class='ocr_line' id='line_1_111' title="bbox 221 3611 2226 3674; baseline 0 -20"><span class='ocrx_word' id='word_1_656' title='bbox 221 3611 439 3657; x_wconf 82' lang='lat' dir='ltr'>curatione</span> <span class='ocrx_word' id='word_1_657' title='bbox 454 3611 724 3658; x_wconf 79' lang='lat' dir='ltr'>imbecillitati</span> <span class='ocrx_word' id='word_1_658' title='bbox 750 3614 890 3657; x_wconf 80' lang='lat' dir='ltr'>nostrae</span> <span class='ocrx_word' id='word_1_659' title='bbox 904 3616 945 3659; x_wconf 86' lang='lat' dir='ltr'>in</span> <span class='ocrx_word' id='word_1_660' title='bbox 959 3613 1194 3657; x_wconf 83' lang='lat' dir='ltr'>universalis</span> <span class='ocrx_word' id='word_1_661' title='bbox 1252 3616 1395 3660; x_wconf 85' lang='lat' dir='ltr'>nostris</span> <span class='ocrx_word' id='word_1_662' title='bbox 1415 3630 1675 3674; x_wconf 88' lang='lat' dir='ltr'>quacumque</span> <span class='ocrx_word' id='word_1_663' title='bbox 1686 3617 1740 3658; x_wconf 89' lang='lat' dir='ltr'>de</span> <span class='ocrx_word' id='word_1_664' title='bbox 1758 3617 1876 3659; x_wconf 88' lang='lat' dir='ltr'>causa</span> <span class='ocrx_word' id='word_1_665' title='bbox 1888 3645 1903 3670; x_wconf 91' lang='lat'>,</span> <span class='ocrx_word' id='word_1_666' title='bbox 1921 3617 2156 3667; x_wconf 70' lang='lat' dir='ltr'>occasione,</span> <span class='ocrx_word' id='word_1_667' title='bbox 2174 3615 2226 3654; x_wconf 87' lang='lat' dir='ltr'>ti-</span> 
     </span>
     <span class='ocr_line' id='line_1_112' title="bbox 221 3669 2221 3734; baseline 0.001 -20"><span class='ocrx_word' id='word_1_668' title='bbox 221 3669 471 3715; x_wconf 80' lang='lat' dir='ltr'>Orthodoxae</span> <span class='ocrx_word' id='word_1_669' title='bbox 488 3671 675 3718; x_wconf 76' lang='lat' dir='ltr'>Ecclefioe</span> <span class='ocrx_word' id='word_1_670' title='bbox 692 3674 888 3732; x_wconf 87' lang='lat' dir='ltr'>regimine</span> <span class='ocrx_word' id='word_1_671' title='bbox 899 3673 1098 3719; x_wconf 85' lang='lat' dir='ltr'>divinitus</span> <span class='ocrx_word' id='word_1_672' title='bbox 1116 3672 1193 3716; x_wconf 87' lang='lat' dir='ltr'>im-</span> <span class='ocrx_word' id='word_1_673' title='bbox 1251 3675 1370 3728; x_wconf 72' lang='lat' dir='ltr'>tulo,</span> <span class='ocrx_word' id='word_1_674' title='bbox 1394 3677 1534 3720; x_wconf 91' lang='lat' dir='ltr'>colore</span> <span class='ocrx_word' id='word_1_675' title='bbox 1556 3679 1597 3720; x_wconf 73' lang='grc' dir='ltr'>δε</span> <span class='ocrx_word' id='word_1_676' title='bbox 1622 3685 1822 3733; x_wconf 73' lang='lat' dir='ltr'>pra-textu</span> <span class='ocrx_word' id='word_1_677' title='bbox 1849 3691 1922 3733; x_wconf 86' lang='lat' dir='ltr'>per</span> <span class='ocrx_word' id='word_1_678' title='bbox 1946 3678 2221 3734; x_wconf 85' lang='lat' dir='ltr'>quascumque</span> 
     </span>
     <span class='ocr_line' id='line_1_113' title="bbox 220 3729 2222 3801; baseline 0 -30"><span class='ocrx_word' id='word_1_679' title='bbox 220 3729 350 3798; x_wconf 74' lang='lat' dir='ltr'>posita</span> <span class='ocrx_word' id='word_1_680' title='bbox 360 3737 636 3801; x_wconf 75' lang='lat' dir='ltr'>opportunum</span> <span class='ocrx_word' id='word_1_681' title='bbox 649 3733 846 3783; x_wconf 64' lang='lat' dir='ltr'>abufibus</span> <span class='ocrx_word' id='word_1_682' title='bbox 873 3732 1096 3789; x_wconf 81' lang='lat' dir='ltr'>hujusmodi</span> <span class='ocrx_word' id='word_1_683' title='bbox 1119 3747 1187 3777; x_wconf 88' lang='lat' dir='ltr'>re·</span> <span class='ocrx_word' id='word_1_684' title='bbox 1246 3734 1600 3791; x_wconf 76' lang='lat' dir='ltr'>Apostolicas,sire</span> <span class='ocrx_word' id='word_1_685' title='bbox 1621 3736 1664 3779; x_wconf 85' lang='lat' dir='ltr'>in</span> <span class='ocrx_word' id='word_1_686' title='bbox 1684 3734 1946 3781; x_wconf 81' lang='lat' dir='ltr'>similiforma</span> <span class='ocrx_word' id='word_1_687' title='bbox 1962 3736 2095 3780; x_wconf 86' lang='lat' dir='ltr'>Brevis</span> <span class='ocrx_word' id='word_1_688' title='bbox 2111 3762 2125 3783; x_wconf 88' lang='lat'>,</span> <span class='ocrx_word' id='word_1_689' title='bbox 2141 3731 2222 3773; x_wconf 84' lang='lat' dir='ltr'>sive</span> 
     </span>
     <span class='ocr_line' id='line_1_114' title="bbox 221 3789 2215 3855; baseline -0.002 -15"><span class='ocrx_word' id='word_1_690' title='bbox 221 3789 422 3840; x_wconf 73' lang='lat' dir='ltr'>medlums</span> <span class='ocrx_word' id='word_1_691' title='bbox 440 3799 640 3846; x_wconf 84' lang='lat' dir='ltr'>quantum</span> <span class='ocrx_word' id='word_1_692' title='bbox 653 3805 749 3838; x_wconf 87' lang='lat' dir='ltr'>cum</span> <span class='ocrx_word' id='word_1_693' title='bbox 764 3794 949 3841; x_wconf 87' lang='lat' dir='ltr'>Domino</span> <span class='ocrx_word' id='word_1_694' title='bbox 967 3791 1186 3852; x_wconf 81' lang='lat' dir='ltr'>possumus,</span> <span class='ocrx_word' id='word_1_695' title='bbox 1246 3794 1316 3839; x_wconf 89' lang='lat' dir='ltr'>sub</span> <span class='ocrx_word' id='word_1_696' title='bbox 1346 3795 1522 3855; x_wconf 83' lang='lat' dir='ltr'>Plumbo</span> <span class='ocrx_word' id='word_1_697' title='bbox 1546 3794 1756 3853; x_wconf 78' lang='lat' dir='ltr'>expeditas</span> <span class='ocrx_word' id='word_1_698' title='bbox 1782 3796 1941 3841; x_wconf 87' lang='lat' dir='ltr'>litteras</span> <span class='ocrx_word' id='word_1_699' title='bbox 1956 3796 2026 3838; x_wconf 88' lang='lat' dir='ltr'>sub</span> <span class='ocrx_word' id='word_1_700' title='bbox 2058 3791 2215 3846; x_wconf 79' lang='lat' dir='ltr'>quibus.</span> 
     </span>
    </p>
   </div>
   <div class='ocr_carea' id='block_1_9' title="bbox 2056 3862 2170 3894">
    <p class='ocr_par' dir='ltr' id='par_1_12' title="bbox 2056 3862 2170 3894">
     <span class='ocr_line' id='line_1_115' title="bbox 2056 3862 2170 3894; baseline -0.035 0"><span class='ocrx_word' id='word_1_701' title='bbox 2056 3862 2170 3894; x_wconf 75' lang='lat' dir='ltr'>cum-</span> 
     </span>
    </p>
   </div>
  </div>
 </body>
</html>
