2444 4192
367 148 532 233 260
970 142 1132 231 Sub
1191 142 1268 232 S.

303 300 528 347 ordinariis
539 300 790 358 promulgata
811 299 1031 344 mandante
1043 304 1260 362 Episcop0‚

304 362 608 419 §Regularibus
630 362 671 403 in
698 373 833 404 eorum
850 358 1038 405 Ecclefiis
1060 365 1259 420 publicari

305 422 498 473 debeant,
517 430 650 464 tamen
664 418 688 461 fi
700 431 882 475 tempore
893 419 1178 466 celebrationis
1191 425 1264 466 ali-

305 480 417 538 cujus
427 493 478 523 ex
490 478 600 523 festis
613 482 846 522 Sanctorum
874 478 1077 524 ordinum
1101 495 1263 526 eorum—

300 540 414 589 dem,
427 553 477 583 ac
491 539 579 583 aliis
596 536 877 581 festivitatibus
897 537 1009 592 juxta
1021 540 1257 585 eorumdem

299 599 503 643 ordinm
518 597 729 654 privilegia
743 595 985 653 Apostolica,
997 599 1255 644 interdictum

296 656 527 715 hujusmodi
552 657 829 698 emanaverint
845 683 862 707 ,
883 655 988 700 illud
1016 659 1056 702 in
1082 657 1259 716 praefatis

295 715 587 761 festivitatibus,
600 714 641 755 δι
654 727 791 756 earum
803 715 956 758 octavis
973 714 1257 773 suspendimus.

321 775 390 819 Ad
405 786 447 823 5.
459 775 567 815 Cum
580 771 790 816 inhoneffi'i
805 772 869 826 fit,
876 775 1102 831 quemlibet
1113 777 1153 820 in
1162 776 1261 820 alie·

294 850 384 878 nam
399 828 559 874 meffem
575 828 720 876 falcem
733 831 1095 892 injicere3cumque
1105 846 1158 879 nc
1171 836 1261 878 Mo·

295 892 460 936 nialium
476 889 718 935 Monasteria
730 889 883 935 nonnifi
895 893 948 938 de
964 891 1151 952 Episcopi
1166 921 1181 944 ,
1195 893 1260 937 vel

292 949 521 1005 Superioris
533 947 701 994 licentia
713 980 730 1003 ,
743 951 784 993 dt
793 951 834 992 in
845 950 999 996 casibus
1012 952 1259 1003 necessariis,

290 1008 437 1064 aliquis
452 1007 612 1065 ingredi
626 1009 852 1066 praesumat,
869 1011 908 1054 in
922 1009 1084 1061 sest-25.
1108 1024 1199 1066 cap.
1217 1021 1257 1059 5.

294 1067 538 1126 prohibetur
550 1095 567 1119 ,
585 1067 662 1111 hoc
676 1070 836 1112 tantum
851 1069 987 1113 inillis
1003 1070 1257 1113 monasteriis

292 1129 429 1172 locum
442 1127 594 1169 babere
609 1128 810 1175 volumus,
822 1141 911 1184 quae
925 1128 1152 1171 Ordinariis
1169 1125 1261 1183 ipfis

291 1187 417 1243 pleno
448 1184 537 1242 jure
557 1183 718 1230 subsunt
728 1215 743 1240 ,
777 1185 817 1228 in
843 1187 989 1244 quibus
1002 1212 1017 1236 ‚
1044 1188 1084 1230 in
1110 1186 1262 1230 cafibus

292 1242 518 1289 necessariis
532 1244 600 1302 ipfi
613 1243 712 1289 date
726 1245 931 1290 licentiam
948 1244 1115 1303 poffint,
1125 1247 1168 1289 ἃ.
1179 1258 1262 1289 non

293 1308 334 1348 in
347 1302 435 1347 aliis
455 1303 726 1348 monasteriis.
738 1307 803 1347 lta
814 1306 911 1350 utin
926 1304 1102 1362 prefatis
1117 1308 1263 1349 Mona·

293 1363 420 1408 sseriis
438 1390 454 1415 ,
476 1377 564 1420 quoe
574 1363 807 1406 Ordinariis
840 1363 1066 1421 ipfispleno
1077 1364 1169 1423 jure
1180 1375 1264 1406 non

295 1421 457 1465 subsunt
477 1451 493 1476 ‚
517 1421 586 1478 ipfl
600 1422 796 1466 Ordinari
811 1422 885 1466 illa
899 1423 1058 1480 ingredi
1075 1434 1159 1466 non
1173 1420 1264 1480 pos-

295 1480 372 1524 sint
386 1507 400 1531 ,
426 1492 549 1537 prout
575 1482 614 1524 in
630 1480 784 1539 regulis
802 1496 972 1532 earum,
998 1482 1064 1526 seu
1090 1483 1142 1526 de
1171 1483 1262 1538 jure

295 1540 484 1583 statuitur
495 1568 511 1592 ‚
543 1541 584 1582 δι
605 1542 660 1583 cis
673 1541 831 1595 aliquos
844 1540 1047 1596 processus
1070 1541 1263 1583 adversus

297 1598 496 1642 Moniales
508 1597 635 1653 ipsas,
656 1596 721 1640 seu
745 1600 905 1640 Fratres
920 1596 1150 1652 hujusmodi
1170 1610 1265 1654 pro·

295 1667 440 1713 pterea
454 1684 472 1707 ,
485 1657 547 1706 spu
561 1654 659 1699 alias
670 1653 847 1710 ipsorum
862 1655 1064 1699 Ordinum
1078 1657 1266 1712 Superio-

295 1715 410 1757 ribus
429 1711 976 1772 irrequifitissquoquomodo
986 1712 1180 1767 formare,
1195 1724 1265 1758 aut

295 1771 434 1817 facere
446 1771 555 1830 pofl'e
573 1773 745 1816 omnino
758 1775 1023 1832 prohibemus
1033 1800 1049 1826 ,
1062 1775 1118 1817 ita
1131 1784 1179 1819 ut
1191 1773 1266 1817 ali·

296 1846 419 1889 quam
434 1831 769 1889 jnriffiietionem,
781 1832 846 1876 seu
858 1832 1026 1890 aliquod
1038 1834 1266 1891 quodcum·

295 1905 377 1947 que
391 1889 616 1933 dominium
645 1889 685 1932 in
702 1891 901 1935 Monhles
914 1919 930 1944 ,
954 1892 996 1934 δι
1009 1893 1174 1936 fratres
1188 1893 1263 1936 hu·

293 1948 471 2009 jusmodi
495 1946 716 2005 respective
746 1950 892 1993 habere
907 1976 922 1998 ,
946 1963 1165 2001 exercere,
1195 1962 1264 1993 aut

294 2009 442 2064 exequi
454 2007 688 2052 nullatenus
697 2006 861 2062 poffint,
873 2018 944 2050 aut
959 2010 1135 2052 debeant
1150 2035 1164 2061 ,
1181 2009 1264 2051 imo

293 2067 385 2110 illas
399 2093 415 2117 ,
443 2067 485 2111 δι
513 2063 600 2107 illos
626 2076 772 2109 omnen
799 2067 849 2107 ab
877 2077 1021 2109 eorum
1049 2065 1265 2123 superiori·

293 2135 380 2168 tate
391 2151 406 2174 ‚
417 2123 605 2167 dominio
620 2150 636 2175 ,
649 2118 975 2179 &jurisdietione
987 2154 1003 2178 ‚
1033 2125 1071 2168 δι
1089 2127 1265 2182 potesta·

294 2195 340 2229 te
360 2182 572 2227 eximimus
590 2209 604 2235 ,
627 2180 669 2224 δι
685 2181 907 2228 liberamus
918 2186 1148 2241 ‚·prouteis
1166 2198 1264 2228 con·

294 2241 442 2287 ceffum
457 2241 514 2285 est
531 2254 601 2296 per
618 2239 685 2284 sua
699 2242 913 2299 privilegia
937 2245 964 2288 ὶ
981 2244 1086 2287 Sede
1103 2236 1263 2300 pttfata

294 2305 495 2346 obtenta:
519 2301 561 2343 δι
582 2299 638 2341 ita
651 2297 822 2355 praefat:
839 2302 1072 2355 Monialcs,
1096 2314 1143 2346 ae
1169 2305 1265 2345 Fra·

296 2373 380 2405 tres
397 2359 472 2403 sint
486 2357 635 2403 excluii
660 2361 686 2403 a
700 2359 986 2417 superioritate
1000 2390 1015 2414 ‚
1040 2363 1081 2405 δι
1106 2360 1262 2416 jurisdi-

295 2422 430 2463 ctione
447 2418 765 2463 Ordinatiorum
778 2421 998 2476 respective
1013 2418 1265 2477 hujusmodi,

298 2490 345 2523 ut
359 2479 482 2524 etiam
508 2477 549 2519 in
565 2476 728 2519 illarum
741 2506 758 2531 ,
784 2479 858 2523 vel·
868 2479 1032 2524 illorum
1045 2478 1236 2536 syndieis
1252 2507 1268 2532 ,

301 2547 371 2580 ant
386 2534 722 2591 procuratoribus
739 2537 988 2594 deputandis
1001 2568 1019 2591 ,
1056 2538 1121 2582 vel
1149 2538 1188 2581 in
1203 2537 1267 2581 di·

301 2594 519 2653 sponendis
534 2593 701 2638 illorum
716 2594 975 2641 facultatibus
986 2623 1003 2648 ‚
1019 2597 1086 2640 vel
1101 2596 1182 2639 alia
1195 2596 1265 2638 nbi

304 2666 389 2699 nou
429 2653 705 2709 competentia
740 2651 921 2700 facienda
948 2654 1183 2700 nullatenus
1230 2652 1268 2698 se

306 2711 587 2756 intromittant
602 2723 703 2762 3nec
717 2713 841 2756 etiam
852 2713 1060 2758 Ordinarii
1073 2714 1268 2771 ipsosRc·

309 2771 467 2828 gulam
481 2765 669 2827 prefatos
680 2771 836 2822 citare,
863 2773 905 2816 δι
920 2770 1183 2829 ὶωίΐάῦᾱόοηί
1197 2770 1270 2817 sue

305 2827 501 2885 subjicere
514 2855 530 2880 ‚
556 2839 602 2870 ac
616 2841 757 2872 eorum
770 2832 1014 2877 Conteritur
1034 2844 1237 2889 occupare
1255 2860 1271 2883 ‚

304 2885 412 2991 ἴοι
424 2887 477 2931 ab
487 2886 552 2954 eis¹
560 2886 808 2943 expellendo
823 2916 839 2942 ‚
861 2904 908 2933 ae
938 2890 979 2934 in
995 2889 1098 2947 ipsos
1115 2890 1253 2948 jurisdi

349 2947 486 2991 ionem
501 2943 677 3002 aliquam
689 2971 705 2996 ,
732 2947 773 2990 δι
785 2947 1027 3004 potestatem
1051 2961 1245 2995 exercere
1257 2975 1273 3000 s

309 3017 356 3049 ut
370 3005 631 3064 premittitur
641 3033 657 3058 ‚
667 3014 741 3048 aut
756 3003 859 3062 ipsos
872 3010 1105 3054 carceribus
1120 3011 1273 3053 manci·

312 3078 411 3122 pate
424 3092 440 3117 ‚
462 3064 655 3107 &contra
666 3076 738 3107 eos
750 3065 861 3110 aliud
878 3065 1009 3112 facere
1017 3068 1164 3127 poffint
1180 3097 1196 3123 ,
1225 3076 1273 3112 ut

311 3124 384 3168 sua
396 3123 544 3167 ditioni
558 3121 811 3182 subficiantur
823 3154 836 3168 .

337 3182 403 3226 Ad
418 3182 457 3226 6.
473 3180 673 3226 Volumus
684 3182 939 3244 etiam‚quod
951 3185 1275 3243 puellaraneo

311 3241 457 3286 dicsnd
467 3254 582 3285 arum
596 3269 612 3294 ‚
642 3255 692 3286 an
706 3239 861 3289 scilicet
876 3248 1021 3289 coaeloe
1032 3273 1047 3297 ‚
1074 3248 1140 3293 vel
1158 3247 1274 3294 sedu—

311 3305 380 3345 ἂι·
412 3300 557 3345 suerint
573 3328 589 3353 ‚
618 3312 787 3346 eumen
818 3301 1044 3349 faciendum
1065 3334 1081 3360 ,
1116 3305 1269 3352 nonniii

317 3358 417 3403 insta
436 3359 668 3417 quindecim
680 3360 769 3406 dics
781 3388 796 3412 ‚
809 3363 1017 3421 postquam
1032 3363 1147 3423 juxta
1162 3370 1277 3411 eom

315 3418 454 3462 cilium
477 3419 768 3465 Tridentinum
796 3423 1011 3480 Episcopi,
1043 3425 1105 3469 vel
1132 3438 1274 3471 eorum

317 3477 473 3520 vicarii
489 3478 668 3536 requisiti
687 3478 832 3526 suerint
844 3507 860 3533 ‚
891 3480 977 3527 fieri
1008 3484 1152 3541 polin
1185 3484 1276 3543 qui·

317 3535 394 3580 bus
408 3535 547 3592 elapsis
561 3539 732 3596 amplius
745 3540 784 3584 in
799 3541 877 3585 boc
893 3541 974 3586 illis
1007 3540 1045 3587 se
1072 3544 1276 3590 intromit-

313 3603 405 3640 tere
419 3608 498 3638 non
516 3595 635 3641 liceat
648 3626 663 3651 ‚
688 3598 802 3656 cujus
823 3601 1066 3655 occasione,
1088 3614 1161 3648 nee
1179 3604 1276 3662 Epi·

314 3653 458 3713 stop-is
471 3667 547 3722 nec
556 3655 639 3712 ejus
657 3659 844 3704 vicarius
877 3661 981 3705 intra
1008 3659 1116 3719 septa
1130 3661 1275 3708 Mona·

314 3712 814 3769 fletitstumingtediantut
832 3747 847 3772 ,
874 3721 941 3765 sed
967 3721 1066 3765 ssent
1079 3731 1174 3766 ante
1185 3735 1276 3766 en-

310 3782 396 3817 tem
405 3770 578 3831 ferream
591 3800 608 3828 ‚
618 3775 660 3818 dt
671 3774 1019 3833 interrogationes
1031 3780 1145 3831 alias,
1153 3782 1273 3837 quim

1338 141 1479 230 Pio
1544 144 1645 235 V.

1318 320 1385 349 eas
1397 332 1413 356 ‚
1425 320 1509 364 quae
1526 304 1734 363 prafatum
1746 304 1984 349 Concilium
1994 302 2282 349 Tridentinutn

1316 366 1506 423 jubet‚eis
1520 366 1606 409 fieri
1619 368 1788 407 omnino
1804 364 2072 420 prohibemus
2088 393 2102 416 ‚
2116 377 2163 406 ac
2180 362 2286 405 fimi·

1322 425 1420 469 liter
1446 428 1664 476 volumus,
1685 425 1795 479 quod
1826 420 1967 476 pueuae
1991 449 2007 473 ,
2032 422 2097 466 seu
2123 421 2284 464 novitiae

1320 485 1411 542 ipsae
1422 482 1471 526 ad
1488 485 1526 527 al
1533 487 1587 527 ias
1599 481 1944 537 interrogationes
1954 480 2203 537 respondere
2215 482 2287 524 m'r-

1316 546 1424 587 nime
1438 554 1655 586 teneantur
1677 570 1689 582 .
2271 589 2274 591 q

1342 603 1409 647 Ad
1426 618 1465 654 7.
1481 602 1655 646 Seffione
1668 599 1768 641 vero
1781 595 1982 650 23·cap-8.
2003 596 2200 640 neminem
2212 596 2282 639 nisi

1317 662 1341 705 ὶ
1390 662 1559 718 proprio
1591 655 1794 712 Episcopo
1835 655 2015 696 ordinati
2058 653 2164 709 poffe
2205 656 2284 698 sta-

1317 730 1433 762 tuens
1457 747 1472 770 ,
1497 719 1538 758 in
1566 714 1837 770 Regularibus
1869 711 2008 755 locum
2034 724 2115 754 non
2136 715 2283 758 habere

1319 777 1489 819 omnino
1501 774 1783 821 declaramus,
1812 772 1868 814 ita
1898 769 2009 827 quod
2026 771 2186 814 Fratres
2207 771 2286 814 hu·

1317 834 1491 895 jusmodi
1516 829 1698 889 prefatos
1717 859 1733 884 ,
1755 830 1873 874 etiam
1900 829 2035 873 sacros
2060 829 2238 872 Ordines
2260 831 2288 874 ὶ

1319 894 1505 951 quolibet
1531 890 1722 934 Antistite
1749 890 1921 947 gratiam
1961 891 2002 931 &
2027 888 2287 933 communio·

1316 967 1411 998 nem
1440 949 1679 1007 Apostolicae
1703 949 1822 993 Sedis
1853 949 2053 999 habente,
2076 947 2287 992 Ordinatii

1318 1012 1400 1055 loci
1413 1008 1580 1054 minime
1598 1008 1783 1065 requifitd
1797 1005 1958 1051 licentia
1971 1037 1987 1060 ‚
2005 1009 2046 1047 in
2062 1005 2162 1050 locis
2173 1035 2190 1058 ,
2218 1004 2289 1049 seu

1317 1070 1503 1114 domibus
1520 1068 1705 1113 Fratrum
1720 1065 1970 1127 hujusmodi,
1983 1075 2051 1107 aut
2065 1065 2163 1108 alibi
2181 1065 2290 1107 reci-

1319 1140 1416 1232 pii-g
1430 1127 1716 1244 ἔξΐιζΐαρει·
1734 1184 1894 1230 seffione
1905 1197 1972 1229 aa.
1983 1182 2290 1239 decretum‚per

1321 1246 1640 1304 quodpopulum
1650 1245 1747 1302 sepe
1761 1246 1811 1286 ad
1826 1244 1909 1287 suas
1927 1242 2126 1287 Ecclesias
2143 1242 2287 1285 (sltem

1321 1305 1545 1350 Dominicis
1574 1334 1589 1357 ,
1617 1307 1657 1348 &
1688 1304 1912 1363 majoribus
1939 1301 2086 1346 festivis
2114 1303 2257 1346 diebus
2276 1328 2292 1353 ,

1321 1365 1544 1411 convenire
1554 1363 1706 1407 debere
1721 1374 1861 1406 monet
1879 1362 2153 1417 ,insequendo
2169 1390 2183 1414 ,
2216 1375 2292 1404 vo-

1322 1423 1607 1480 lumus,quod
1621 1425 1830 1466 Fratribus
1855 1422 2183 1466 mendicantibus
2218 1420 2293 1462 bu—

1321 1482 1490 1540 jusmodi
1518 1494 1601 1524 non
1640 1482 1766 1525 solum
1800 1481 2005 1537 prohiberi
2036 1491 2118 1521 non
2146 1477 2260 1535 possit
2276 1503 2294 1529 2

1324 1556 1374 1584 ne
1390 1536 1523 1581 Miffas
1537 1564 1551 1586 ‚
1562 1540 1604 1579 Gt
1615 1539 1695 1581 alia
1706 1537 1843 1581 divina
1854 1537 1995 1582 Officia
2015 1536 2161 1580 faciant
2173 1538 2214 1579 in
2224 1549 2294 1580 eo·-

1325 1608 1417 1643 rum
1430 1597 1616 1642 Ecclefiis
1629 1624 1646 1652 ,
1659 1595 1806 1640 verum
1822 1598 1947 1642 etiam
1974 1598 2014 1640 in
2028 1595 2294 1654 quibuscum-

1323 1672 1402 1716 que
1417 1657 1534 1706 aliis,
1549 1657 1616 1699 ubi
1642 1655 1844 1700 celebrari
1870 1655 2000 1700 Mifliis
2035 1656 2196 1699 solitum
2213 1653 2292 1703 est,

1323 1719 1446 1761 etiam
1461 1716 1548 1772 ipsis
1561 1726 1641 1758 non
1656 1716 1810 1758 vocatis
1824 1743 1840 1768 ,
1861 1713 1926 1758 seu
1940 1713 1991 1759 ad
2007 1714 2047 1758 id
2059 1713 2259 1771 requifitis
2274 1737 2291 1762 ,

1324 1776 1534 1820 celebrare
1548 1773 1724 1818 valeant:
1736 1787 1782 1817 ac
1796 1773 2047 1831 etiam3quod
2058 1772 2294 1823 conciones.

1323 1838 1366 1880 δι
1388 1835 1583 1879 lectiones
1601 1836 1732 1878 Satroe
1751 1835 1971 1889 Scripturae
1986 1861 2002 1885 ‚
2026 1832 2068 1874 δι
2091 1834 2294 1875 sermones

1325 1908 1403 1952 pro
1414 1893 1613 1947 mortuis,
1637 1894 1759 1937 etiam
1788 1893 1825 1935 in
1844 1891 2033 1935 Ecclefiis
2049 1888 2183 1933 facere
2201 1918 2216 1941 ,
2245 1902 2294 1932 ae

1325 1952 1599 2006 eleemosynas
1613 1964 1690 2005 pro
1697 1950 1949 1993 celebrandis
1962 1947 2186 2007 hujusmodi
2203 1937 2298 1991 Mis·

1322 2014 1373 2060 fis
1387 2036 1402 2060 a
1414 2012 1455 2053 dt
1468 2010 1557 2052 aliis
1573 2009 1731 2052 Divinis
1746 2007 1906 2052 Officiis
1920 2007 2157 2066 peragetrdis
2170 2034 2186 2061 ‚
2201 2007 2228 2049 fi
2240 2006 2296 2051 eis

1325 2070 1416 2114 ilias
1430 2069 1608 2118 donari,
1629 2069 1693 2112 seu
1721 2066 1895 2126 relinqui
1921 2070 2160 2124 contingat,
2189 2066 2296 2110 reci·

1325 2141 1420 2186 pere
1435 2154 1451 2178 ‚
1467 2140 1624 2172 necnon
1642 2125 1775 2171 Miffas
1792 2155 1807 2179 ,
1833 2130 1871 2171 ἃ
1889 2124 2037 2171 Divina
2054 2126 2201 2170 Officia
2216 2125 2298 2168 bu·

1325 2186 1496 2244 jusmodi
1526 2186 1651 2228 ctiam
1679 2186 1718 2228 in
1729 2184 1872 2228 diebus
1887 2186 2110 2229 omninicis
2122 2209 2140 2237 ,
2162 2180 2298 2227 velse-

1323 2246 1435 2289 stitis
1450 2273 1466 2296 ,
1495 2243 1620 2287 etiam
1648 2254 1862 2298 antequam
1876 2245 2028 2287 flector
2046 2241 2296 2286 Patocbialis

1325 2302 1511 2350 Ecclesia
1525 2303 1797 2348 celebraverit
1813 2331 1828 2356 ‚
1839 2302 2052 2347 celebrate
2066 2329 2082 2354 ,
2094 2302 2135 2344 dt
2146 2299 2298 2352 facem.

1324 2360 1488 2422 quando
1512 2362 1570 2404 eis
1598 2360 1804 2405 videbitur
1819 2386 1834 2413 ,
1858 2360 2012 2405 etiamsi
2038 2370 2135 2404 tunc
2157 2359 2196 2402 in
2215 2361 2298 2402 Ec-

1324 2421 1440 2469 ciefia
1454 2419 1696 2464 cathedrali
1713 2418 1952 2477 predicetur
1970 2419 2229 2477 ‚predicaret
2248 2431 2295 2460 ac

1324 2482 1448 2527 etiam
1467 2480 1710 2537 quicumque
1735 2478 1947 2537 utriusque
1968 2476 2080 2523 sexus
2094 2473 2299 2521 Christifi-

1324 2540 1470 2592 deles,
1492 2539 1624 2583 totius
1652 2540 1745 2582 anni
1767 2549 1954 2592 tempore
1968 2538 2084 2589 illas,
2113 2536 2237 2579 &illa
2252 2533 2292 2577 in

1329 2596 1520 2644 Ecclessis
1539 2600 1728 2642 Fratrum
1742 2595 1810 2640 bu’
1858 2596 1972 2638 modi
1987 2596 2127 2640 audire
2139 2594 2300 2650 poflint.

1329 2656 1406 2714 19⁶
1433 2654 1728 2700 cnr-inifideies
1755 2656 1795 2698 ul
1841 2664 1960 2698 tenua
1979 2651 2301 2709 desupermole-

1329 2715 1420 2761 stat-i
1431 2740 1446 2763 ‚
1463 2726 1530 2759 aut
1542 2714 1732 2773 impediri
1749 2727 1821 2771 per
1837 2714 2022 2758 locorum
2034 2711 2298 2762 ordinarios,

1330 2775 1395 2820 scu
1410 2773 1599 2819 Rectores
1614 2772 1912 2818 Paroebialium
1928 2771 2217 2824 Ecclefiarum‚
2229 2779 2299 2813 aut

1330 2835 1431 2879 alios
1462 2834 1741 2890 quoscumque
1765 2831 1855 2874 ullo
1874 2832 1992 2888 paeto
2014 2858 2030 2882 ‚
2057 2828 2202 2881 causa,
2231 2827 2296 2872 vel

1331 2891 1538 2938 occasrone
1558 2904 1640 2935 non
1662 2891 1822 2936 valeant
1847 2917 1862 2943 ‚
1888 2888 1956 2935 seu
1977 2889 2157 2933 debeant
2184 2916 2201 2941 ‚
2230 2884 2300 2931 sed

1333 2950 1490 3012 prefati
1519 2948 1814 2995 Christifideles
1845 2947 2050 2993 audiendo
2066 2945 2198 2991 Miffas
2212 2972 2227 2998 ‚
2258 2946 2298 2988 δι

1333 3014 1411 3057 alia
1426 3011 1574 3057 Divina
1587 3009 1732 3055 Officia
1764 3008 1804 3051 in
1829 3006 2007 3052 Ecelefia
2024 3008 2207 3051 Fratrum
2222 3005 2301 3049 bu·

1334 3072 1503 3131 jusmodi
1516 3069 1658 3116 diebus
1677 3066 1920 3116 Dominicis,
1934 3077 2002 3112 aut
2018 3064 2186 3117 festivis,
2197 3077 2298 3122 prc-

1335 3141 1459 3188 ccpto
1476 3128 1662 3177 Ecclesia
1686 3128 1740 3173 de
1752 3126 1837 3171 illis
1847 3125 2059 3172 audiendis
2077 3122 2298 3170 satisfecissc

1337 3192 1577 3236 censeantur
1592 3218 1606 3232 .

1360 3251 1427 3296 Ad
1487 3243 1763 3295 estimet-fias
1777 3253 1916 3288 autem
1925 3254 2068 3287 omnes
2087 3239 2141 3286 de
2150 3253 2299 3298 prace-

1335 3262 1491 3358 dent&
1533 3321 1592 3354 uoe
1603 3304 1744 3352 eadem
1755 3302 1911 3349 seflione
1926 3313 1994 3352 as.
2010 3314 2099 3357 cap·
2114 3301 2213 3346 vero
2230 3313 2297 3356 ¹3·

1337 3385 1410 3429 per
1427 3369 1503 3428 Epi
1545 3377 1667 3424 opum
1689 3362 1898 3409 terminari
1914 3360 2186 3410 mandantur,
2216 3372 2296 3403 non

1335 3431 1404 3474 nili
1431 3429 1628 3474 durantes
1655 3422 1859 3482 perillum
1874 3419 2039 3471 dirimi,
2067 3417 2200 3462 finitas
2227 3433 2298 3463 au·

1335 3499 1420 3533 tem
1435 3486 1552 3533 nullo
1567 3485 1683 3543 pano
1694 3480 1878 3528 innovari
1892 3476 1999 3538 poffe
2017 3478 2221 3522 statuimus
2238 3505 2252 3520 .

1365 3546 1432 3593 Ad
1454 3559 1518 3593 ro.
1530 3547 1717 3600 Cumque
1731 3539 1829 3585 iicet
1841 3552 1902 3583 ω
1917 3536 2137 3583 ι.5είῐὶοηὶι
2151 3536 2297 3586 πλὴ-

1337 3616 1424 3653 tuat
1439 3633 1454 3657 ‚
1468 3604 1578 3664 quod
1591 3603 1633 3646 in
1645 3600 1835 3646 domibus
1851 3599 2032 3642 virorum
2043 3621 2058 3647 ‚
2071 3595 2138 3642 seu
2148 3594 2295 3641 mulie·

1337 3680 1452 3719 tum,
1478 3663 1622 3721 quibus
1648 3660 1871 3704 auimatum
1899 3657 2155 3716 personarum
2178 3653 2297 3700 secu·

1338 3724 1481 3768 latium
1499 3734 1596 3766 cura
1607 3720 1790 3765 imminet
1807 3717 1935 3772 ,nulli
1948 3717 2070 3762 etiam
2085 3714 2136 3759 ad
2153 3724 2293 3758 nutum

1332 3780 1583 3826 amovibilcs
1605 3779 1704 3825 inibi
1715 3779 1962 3838 deputentur
1974 3800 1990 3825 ‚
2018 3773 2088 3820 nifi
2101 3769 2292 3882 dzgfidi-
