2444 4192
715 221 881 305 Sub
936 221 1416 306 Alexandro
1481 220 1588 305 V.

302 374 445 420 Postea
471 372 573 415 vero
595 367 642 414 ad
659 366 730 424 piae
744 369 947 411 memoriae
968 367 1139 426 Joannis

185 439 297 492 pape
319 433 459 476 xxu.
489 432 611 474 etiam
627 424 923 485 praedecefforis
950 428 1141 470 notitiam

185 493 358 539 deducto
369 518 385 541 ,
414 492 524 547 quod
538 485 738 547 quondam
751 488 924 542 joannes
941 487 993 530 de
1010 487 1143 529 Polia-

184 566 237 597 co
250 552 288 594 in
304 555 428 594 Sacra
443 547 670 603 Theologia
687 544 876 600 Magister
894 573 908 595 ‚
928 545 968 586 in
985 541 1142 599 quibus-

181 610 277 655 dam
297 608 486 653 articulis
515 604 765 664 tangentibus
791 603 1040 647 Paenitentiae
1071 605 1143 645 Sa-

184 679 463 715 eramentum‚
493 681 573 710 non
598 663 731 708 sobrie
757 689 772 711 ‚
798 661 863 705 sed
895 674 1144 718 perperam-t

181 727 360 784 sapiebat
395 756 410 780 ,
438 722 713 780 infrascriptos
737 720 934 764 articulos
950 749 965 773 ‚
988 721 1144 777 pericu-

180 786 289 830 losos
305 788 565 831 continentes
580 794 736 827 errores
750 807 765 830 ‚
795 782 948 825 docens
976 778 1141 835 publice

175 846 220 889 in
247 847 320 890 suis
347 841 693 902 praedicationibus
717 841 818 883 &in
846 839 993 883 scholis
1021 853 1033 882 ε
1060 838 1140 894 pri-

177 906 288 949 mum
301 904 491 961 siquidem
505 903 676 946 astruens
690 927 705 950 ‚
733 899 845 956 quod
859 897 1025 942 confeffi
1042 900 1139 940 Fra-

178 963 310 1006 tribus
326 962 564 1004 habentibus
586 958 786 1003 licentiam
815 958 1047 1016 generalem
1069 971 1142 1000 au·

175 1020 317 1065 diendi
333 1020 601 1064 confeffiones
610 1050 627 1072 ,
648 1029 863 1064 teneantur
891 1018 1033 1062 eadem
1047 1030 1142 1074 pec·

175 1089 289 1132 cata,
316 1093 402 1138 quae
413 1077 578 1124 confesti
596 1078 758 1123 fuerant
772 1109 788 1132 ‚
815 1079 960 1122 iterum
973 1075 1142 1121 confite·

173 1141 208 1182 ri
224 1140 392 1198 proprio
403 1138 639 1183 Sacerdoti:
665 1136 868 1189 seeundo,
899 1136 1012 1194 quod
1040 1136 1142 1179 stan·

175 1207 220 1242 te
234 1199 408 1244 statutor
436 1200 559 1241 omnis
571 1194 912 1255 utrius'questxat
927 1223 941 1246 ,
961 1197 1002 1239 in
1026 1198 1137 1239 Con·

177 1258 276 1301 cilio
289 1255 510 1306 Generali,
540 1258 749 1300 Romanus
769 1255 960 1299 Pontifex
974 1268 1054 1297 non
1067 1268 1140 1310 po·

176 1316 252 1360 test
273 1313 432 1368 facere,
463 1313 573 1370 quod
597 1314 834 1371 parochiani
865 1328 945 1357 non
973 1324 1135 1356 tenean-

172 1384 242 1419 tur
256 1376 392 1418 omnia
421 1383 588 1430 peccata
614 1372 678 1416 sua
702 1372 824 1417 semel
848 1372 888 1415 in
908 1386 1017 1416 anno
1043 1385 1137 1428 pro-

169 1433 260 1492 prio
274 1433 485 1480 Sacerdoti
498 1431 712 1483 confiteri,
740 1446 861 1491 quem
875 1432 1036 1476 dicebat
1050 1431 1136 1475 esse

169 1493 442 1550 parochialem
455 1493 656 1537 Curatum
671 1521 687 1545 ‚
702 1506 778 1536 nec
797 1495 906 1535 Deus
925 1490 1041 1548 potiit
1056 1492 1132 1534 boc

173 1549 330 1605 facere,
351 1554 449 1611 quin
466 1580 481 1605 ,
511 1551 691 1604 utdicit,
721 1553 903 1606 implicet
926 1549 1137 1594 contradi-

173 1609 348 1656 ctionem
370 1625 383 1657 ε
415 1612 558 1657 Tertio
570 1640 586 1663 v
617 1610 727 1669 quod
763 1612 869 1668 Papa
897 1625 974 1654 non
1007 1609 1138 1665 posset

170 1668 274 1715 dare
300 1671 532 1728 generalem
558 1670 792 1726 potestatem
820 1670 1013 1713 audiendi
1042 1682 1140 1711 con-

171 1726 352 1774 feliiones
378 1758 393 1783 ,
422 1730 505 1774 imo
527 1743 602 1773 nec
631 1732 739 1773 Deus
755 1757 770 1782 ‚
801 1731 897 1785 quin
935 1724 1140 1771 confessus

169 1788 332 1832 habenti
376 1788 605 1844 generalem
643 1788 854 1833 licentiam
880 1818 895 1839 ,
947 1798 1139 1831 teneatur

169 1846 312 1892 eadem
335 1850 487 1892 iterum
508 1847 698 1893 confiteri
727 1846 798 1892 suo
810 1848 981 1905 proprio
997 1851 1139 1892 Sacer-

175 1903 264 1966 doti
281 1935 298 1958 ,
346 1920 436 1951 uem
449 1906 553 1952 dicit
562 1910 644 1953 esse
655 1936 670 1960 ,
699 1916 747 1952 ut
762 1908 1024 1965 premittitur
1038 1935 1054 1960 ‚
1070 1908 1139 1950 Pa·

184 1921 410 2008 rochialiem
422 1968 622 2010 Curatum
639 1996 652 2009 .

295 2020 507 2067 Praedietus
527 2025 700 2078 Joannes
714 2024 978 2067 Proedeceffor
1002 2025 1144 2067 volens

175 2082 305 2132 scire,
318 2079 344 2123 fi
358 2079 531 2136 suggesta
547 2080 616 2124 fibi
630 2082 672 2124 in
693 2096 739 2124 ea
755 2091 868 2138 parte
886 2082 1058 2124 veritate
1073 2082 1145 2122 ha-

177 2142 323 2187 berent
339 2167 354 2192 ,
368 2135 572 2195 praefatum
583 2142 781 2196 Joannem
801 2141 852 2183 de
867 2141 1036 2183 Poliaco
1050 2168 1064 2189 ,
1093 2138 1145 2180 de

174 2202 368 2244 Fratrum
381 2195 538 2238 suorum
554 2196 724 2238 confilio
737 2199 902 2238 evocari
917 2223 933 2245 ‚
947 2207 1070 2250 atque
1082 2210 1145 2235 ar·

170 2255 397 2300 ticulorum
426 2250 587 2296 suorum
609 2252 770 2309 copiam
792 2252 926 2294 eidem
952 2252 1150 2307 Magistro

166 2313 311 2376 Joanni
329 2309 437 2356 tradi
452 2311 552 2365 fecit
566 2337 582 2360 2
606 2313 647 2355 δι
667 2312 719 2355 ad
737 2310 1015 2356 defenfionem
1036 2312 1146 2354 suam

106 2376 108 2378 ’
171 2371 422 2419 audientiam
437 2372 597 2428 plenam
609 2369 676 2415 fibi
697 2372 868 2428 praebuit
885 2400 899 2423 ‚
926 2371 1064 2416 tamin
1080 2368 1146 2413 sua

174 2433 460 2488 dictorumque
469 2434 655 2477 Fratrum
668 2430 877 2488 prasentia
890 2460 904 2483 ,
919 2433 959 2475 ει
975 2432 1013 2473 in
1030 2432 1148 2472 Con-

174 2491 333 2537 {istorio
344 2516 360 2541 ‚
372 2491 493 2547 quim
506 2491 603 2535 alibi
620 2505 762 2534 coram
777 2491 975 2548 aliquibus
994 2488 1150 2534 Fratri·

174 2553 251 2598 bus
265 2551 355 2609 ipiis
371 2577 395 2603 ,
407 2563 480 2607 per
492 2564 585 2594 eum
598 2550 650 2594 ad
664 2553 741 2595 boc
757 2552 965 2610 deputatis
978 2575 994 2599 ‚
1008 2551 1036 2592 li
1053 2562 1151 2603 prae-

172 2609 283 2655 fatus
298 2610 487 2666 Magister
499 2610 630 2654 dictos
644 2610 838 2656 articulos
853 2641 869 2664 ,
891 2613 933 2654 &
956 2618 1151 2653 contenta

179 2668 322 2727 inipfis
337 2666 567 2715 defendere
593 2672 823 2716 niteretur.
852 2670 936 2733 Qi
949 2668 1145 2727 quidem,

175 2727 362 2786 Magister
370 2731 546 2788 Joannes
559 2729 751 2776 asserebat
765 2761 780 2783 ‚
812 2730 851 2774 se
866 2743 1050 2785 paratum
1065 2740 1150 2770 cre-

177 2788 303 2837 dere,
315 2790 356 2831 8ι
370 2798 512 2832 tenere
528 2790 567 2833 in
583 2789 783 2848 praemiffis
795 2791 836 2833 δι
850 2790 938 2835 aliis
951 2817 967 2842 ,
993 2796 1149 2846 quate-

178 2846 314 2894 nenda
336 2846 378 2890 &
405 2847 608 2893 credenda
636 2848 739 2893 fides
754 2847 985 2907 Apostolica
1004 2844 1150 2890 defini-

177 2917 283 2960 tet3
307 2904 568 2964 prefatusque
582 2909 759 2964 Joannes
784 2907 1062 2952 Praedeceffor
1087 2914 1150 2949 at-

181 2966 352 3012 tendens
365 2994 381 3019 ‚
405 2970 515 3021 quod
530 2965 728 3010 dictorum
741 2967 1006 3016 articulorum
1029 2966 1150 3012 affer-

182 3029 246 3072 tio
258 3050 273 3074 ⁵
295 3025 532 3082 pradicatio
544 3027 584 3068 &
596 3025 776 3071 doctrina
793 3028 1016 3072 redundare
1032 3038 1148 3084 pote-

181 3096 247 3132 rat
263 3083 301 3126 in
316 3084 536 3127 multarum
557 3086 777 3141 perniciem
792 3088 1030 3139 animarum,
1048 3086 1153 3142 ipsos

185 3160 258 3204 per
285 3142 425 3197 plures
454 3145 669 3199 Magistros
698 3147 738 3187 in
763 3145 988 3202 Theologia
1003 3147 1153 3189 exami-

186 3203 276 3249 nari
291 3201 386 3245 fecit
401 3201 650 3258 diligenter,
679 3206 719 3246 δι
747 3204 828 3261 ipse
853 3205 975 3247 etiam
987 3204 1155 3249 cumdi-

119 3262 122 3265 ’
173 3264 258 3306 fiis
273 3261 483 3305 Fratribus
510 3258 590 3306 suis
614 3263 876 3307 collationem
899 3261 1155 3307 solemnem:

182 3320 328 3366 *babuit
344 3321 458 3377 super
475 3321 679 3379 premiffis
698 3351 714 3375 ‚
742 3336 813 3379 per
837 3336 932 3378 quas
946 3322 1150 3378 quidem..-

186 3378 446 3425 collationem
483 3382 526 3424 δι
559 3381 899 3427 examinationem
935 3380 1050 3437 super
1076 3382 1153 3424 hoc

198 3439 427 3492 prehabitas
454 3441 690 3498 comperit,
718 3441 926 3496 praedie‘tos
964 3439 1157 3482 articulos

200 3496 416 3541 doctrinam
429 3511 512 3546 non
525 3498 676 3550 sanam,
692 3499 760 3545 sed
773 3498 1034 3557 periculosam
1052 3498 1158 3540 mul-

202 3552 300 3622 tffitn,
312 3556 351 3598 Bt
362 3557 524 3602 veritati
536 3560 785 3603 contrariam
798 3558 1025 3602 continere.
1039 3560 1157 3614 Qos

201 3619 319 3655 ettam
332 3616 524 3661 articulos
536 3633 674 3663 omnes
696 3621 738 3663 δι
758 3616 932 3675 fingulos
946 3617 1051 3662 idem
1067 3617 1154 3657 Ma-

198 3667 316 3736 ἕψω·
335 3672 494 3726 loannes
507 3703 523 3726 s
550 3679 658 3722 veris
675 3677 742 3722 fibi
757 3677 980 3721 rationibus
994 3675 1152 3732 opinio·

205 3741 245 3795 ψ
260 3725 332 3791 su?
343 3729 489 3776 dudum
508 3735 653 3780 habitat
664 3736 878 3780 contrariis
902 3734 1153 3780 demonstra-

199 3795 278 3836 tls,
303 3797 343 3824 ¹¹¹
366 3787 503 3834 eodem
515 3795 768 3840 Conlistorio
790 3795 997 3838 revocavit
1011 3822 1026 3845 ,
1049 3792 1148 3835 asse-

193 3858 283 3890 reus
298 3855 368 3888 eos
383 3856 463 3891 non
475 3860 587 3898 veros
602 3883 624 3915 ².
642 3854 708 3899 sed
733 3855 986 3900 contrarium
1002 3866 1146 3898 verum

1948 253 2101 331 123

1201 368 1278 410 effe
1290 394 1305 414 ‚
1318 383 1412 411 cum
1428 367 1584 410 diceret
1596 396 1611 418 ,
1641 368 1682 410 se
1702 369 1856 413 nescire
1866 375 2087 421 rationibus
2104 382 2172 425 fibi

1201 425 1317 470 factis
1343 427 1384 466 in
1410 426 1667 466 contrarium
1695 428 1958 480 respondere.
1992 438 2172 492 Ideoque

1203 500 1254 528 ne
1283 496 1357 540 per
1385 482 1640 527 affertionem
1655 513 1670 535 ‚
1698 489 2024 538 pradicationem
2038 495 2079 533 δι
2093 497 2173 538 do-

1203 544 1376 587 ctrinam
1392 542 1643 597 hujusmodi,
1660 546 1698 584 in
1714 558 1914 595 errorem,
1933 553 2043 602 quod
2058 553 2173 604 abiit,

1203 605 1342 646 animae
1373 601 1614 658 simplicium
1643 604 1958 658 prolaberentur
1988 634 2003 656 ‚
2028 622 2170 652 omnes

1205 662 1413 720 predictos
1431 661 1626 703 articulos
1641 690 1655 711 ‚
1683 665 1723 705 δι
1749 665 1976 717 quemlibet
2007 678 2176 718 eorum,

1204 732 1397 777 tanquam
1421 721 1539 762 falsos
1567 722 1607 762 δι
1624 737 1853 771 erroneos,
1879 726 1919 766 ὅτ,
1944 723 1966 768 ἃ
1997 723 2177 768 doctrina

1200 779 1292 824 sana
1309 779 1449 822 devios
1465 808 1479 830 ,
1497 781 1602 822 idem
1624 784 1791 835 {oannes
1811 782 2094 834 Praedeceffor,
2108 799 2178 828 au-

1201 840 1392 883 ctoritate
1412 839 1639 894 Apostolica
1652 841 1858 885 damnavit
1872 844 1911 884 &
1926 843 2178 898 reprobavit,

1201 901 1253 944 de
1267 900 1455 941 Fratrum
1481 900 1643 942 suorum
1670 900 1838 944 confilio
1866 903 2179 957 praedictorum,

1202 959 1428 1002 doctrinam
1457 957 1549 1014 iplis
1574 962 1824 1003 contrariam
1855 975 1992 1004 veram
2020 958 2096 1006 ene
2138 961 2180 1003 ὅτ.

1201 1016 1462 1063 Catholicam
1491 1015 1694 1072 asserens,
1736 1020 1852 1077 quod
1870 1021 1959 1071 illi,
1985 1022 2054 1077 qui
2084 1033 2181 1077 pre-

1203 1079 1320 1121 dictis
1351 1077 1560 1120 Fratribus
1589 1078 1888 1123 confiterentur
1901 1111 1917 1133 ,
1948 1095 2027 1125 non
2054 1078 2180 1135 magis

1205 1147 1444 1182 tenerentur
1459 1139 1603 1181 eadem
1619 1150 1783 1193 peccata
1801 1141 1946 1182 iterum
1961 1137 2147 1182 confiteri
2163 1165 2180 1190 ,

1200 1200 1323 1255 quam
1338 1194 1362 1237 li
1375 1196 1477 1241 alias
1492 1197 1560 1240 illa
1574 1195 1737 1240 confeffi
1754 1197 1914 1242 suiffent
1925 1213 2070 1242 eorum
2087 1211 2181 1253 pro·

1200 1258 1295 1315 prio
1328 1256 1541 1299 Sacerdoti
1568 1284 1583 1307 ,
1623 1256 1738 1312 juxta
1769 1258 1922 1302 dietum
1938 1256 2180 1302 Concilium

1198 1316 1433 1372 Generale3
1449 1324 1593 1371 optans
1613 1317 1799 1360 veritatis
1824 1319 1909 1361 vias
1932 1329 2046 1360 notas
2060 1318 2183 1360 etiam

1198 1375 1385 1419 fidelibus
1405 1404 1418 1426 ‚
1443 1376 1482 1416 δι
1511 1375 1664 1417 cunetis
1681 1378 1891 1419 erroribus
1905 1376 2066 1419 aditum
2082 1389 2184 1431 prae·

1195 1434 1366 1478 cludere
1384 1462 1399 1484 ‚
1423 1429 1492 1476 fel.
1518 1447 1601 1476 rec.
1632 1436 1861 1479 Alexandri
1893 1439 2006 1491 Papae
2041 1437 2117 1477 tv.
2143 1434 2185 1477 δι

1198 1493 1429 1537 Clementis
1461 1494 1536 1536 lv.
1575 1494 1859 1537 Romanorum
1897 1491 2185 1538 Pontificum-2

1200 1549 1540 1597 Praedecefforum
1560 1554 1933 1609 vestigiaimitando
1947 1579 1962 1602 ‚
1984 1554 2177 1597 universss

1202 1615 1240 1656 &
1258 1612 1420 1670 lingulis
1442 1610 1660 1658 districtius
1684 1614 1859 1657 inhibuit
1875 1641 1889 1664 ‚
1906 1628 1957 1655 ne
1974 1612 2183 1671 quisquam

1200 1674 1330 1717 dictos
1364 1671 1559 1715 articulos
1579 1686 1649 1729 per
1661 1674 1848 1718 eumdem
1859 1675 2058 1731 Joannem
2080 1676 2186 1716 Prt-

1201 1731 1455 1775 decefl‘orem
1469 1731 1681 1776 damnatos
1698 1734 1738 1776 δι
1753 1733 2017 1790 reprobatos,
2030 1734 2070 1774 δι
2082 1746 2184 1775 con-

1202 1802 1318 1837 tenta
1337 1792 1377 1834 in
1393 1790 1477 1844 eis,
1506 1792 1914 1848 velaliquoipsorum
1930 1820 1944 1842 ‚
1980 1802 2130 1848 utpote
2159 1788 2184 1833 ί

1201 1850 1430 1901 Catholicis
1443 1853 1645 1895 mentibus
1660 1852 1889 1906 respuenda
1904 1880 1920 1904 ,
1948 1860 2095 1895 tenere
2107 1863 2182 1892 au·

1200 1913 1321 1956 deret
1345 1924 1390 1953 ac
1405 1907 1638 1955 defensare.
1672 1913 1733 1954 Ac
1750 1912 1940 1954 univer-lis
1964 1911 2004 1951 8ι
2020 1907 2178 1964 lingulis

1206 1968 1458 2018 Patriatchis
1470 1995 1485 2018 ‚
1501 1971 1835 2027 Archiepiscopis
1850 1999 1864 2023 ,
1889 1969 2095 2025 Episcopis
2110 1997 2124 2019 ,
2137 1968 2178 2010 &

1208 2031 1358 2073 mettis
1389 2042 1463 2081 per
1477 2030 1711 2084 Apollolica
1735 2031 1887 2085 scripta
1908 2028 2182 2083 precipiendo

1209 2083 1418 2128 mandavit
1432 2111 1449 2133 ,
1478 2094 1522 2126 ut
1549 2087 1588 2128 in
1603 2089 1856 2129 Civitatibus
1870 2089 1912 2130 δι
1930 2086 2184 2129 Dioecefibus

1208 2155 1349 2187 eorum
1364 2169 1379 2192 ,
1403 2154 1634 2185 convocato
1647 2143 1776 2187 Clero
1789 2146 2065 2186 communiter
2080 2157 2186 2199 prae·

1212 2200 1319 2243 mitra
1339 2203 1476 2240 omnia
1492 2202 1689 2256 &singula
1707 2217 1778 2256 per
1795 2203 1855 2253 se,
1876 2203 1937 2248 vel
1960 2203 2063 2244 alios
2079 2231 2095 2254 ,
2110 2216 2185 2257 pu-

1213 2256 1413 2300 blicarent
1433 2254 1692 2299 solemniter:
1709 2273 1869 2301 necnon
1888 2261 2181 2316 eidemjoanni

1211 2314 1444 2363 mandavit,
1473 2323 1518 2355 ut
1547 2313 1626 2368 ipse
1654 2316 1691 2358 in
1719 2316 1868 2358 scholis
1888 2318 1950 2359 vel
1970 2318 2184 2368 termene,

1212 2374 1369 2419 Parisiis
1387 2401 1402 2423 ,
1427 2372 1637 2427 praedictos
1651 2376 1849 2418 articulos
1876 2378 1915 2418 &
1931 2389 2125 2420 contenta
2144 2379 2186 2421 in

1210 2433 1361 2479 eisdem
1374 2441 1565 2487 tanquam
1586 2435 1745 2477 veritati
1758 2437 1966 2478 contraria
1981 2461 1995 2483 ‚
2011 2438 2185 2492 propriae

1213 2494 1327 2538 vocis
1348 2491 1524 2534 oraculo
1544 2518 1559 2540 ,
1584 2496 1622 2535 8(
1647 2491 1864 2537 ass'ertione
1892 2494 2090 2537 constanti
2107 2511 2185 2552 pu·

1212 2552 1322 2598 blice
1335 2550 1510 2594 deberet
1527 2566 1729 2596 revocare
1744 2583 1759 2605 ‚
1790 2555 1831 2595 δι
1854 2556 1976 2595 etiam
2003 2555 2040 2596 se
2057 2554 2184 2598 saclu-

1210 2627 1303 2658 rum
1317 2610 1423 2654 illud
1443 2610 1572 2654 dietus
1584 2615 1761 2670 Joannes
1777 2613 1831 2656 de
1852 2614 2022 2658 Poliaco
2049 2613 2186 2657 effica-

1209 2672 1314 2717 citer
1327 2671 1559 2728 repromisit
1574 2700 1587 2713 .

1327 2735 1434 2775 Cum
1448 2741 1602 2784 autem,
1617 2730 1714 2776 ficut
1730 2748 1856 2790 nuper
1874 2736 2062 2778 Fratrum
2078 2734 2185 2780 Praei

1210 2793 1443 2840 dicatorum
1480 2794 1521 2834 &
1549 2792 1755 2836 Minorum
1782 2795 2066 2849 praedictorum
2090 2820 2103 2843 ³
2131 2806 2178 2834 ac

1209 2856 1336 2899 etiam
1352 2853 1624 2897 Eremitarum
1653 2856 1692 2896 S.
1707 2854 1949 2908 Augustini,
1975 2855 2017 2895 δι
2032 2854 2077 2895 Β.
2093 2855 2183 2896 Ma·

1212 2915 1278 2958 riae
1293 2914 1346 2956 de
1362 2914 1510 2955 Monte
1524 2911 1723 2954 Carmelo
1735 2910 1939 2954 ordinum
1954 2939 1970 2962 ,
1985 2911 2186 2955 lamenta-v

1210 2974 1306 3018 bilis
1320 2971 1487 3030 querela
1500 2970 1550 3012 ad
1573 2970 1754 3012 nostrum
1768 2969 1960 3024 perduxit
1977 2969 2182 3020 auditum,

1214 3032 1398 3078 nonnulli
1418 3029 1608 3077 Clerici,
1621 3030 1661 3071 δι
1677 3028 1963 3072 Ecclefiafficae
1976 3030 2153 3085 persone
2166 3055 2183 3080 ,

1215 3108 1261 3136 ac
1279 3086 1489 3144 utriusque
1506 3087 1620 3131 sexfis
1635 3088 1847 3140 homines,
1873 3085 2021 3130 nedum
2034 3086 2182 3144 pradiq

1215 3157 1302 3196 &os
1318 3151 1530 3192 damnatos
1555 3147 1755 3191 articulos
1779 3145 1938 3204 prorsus
1954 3159 2152 3190 erroneos
2165 3173 2181 3198 ,

1214 3214 1256 3255 δι
1277 3209 1396 3252 sacris
1409 3207 1647 3250 Canonibus
1675 3207 1904 3250 contrarios
1919 3219 1994 3261 per
2005 3204 2184 3250 eundem

1211 3274 1413 3329 Joannem
1428 3263 1766 3310 Praedecessorem
1782 3296 1795 3318 ,
1808 3276 1854 3308 ut
1870 3262 2099 3321 praefertur,
2112 3261 2183 3307 sed

1214 3330 1339 3374 etiam
1354 3325 1545 3382 quosdam
1562 3325 1663 3368 alios
1678 3325 1872 3368 articulos
1884 3321 2046 3380 prorsus
2071 3337 2185 3367 erro·

1217 3402 1312 3432 neos
1323 3416 1339 3440 ,
1350 3388 1392 3428 δι.
1404 3383 1525 3429 sacris
1540 3385 1780 3428 Canonibus
1794 3383 2046 3434 contrarios,
2058 3385 2181 3427 etiam

1216 3446 1379 3505 publice
1390 3459 1473 3489 non
1492 3457 1686 3488 verentur
1711 3444 1890 3486 astruere
1903 3471 1920 3495 ,
1941 3442 2069 3499 &per
2085 3440 2182 3485 illos

1217 3505 1400 3563 proprias
1434 3506 1475 3547 δε
1507 3505 1731 3547 multorum
1759 3501 1995 3558 fimplicium
2029 3501 2181 3544 animas

1218 3565 1385 3608 inficere
1402 3594 1418 3615 ,
1445 3563 1617 3619 illosque
1642 3562 1664 3605 ἃ
1690 3559 1914 3605 devotione
1939 3561 2181 3604 eorumdem

1219 3627 1410 3668 Fratrum
1421 3622 1625 3664 Ordinum
1638 3620 1938 3677 predictorum,
1947 3621 1986 3663 3(
1996 3634 2047 3663 ne
2058 3616 2181 3663 Chri-

1211 3681 1400 3726 stifideles
1432 3680 1498 3721 sua
1515 3691 1682 3734 peccata
1701 3680 1905 3724 Fratribus
1933 3678 2023 3736 ipfis
2048 3672 2179 3721 confi·

1212 3749 1376 3784 reantur
1389 3769 1408 3792 ‚
1426 3738 1717 3783 damnabiliter
1728 3739 1953 3782 detrahere
1965 3737 2147 3792 satagant
2158 3755 2174 3778 2

1207 3802 1332 3843 etiam
1361 3807 1504 3843 contra
1529 3798 1716 3842 eamdem
1736 3797 2082 3842 constitutionem
2097 3791 2179 3830 ΒΟ·

1205 3857 1344 3907 nifacii
1359 3856 1656 3919 praedecefforis
1688 3856 1802 3915 super
1827 3860 1904 3901 hoc
1932 3854 2105 3899 editam,
2129 3852 2176 3887 ut

1599 3921 1678 3978 Q
1705 3929 1729 3961 2
2021 3919 2119 3965 pra-J
