2444 4192
742 145 915 268 „Sub
951 149 1369 237 ‘Benediflo
1428 151 1574 237 XI
1588 152 1684 239 V.

177 349 179 351 .
249 306 439 362 Beatum
471 302 658 348 Petrum
678 300 982 367 Regalatum‚
1010 300 1199 352 Ordinis

321 376 536 421 Fratrum
554 369 795 417 Minorum
818 368 1201 436 Alumnum,ejus-

315 457 403 507 que
426 436 668 506 disciplinae
690 435 1013 488 Restitutorem
1028 442 1074 491 in
1093 443 1200 490 San·

317 511 501 561 &orum
526 511 762 562 Canonem
794 501 961 557 refert.

251 643 399 691 BEN
415 635 767 691 EDICTUS
805 634 1200 685 EPISCOPUS

433 768 608 812 Savus
639 765 892 809 snvoaun
925 763 1028 803 Dei.

407 884 474 929 Ad
471 891 705 940 perpetuam
718 882 776 924 rei
802 879 1024 922 memoriam
1037 902 1049 915 .

383 1000 642 1058 Egotiatores
653 998 767 1043 Coeli
782 1023 798 1048 ‚
814 996 880 1052 qui
892 1021 907 1043 ‚
922 992 1107 1036 fidelibus
1122 992 1204 1034 Re-

403 1059 631 1114 ·demptoris
659 1056 778 1100 nostri
803 1051 1121 1111 promistionibus
1145 1051 1203 1092 in-

250 1121 333 1161 nixi
347 1148 364 1170 ‚
376 1130 629 1174 quaecumque
643 1116 816 1158 mundus
832 1111 983 1170 appetit
997 1138 1011 1162 ,
1037 1124 1122 1166 quae
1135 1122 1204 1151 ca-

248 1191 299 1218 ro
327 1174 578 1230 concupiscit
601 1200 617 1224 2
646 1186 731 1231 quae
760 1175 921 1214 Daemon
956 1169 1174 1226 pollicetur
1188 1194 1204 1218 ,

247 1236 386 1276 onmia
402 1234 659 1287 relinquunt,
685 1242 732 1274 ut
744 1228 948 1273 Christum
963 1227 1204 1283 bajulantem

246 1292 316 1333 fibi
347 1295 522 1333 Crucem
535 1314 550 1336 ,
578 1301 652 1342 per
671 1288 847 1342 asperam
862 1285 1199 1340 angustamquza

247 1350 354 1391 viam
369 1347 690 1402 prosequantur,
714 1357 794 1384 non
820 1341 1204 1386 modoiuaestimabi-

174 1445 179 1448 a
249 1408 330 1451 lem
347 1406 456 1449 bonae
482 1402 770 1459 negociationis
788 1402 970 1452 frustum
997 1400 1037 1441 in
1052 1409 1202 1440 aeternae

249 1465 341 1508 vitae
363 1460 592 1520 poffeffione
616 1460 847 1516 percipiunt
862 1487 880 1509 ,
903 1457 971 1502 sed
991 1459 1110 1501 eiiam
1129 1456 1201 1499 in.»

249 1522 368 1568 terris
380 1517 611 1576 centuplum
641 1532 716 1575 pro
730 1516 932 1566 omnibus,
947 1529 1034 1571 que
1046 1512 1204 1557 dimise·

250 1590 374 1632 runt,
398 1576 598 1625 utiliffima
626 1575 948 1620 commutatione
967 1575 1205 1617 lucrantur.

247 1640 318 1685 Dii
333 1639 439 1682 enim
456 1636 544 1679 vitae
559 1631 668 1690 hujus
680 1634 997 1684 oblectamentis,
1015 1646 1089 1687 per
1104 1645 1208 1674 mor-

250 1696 481 1744 tificationis
505 1696 543 1736 δε
571 1693 836 1737 continentia
866 1692 1035 1735 studium
1060 1704 1207 1734 renun-

251 1760 361 1802 ciant
377 1783 391 1808 ,
405 1753 512 1811 puris
527 1752 830 1808 tranquillisque
844 1750 1137 1806 voluptatibus,
1153 1747 1205 1791 de

252 1811 506 1860 conscientia
523 1809 796 1859 serenitate2ae
810 1810 943 1853 Divini
955 1806 1102 1857 favoris
1119 1810 1206 1851 sua-

253 1877 382 1918 vitate
397 1900 411 1923 ,
426 1870 657 1927 replentur-3
685 1869 779 1911 dum
795 1869 929 1911 anxias
946 1867 1085 1910 Mundi
1101 1866 1208 1909 divi-

251 1936 325 1978 tias
339 1958 354 1981 ‚
386 1928 665 1984 Evangelicam
694 1937 970 1984 paupertatem
1001 1925 1175 1981 amplexi
1192 1951 1208 1973 ‚

252 1994 275 2036 a
300 1993 340 2033 se
369 1989 592 2037 abdicant,
612 1986 871 2043 supernorum
895 1984 1209 2029 charismatum..

253 2048 449 2095 thesauris
466 2045 625 2088 abunde
648 2045 825 2091 ditantur
839 2059 856 2098 3
870 2047 909 2087 δι
926 2058 999 2100 pro
1015 2045 1121 2086 vanis
1136 2045 1211 2085 flu-

254 2103 390 2164 xisque
417 2103 634 2150 honoribus
647 2132 661 2156 ,
685 2118 786 2161 quos
813 2114 1078 2148 contemnunt
1094 2132 1108 2153 ,
1142 2114 1212 2143 ve-

254 2180 342 2213 ram
357 2165 605 2220 solidamque
620 2163 790 2219 gloriam
804 2192 820 2215 ‚
837 2177 915 2205 non
931 2162 1058 2205 solum
1072 2174 1210 2203 coram

255 2223 526 2282 Angelis.Dei
542 2251 557 2275 ,
581 2221 643 2265 sed
677 2223 800 2265 etiam
827 2235 964 2264 coram
983 2218 1211 2263 hominibus

256 2282 533 2340 adipiscuntur
547 2309 560 2322 .
592 2279 709 2322 Vidit
738 2282 818 2322 haec
845 2279 999 2322 coelesti
1019 2279 1211 2323 lumine-³

255 2342 418 2386 edoctus
435 2343 612 2384 nemus
628 2340 801 2382 Peraus
818 2338 1084 2383 Reunia-rus
1103 2365 1117 2389 ,
1131 2339 1210 2379 Or-

180 2439 183 2445 *
253 2401 368 2456 dinis,
385 2400 592 2443 Minorum
606 2395 801 2440 Alumnus
815 2425 830 2449 ,
851 2396 1009 2453 ejusque
1037 2394 1212 2451 discipli-

255 2474 336 2508 nae,
350 2472 468 2513 quam
483 2458 646 2502 Sanetus
661 2457 893 2500 patriarcha
907 2454 1134 2499 Franciscus
1149 2451 1210 2497 di·

257 2517 417 2572 scipulis
442 2514 519 2558 suis
535 2513 758 2558 tradiderat
771 2541 785 2564 ‚
811 2509 1106 2570 pe'rfeelillimus
1130 2513 1213 2567 ipse

257 2579 438 2621 sectator
450 2601 466 2624 ,
477 2575 517 2615 δι
531 2573 569 2614 in
581 2572 671 2614 aliis
691 2587 855 2628 quoque
871 2573 1110 2616 Rellitutor.
1123 2574 1215 2615 Gu-

257 2634 376 2677 stavit
388 2661 403 2684 ,
422 2633 545 2689 quim
570 2629 689 2673 suave
705 2645 750 2671 ac
765 2630 917 2672 bonum
944 2628 1037 2672 ell‘ct
1052 2658 1068 2681 ,
1092 2631 1215 2672 abne·

260 2692 364 2748 gatis
382 2687 629 2734 secularibus
643 2687 848 2732 'desideriis
865 2717 879 2740 2
904 2689 969 2731 uni
986 2689 1075 2731 Deo
1086 2686 1215 2728 adhae·

260 2761 384 2800 ητις
403 2745 565 2802 reliquit
575 2773 591 2795 ,
603 2758 688 2802 quae
701 2745 766 2788 sua
790 2756 906 2789 erant
918 2775 935 2798 ‚
948 2757 991 2788 ut
1012 2745 1213 2790 Christum

259 2803 542 2850 lucrifaceret:
558 2805 711 2847 Verum
737 2803 776 2845 in
790 2803 878 2858 iplis
899 2805 1020 2847 etiam
1034 2802 1214 2846 volunta.

258 2866 325 2909 riae
350 2860 595 2920 paupertatis
622 2860 809 2916 angustiis
833 2860 1048 2904 dilatatum
1063 2860 1121 2903 cst
1143 2875 1217 2903 cor

258 2917 1218 3034 {ffax‘azsszzssffi‘ssx“2:5⁰ga‘ifssfi‘352‘335

657 3005 673 3030 ⁵

265 3043 302 3083 &
329 3037 568 3095 imperium,
595 3035 709 3093 supra
724 3035 763 3078 id
777 3064 793 3090 ²
810 3036 922 3093 quod
944 3045 1095 3080 naturae
1112 3038 1218 3091 leges

263 3099 402 3144 serunt
415 3122 430 3147 ,
446 3098 539 3139 Deo
549 3093 798 3138 concedente
813 3122 827 3145 ‚
842 3105 1058 3138 exerceret
1072 3124 1084 3137 .
1099 3099 1218 3139 Nunc

263 3157 444 3212 denique
456 3150 755 3197 adimrnensum
768 3152 919 3197 Gloriae
943 3154 1121 3210 pondus,
1143 3151 1222 3210 qua

263 3217 299 3260 is
317 3212 547 3272 jamdudum
564 3213 604 3254 in
619 3211 751 3255 coelis
765 3213 923 3268 potitur
935 3239 949 3261 ‚
962 3227 1042 3255 non
1056 3213 1222 3270 exiguus

159 3319 166 3329 ,
251 3276 311 3319 ·in
322 3273 438 3318 terris
461 3271 618 3315 acceffit
631 3272 800 3314 honoris
813 3270 996 3315 cumulus
1013 3300 1027 3323 ,
1055 3271 1224 3315 decreto

271 3333 415 3377 Eidem
431 3331 541 3374 cultu
559 3327 748 3372 universae
762 3344 831 3385 per
844 3330 996 3372 Orbem
1013 3330 1222 3378 Ecclesiae,

202 3423 209 3436 ·.
271 3393 336 3434 cui
354 3395 470 3441 Nos,
493 3388 594 3432 lieet
620 3387 801 3442 indigni,
834 3389 984 3432 Divina
1012 3388 1222 3432 voluntate

271 3445 517 3504 praefidentes
532 3476 546 3498 ‚
562 3446 686 3503 ipsum
713 3450 880 3489 Beatum
907 3447 1080 3497 Virum,
1104 3448 1223 3491 Cliri-

272 3508 477 3549 stianarum
504 3507 713 3548 Virtutum
736 3506 1012 3561 perseffione,
1037 3508 1077 3548 &
1098 3505 1223 3549 Mira-

273 3565 461 3609 culorum
473 3563 660 3608 claritate
686 3564 903 3615 illustrem,
930 3565 1034 3607 inter
1061 3566 1224 3607 Sanaos

269 3619 525 3666 Confeffores
539 3626 564 3668 a
577 3624 706 3668 Nobis
720 3652 735 3674 ,
749 3638 842 3667 cum
857 3623 1026 3667 confilio
1044 3625 1225 3666 Venera-

269 3683 410 3725 bilium
425 3682 608 3737 Fratrum
635 3683 855 3726 nostrorum
877 3688 917 3727 S.
934 3684 987 3725 R.
1006 3685 1053 3725 E.
1070 3681 1219 3724 Cardi-

267 3741 417 3842 ῃαίὶιιιῗ
436 3766 450 3789 ,
461 3751 616 3841 nigriori
632 3743 948 3786 Patriarcharum
961 3768 975 3792 ³
991 3740 1220 3798 Archiepis-

412 3810 484 3839 om.
543 3827 553 3840 .

1929 136 1931 139 ¹
1987 188 2145 269 307

1262 313 1480 356 mpetum,
1506 297 1849 353 &Episcoporum
1874 300 1912 341 in
1933 306 2114 352 Romana
2125 317 2210 356 Cu-

1260 359 1317 399 ria
1330 357 1528 411 frequenti
1556 368 1724 397 numero
1738 367 2105 418 congregatorum,
2133 372 2211 411 rite

1260 427 1305 454 ac
1323 411 1557 455 solemniter
1581 410 1828 464 adscriptum
1844 440 1859 462 ,
1889 417 2069 470 religiosa
2097 439 2212 469 vene.

1260 470 1418 511 ratione
1442 466 1788 522 prosequendum,
1813 469 1852 511 8:
1878 472 2067 524 proficua«
2083 480 2208 524 devo·

1258 528 1370 569 tione
1382 526 1652 567 invocandum
1668 528 1931 579 proponimus
1946 557 1960 579 ,
1985 542 2030 571 ac
2049 537 2212 587 praesen.

1260 585 1359 626 tium
1374 582 1602 624 litterarum
1617 591 1759 625 tenore
1771 582 2081 632 denunciamus.

1376 639 1604 682 Vallisoleti
1625 666 1641 690 ‚
1668 639 1810 682 Nobili
1850 643 2044 699 Hispaniae
2067 647 2208 699 Urbe,

1264 708 1380 741 natus
1401 698 1456 740 est
1473 701 1610 741 Petrus
1626 699 1748 739 Anno
1764 697 1898 744 salutis
1921 715 2042 758 ¹390·
2057 718 2108 747 ex
2123 707 2213 746 No-

1265 757 1414 800 bilibus
1437 757 1587 812 piisque
1612 756 1841 809 parentibus
1857 786 1872 809 ,
1899 774 2065 815 quorum
2093 762 2214 804 disci·

1263 814 1372 873 plina
1386 817 1424 857 δι
1437 814 1631 870 exemplis
1646 814 1829 858 eruditus
1844 844 1860 867 ,
1888 831 1934 860 ac
1951 819 2098 863 Divina
2119 835 2218 876 prae-

1263 875 1397 919 sertim
1409 871 1534 928 gratia
1566 883 1788 927 praeventus
1801 903 1817 925 ,
1843 876 1970 931 coepit
1985 877 2006 919 ἐ
2022 892 2148 933 puero
2163 879 2213 921 ad

1263 934 1498 978 Christiane
1513 929 1769 986 perfeetionis
1795 933 1905 988 leges
1931 935 2054 978 vitam
2070 936 2219 980 mores-

1263 1007 1340 1049 que
1357 990 1441 1032 suos
1456 1002 1702 1045 componere
1719 1017 1734 1040 ,
1757 991 1797 1031 δι
1810 992 2090 1048 conformare3
2119 995 2215 1052 quin

1263 1052 1381 1096 etiam
1398 1053 1463 1091 vix
1476 1048 1636 1091 decimo
1649 1050 1775 1090 aetatis
1791 1063 1840 1091 au
1848 1063 1902 1093 no
1917 1056 2131 1100 tranlae‘tm
2142 1054 2218 1098 do-

1263 1108 1433 1152 mesticis
1451 1105 1706 1150 facultatibus
1723 1108 2016 1165 honoribusque
2032 1122 2221 1154 contem-

1264 1170 1344 1225 ptis
1358 1196 1372 1219 ,
1390 1166 1638 1209 franciscani
1658 1165 1827 1207 Instituti
1858 1168 2048 1213 Habitum
2062 1184 2108 1212 ac
2128 1184 2220 1225 pro-

1239 1248 1241 1255 1
1265 1226 1465 1270 senionem
1480 1234 1668 1279 expetere
1683 1255 1695 1269 .
1726 1224 1886 1268 Restitit
1909 1227 2068 1284 quidem
2083 1230 2133 1271 ab
2148 1229 2223 1272 ini·

1265 1289 1325 1328 tio
1339 1283 1598 1327 amantiffima
1627 1287 1762 1327 Mater
1775 1310 1788 1332 ‚
1815 1286 1853 1326 &
1867 1285 1942 1340 piis
1957 1286 2046 1330 Filii
2065 1287 2220 1331 defide-

1266 1347 1334 1386 riis
1357 1340 1630 1386 obsecundare
1658 1342 1834 1384 triennio
1861 1352 1954 1386 toto
1990 1345 2221 1398 recusavit;

1268 1399 1405 1443 veriam
1420 1400 1450 1440 is
1468 1401 1504 1440 in
1519 1399 1650 1440 saneto
1666 1401 1873 1454 propofito
1896 1401 2071 1446 firmiter
2087 1400 2224 1457 perse·
2252 1447 2254 1450 ,

1265 1471 1434 1508 vetans,
1451 1460 1631 1511 Eumque
1661 1455 1871 1511 praeserens
1899 1461 2049 1509 Matri,
2071 1474 2224 1515 quenL,

1267 1517 1458 1574 preferre
1471 1515 1654 1568 jubemur
1681 1517 1719 1557 &
1735 1516 1872 1557 anima:
1897 1517 2037 1560 nostra
2051 1545 2065 1568 ,
2079 1519 2226 1561 inflan-

1266 1576 1322 1617 do
1343 1575 1384 1616 δι
1406 1572 1652 1615 obsecrando
1678 1574 1840 1615 tandem
1867 1575 2044 1619 obtinuit
2066 1606 2083 1628 ,
2108 1588 2151 1620 ut
2174 1576 2226 1619 ad

1269 1630 1483 1687 Religiosae
1500 1633 1587 1674 viiae
1605 1632 1867 1686 Tyrocinium
1880 1660 1895 1684 ‚
1921 1647 2011 1677 mox
2025 1637 2146 1678 etiam
2170 1631 2228 1678 ad.

1269 1690 1459 1734 solemnia
1473 1692 1697 1733 emittenda
1724 1692 1830 1733 Vota
1854 1691 1895 1733 in
1919 1696 2052 1748 patriae
2067 1694 2227 1738 Civita-

1269 1751 1319 1793 tis
1334 1750 1542 1792 coenobio
1554 1750 1840 1791 admitteretur
1853 1778 1865 1790 .
1882 1752 1939 1793 Ex
1955 1766 2004 1794 eo
2025 1763 2228 1810 tempore,

1269 1823 1389 1866 quum
1420 1812 1458 1850 in
1494 1807 1672 1862 suscepto
1697 1807 1954 1862 perfeetionis
1996 1813 2227 1863 curriculo,

1271 1882 1342 1925 per
1358 1868 1521 1909 internae
1549 1865 1787 1908 humilitatis
1805 1894 1819 1917 ,
1841 1877 2094 1925 externaque
2122 1885 2227 1914 mor-

1270 1925 1500 1970 tificationis
1522 1924 1692 1967 studium
1707 1949 1722 1973 ,
1735 1937 1806 1979 per
1825 1926 1970 1968 allidua
1995 1930 2193 1970 orationis
2208 1957 2224 1979 ,

1268 1989 1310 2029 δι
1321 1983 1674 2038 contemplationis
1690 1984 1881 2027 exercitia
1898 2012 1913 2037 ‚
1927 1999 1996 2041 per
2012 1987 2227 2031 sollicitam

1271 2044 1360 2102 puri
1391 2043 1525 2086 cordis
1548 2043 1587 2083 &
1611 2039 1790 2084 sensuum
1813 2041 2032 2087 custodiam
2054 2074 2069 2097 ,
2096 2058 2227 2089 novos

1274 2105 1425 2157 semper
1441 2098 1665 2156 progressus
1696 2098 1878 2149 faceret,
1908 2115 2124 2159 numquam
2150 2104 2231 2147 res·

1274 2164 1427 2220 piciens
1450 2170 1586 2209 retro,
1613 2156 1678 2202 scd
1697 2158 1745 2200 ad
1777 2159 2014 2212 perfectiora
2041 2164 2082 2204 δι
2106 2162 2227 2205 subli-

1275 2223 1401 2264 miora
1422 2219 1642 2261 extendens
1672 2216 1877 2270 seipsum,
1900 2218 1949 2261 ad
1978 2219 2080 2263 illud
2113 2220 2229 2265 brevi

1273 2278 1456 2337 pervenit
1473 2276 1632 2319 virtutis
1645 2273 1856 2331 fastigium,
1868 2287 1911 2319 ut
1928 2279 1967 2320 &
1983 2279 2020 2321 in
2038 2281 2229 2324 omnibus

1273 2336 1447 2392 religios·
1463 2336 1549 2378 Viri
1563 2335 1705 2378 officiis
1722 2336 1798 2377 toti
1821 2335 2019 2378 Sodalitio
2033 2329 2227 2395 exe‘mplis

1275 2397 1351 2441 suis
1363 2394 1598 2451 praeluceret
1617 2394 1889 2446 ,ecfiineiioris
1915 2395 2131 2454 disciplina
2154 2399 2228 2441 ina

1276 2456 1481 2500 Minorum
1515 2452 1679 2497 Familia
1698 2452 1882 2497 nonnihil
1915 2463 2011 2498 tunc
2031 2454 2228 2512 temporis

1275 2516 1416 2559 laxatae
1438 2513 1476 2554 in
1504 2512 1708 2566 pristinum
1732 2510 1988 2567 splendorem
2017 2516 2231 2558 restituen-

1275 2575 1357 2624 dae,
1373 2570 1585 2625 inspirante
1605 2574 1694 2613 Deo
1707 2595 1721 2618 ,
1736 2570 1940 2613 confilium
1956 2584 2144 2628 caperet,
2162 2587 2231 2616 eo·

1276 2628 1684 2732 gemqueadjuvante
1699 2656 1712 2680 ‚
1732 2630 1781 2672 ad
1802 2628 1985 2674 effectum
2011 2632 2111 2675 mire
2140 2646 2231 2688 per-

1307 2698 1468 2732 uceret.

1397 2746 1557 2789 Etenim
1583 2746 1832 2790 occationem
1859 2751 1996 2790 nactus
2015 2775 2030 2795 ,
2053 2747 2131 2806 qui
2158 2749 2232 2792 Vir

1276 2807 1377 2863 pius,
1391 2819 1437 2847 ac
1452 2804 1786 2861 prudeus,Frater
1800 2809 1941 2850 Petrus
1956 2808 2235 2860 Villacretius,

1276 2863 1455 2919 ejusdem
1470 2863 1636 2904 Ordinis
1662 2863 1886 2916 Proteum,
1910 2868 2235 2920 potestateasu·

1279 2920 1503 2979 perioribus
1529 2918 1598 2960 fibi
1614 2914 1752 2971 >fa-512,
1777 2921 1976 2976 Hispaniae
2000 2925 2234 2969 Coenobit„

1279 2979 1602 3036 peragrabat‚ut
1622 2990 1672 3018 ex
1699 2977 1774 3025 iis,
1793 2978 1862 3035 qui
1885 2980 1906 3021 a
1933 2979 2163 3024 subinducta
2186 2982 2235 3024 li-

1282 3041 1438 3082 bertate
1463 3036 1514 3078 ad
1541 3035 1818 3091 perfectiorem
1846 3036 2007 3081 vivendi
2033 3043 2235 3084 rationem

1282 3095 1452 3140 tianfire
1473 3104 1692 3149 cuperent,
1715 3096 1964 3150 peculiarem
1995 3099 2122 3142 veluti
2149 3112 2238 3155 gre-

1287 3169 1376 3211 gem
1394 3152 1593 3196 conflaret
1607 3180 1622 3203 ‚
1635 3154 1675 3195 in
1693 3166 1772 3205 quo
1795 3154 1952 3208 pristina
1976 3155 2237 3201 franciscanae

1288 3212 1455 3267 Regulae
1469 3213 1645 3267 puritas,
1660 3213 1698 3253 δι
1712 3212 1918 3257 austeritas
1946 3215 2237 3269 revivisceret,

1286 3272 1386 3314 nihil
1411 3273 1617 3315 cunctatus
1642 3272 1800 3324 Petrus,
1814 3273 1852 3315 se
1868 3273 1926 3316 illi
1942 3273 2089 3318 socium
2104 3274 2239 3330 adjun-

1282 3331 1373 3381 xit,
1398 3331 1489 3372 &in
1516 3328 1738 3372 solitariam
1759 3334 1935 3374 Domum
1960 3347 2088 3389 prope
2110 3334 2237 3391 Aqui-

1283 3391 1442 3438 leriam‚
1458 3389 1689 3432 oxomensis
1713 3390 1887 3446 Dieccfis
1910 3393 2131 3447 Oppidum,
2144 3406 2238 3450 per-

1283 3447 1395 3492 miffu
1421 3445 1606 3502 Episcopi
1631 3445 1878 3499 extrui-:lame
1902 3450 2044 3493 lubens
2070 3465 2162 3494 cum
2186 3464 2236 3493 eo

1285 3506 1435 3551 seceffit
1447 3533 1460 3547 .
1478 3506 1538 3547 lbi
1558 3507 1598 3548 in
1613 3508 1814 3561 perpetuis
1827 3510 1990 3564 pietatis
2006 3511 2046 3552 δι
2059 3511 2238 3567 peniten-

1282 3567 1348 3608 tiae
1369 3563 1723 3607 exercitationibus
1739 3567 1859 3609 ambo
1870 3567 2066 3622 viventes,
2079 3583 2159 3612 non
2176 3571 2236 3611 so-

1284 3623 1369 3668 lum
1395 3621 1608 3664 caelestium
1625 3623 1846 3679 gratiarum
1866 3627 2024 3681 copiam
2040 3658 2053 3681 ,
2082 3628 2146 3670 {ed
2175 3637 2237 3668 et·

1282 3683 1360 3725 iam
1388 3680 1592 3723 hominum
1618 3681 1924 3725 admirationem
1951 3684 2018 3727 sibi
2046 3683 2236 3729 concilia·

1281 3748 1405 3793 runt3
1433 3750 1476 3782 ut
1491 3738 1536 3782 ea
1552 3742 1725 3797 permoti
1742 3743 2053 3799 quamplurimi,
2075 3755 2157 3785 tum
2186 3755 2233 3782 ex

1705 3802 1731 3843 S
1746 3815 1763 3844 s
1777 3814 1794 3842 s
1826 3815 1849 3843 2
2095 3796 2177 3853 ipso
