<?xml version="1.0" encoding="UTF-8"?>
<!DOCTYPE html PUBLIC "-//W3C//DTD XHTML 1.0 Transitional//EN"
    "http://www.w3.org/TR/xhtml1/DTD/xhtml1-transitional.dtd">
<html xmlns="http://www.w3.org/1999/xhtml" xml:lang="en" lang="en">
 <head>
  <title>
</title>
<meta http-equiv="Content-Type" content="text/html;charset=utf-8" />
  <meta name='ocr-system' content='tesseract 3.04.00' />
  <meta name='ocr-capabilities' content='ocr_page ocr_carea ocr_par ocr_line ocrx_word'/>
</head>
<body>
  <div class='ocr_page' id='page_1' title='image "./bullariumordinis06cath/bullariumordinis06cath_0414.png"; bbox 0 0 2444 4192; ppageno 0'>
   <div class='ocr_carea' id='block_1_1' title="bbox 420 249 582 330">
    <p class='ocr_par' dir='ltr' id='par_1_1' title="bbox 420 249 582 330">
     <span class='ocr_line' id='line_1_1' title="bbox 420 249 582 330; baseline 0.006 -1"><span class='ocrx_word' id='word_1_1' title='bbox 420 249 582 330; x_wconf 76' lang='lat'>392</span> 
     </span>
    </p>
   </div>
   <div class='ocr_carea' id='block_1_2' title="bbox 314 371 1297 3878">
    <p class='ocr_par' dir='ltr' id='par_1_2' title="bbox 315 371 1297 2649">
     <span class='ocr_line' id='line_1_2' title="bbox 335 371 1296 434; baseline -0.011 -9"><span class='ocrx_word' id='word_1_2' title='bbox 335 387 375 425; x_wconf 79' lang='grc' dir='ltr'>δι</span> <span class='ocrx_word' id='word_1_3' title='bbox 393 395 531 425; x_wconf 89' lang='lat' dir='ltr'>rerum</span> <span class='ocrx_word' id='word_1_4' title='bbox 545 381 611 422; x_wconf 91' lang='lat' dir='ltr'>usu</span> <span class='ocrx_word' id='word_1_5' title='bbox 630 374 887 434; x_wconf 84' lang='lat' dir='ltr'>peritioribus</span> <span class='ocrx_word' id='word_1_6' title='bbox 902 401 916 424; x_wconf 80' lang='lat'>,</span> <span class='ocrx_word' id='word_1_7' title='bbox 930 373 1037 416; x_wconf 84' lang='lat' dir='ltr'>bona</span> <span class='ocrx_word' id='word_1_8' title='bbox 1050 371 1269 417; x_wconf 83' lang='lat' dir='ltr'>immobilia</span> <span class='ocrx_word' id='word_1_9' title='bbox 1281 399 1296 422; x_wconf 81' lang='lat'>‚</span> 
     </span>
     <span class='ocr_line' id='line_1_3' title="bbox 335 436 1295 491; baseline -0.013 -6"><span class='ocrx_word' id='word_1_10' title='bbox 335 442 473 485; x_wconf 83' lang='lat' dir='ltr'>census</span> <span class='ocrx_word' id='word_1_11' title='bbox 487 469 501 491; x_wconf 84' lang='lat'>‚</span> <span class='ocrx_word' id='word_1_12' title='bbox 516 438 720 487; x_wconf 89' lang='lat' dir='ltr'>redditus,</span> <span class='ocrx_word' id='word_1_13' title='bbox 734 436 771 475; x_wconf 78' lang='grc' dir='ltr'>δι</span> <span class='ocrx_word' id='word_1_14' title='bbox 789 444 1009 488; x_wconf 86' lang='lat' dir='ltr'>proventus</span> <span class='ocrx_word' id='word_1_15' title='bbox 1021 445 1185 481; x_wconf 77' lang='lat' dir='ltr'>omnes,</span> <span class='ocrx_word' id='word_1_16' title='bbox 1197 445 1295 474; x_wconf 88' lang='lat' dir='ltr'>con-</span> 
     </span>
     <span class='ocr_line' id='line_1_4' title="bbox 336 490 1297 547; baseline -0.012 -3"><span class='ocrx_word' id='word_1_17' title='bbox 336 501 468 544; x_wconf 88' lang='lat' dir='ltr'>suetas</span> <span class='ocrx_word' id='word_1_18' title='bbox 482 501 578 541; x_wconf 91' lang='lat' dir='ltr'>item</span> <span class='ocrx_word' id='word_1_19' title='bbox 608 490 883 547; x_wconf 83' lang='lat' dir='ltr'>eleemosynas</span> <span class='ocrx_word' id='word_1_20' title='bbox 898 519 912 542; x_wconf 91' lang='lat'>‚</span> <span class='ocrx_word' id='word_1_21' title='bbox 944 491 985 533; x_wconf 74' lang='grc' dir='ltr'>δι</span> <span class='ocrx_word' id='word_1_22' title='bbox 1006 490 1268 535; x_wconf 78' lang='lat' dir='ltr'>obventiones</span> <span class='ocrx_word' id='word_1_23' title='bbox 1281 519 1297 541; x_wconf 90' lang='lat'>,</span> 
     </span>
     <span class='ocr_line' id='line_1_5' title="bbox 331 549 1296 610; baseline -0.011 -8"><span class='ocrx_word' id='word_1_24' title='bbox 331 562 417 602; x_wconf 71' lang='lat' dir='ltr'>tam</span> <span class='ocrx_word' id='word_1_25' title='bbox 444 568 676 600; x_wconf 89' lang='lat' dir='ltr'>communes</span> <span class='ocrx_word' id='word_1_26' title='bbox 707 549 1042 610; x_wconf 75' lang='lat' dir='ltr'>Monasteriorum</span> <span class='ocrx_word' id='word_1_27' title='bbox 1058 581 1074 602; x_wconf 90' lang='lat'>,</span> <span class='ocrx_word' id='word_1_28' title='bbox 1104 553 1296 594; x_wconf 89' lang='lat' dir='ltr'>Conven-</span> 
     </span>
     <span class='ocr_line' id='line_1_6' title="bbox 332 607 1295 668; baseline -0.011 -9"><span class='ocrx_word' id='word_1_29' title='bbox 332 627 449 659; x_wconf 89' lang='lat' dir='ltr'>tuum</span> <span class='ocrx_word' id='word_1_30' title='bbox 464 645 479 668; x_wconf 84' lang='lat'><strong>,</strong></span> <span class='ocrx_word' id='word_1_31' title='bbox 519 618 557 657; x_wconf 86' lang='lat'>&amp;</span> <span class='ocrx_word' id='word_1_32' title='bbox 589 614 811 654; x_wconf 89' lang='lat' dir='ltr'>Domorum</span> <span class='ocrx_word' id='word_1_33' title='bbox 839 607 1011 662; x_wconf 79' lang='lat' dir='ltr'>eiusdem</span> <span class='ocrx_word' id='word_1_34' title='bbox 1042 608 1265 653; x_wconf 82' lang='lat' dir='ltr'>Provinciae</span> <span class='ocrx_word' id='word_1_35' title='bbox 1280 635 1295 658; x_wconf 82' lang='lat'>‚</span> 
     </span>
     <span class='ocr_line' id='line_1_7' title="bbox 332 665 1293 732; baseline -0.011 -14"><span class='ocrx_word' id='word_1_36' title='bbox 332 677 452 732; x_wconf 70' lang='lat' dir='ltr'>quam</span> <span class='ocrx_word' id='word_1_37' title='bbox 466 674 591 716; x_wconf 88' lang='lat' dir='ltr'>etiam</span> <span class='ocrx_word' id='word_1_38' title='bbox 605 668 865 727; x_wconf 87' lang='lat' dir='ltr'>fingularibus</span> <span class='ocrx_word' id='word_1_39' title='bbox 895 665 1074 725; x_wconf 82' lang='lat' dir='ltr'>personis</span> <span class='ocrx_word' id='word_1_40' title='bbox 1098 665 1293 722; x_wconf 87' lang='lat' dir='ltr'>religiofis</span> 
     </span>
     <span class='ocr_line' id='line_1_8' title="bbox 332 724 1296 788; baseline -0.01 -12"><span class='ocrx_word' id='word_1_41' title='bbox 332 733 564 788; x_wconf 86' lang='lat' dir='ltr'>assignatas‚</span> <span class='ocrx_word' id='word_1_42' title='bbox 589 730 656 772; x_wconf 86' lang='lat' dir='ltr'>seu</span> <span class='ocrx_word' id='word_1_43' title='bbox 679 724 908 784; x_wconf 84' lang='lat' dir='ltr'>permiffas,</span> <span class='ocrx_word' id='word_1_44' title='bbox 940 725 979 770; x_wconf 85' lang='lat' dir='ltr'>in</span> <span class='ocrx_word' id='word_1_45' title='bbox 1002 739 1296 770; x_wconf 70' lang='lat' dir='ltr'>communem..-</span> 
     </span>
     <span class='ocr_line' id='line_1_9' title="bbox 331 784 1294 843; baseline -0.01 -10"><span class='ocrx_word' id='word_1_46' title='bbox 331 792 442 834; x_wconf 86' lang='lat' dir='ltr'>usum</span> <span class='ocrx_word' id='word_1_47' title='bbox 471 790 661 843; x_wconf 86' lang='lat' dir='ltr'>deinceps</span> <span class='ocrx_word' id='word_1_48' title='bbox 675 784 965 836; x_wconf 83' lang='lat' dir='ltr'>conferendas,</span> <span class='ocrx_word' id='word_1_49' title='bbox 993 786 1134 829; x_wconf 88' lang='lat' dir='ltr'>decem</span> <span class='ocrx_word' id='word_1_50' title='bbox 1164 797 1294 825; x_wconf 86' lang='lat' dir='ltr'>anno·</span> 
     </span>
     <span class='ocr_line' id='line_1_10' title="bbox 330 843 1295 908; baseline -0.01 -15"><span class='ocrx_word' id='word_1_51' title='bbox 330 864 421 893; x_wconf 88' lang='lat' dir='ltr'>rum</span> <span class='ocrx_word' id='word_1_52' title='bbox 436 846 666 891; x_wconf 74' lang='lat' dir='ltr'>immediate</span> <span class='ocrx_word' id='word_1_53' title='bbox 679 844 993 901; x_wconf 71' lang='lat' dir='ltr'>praecedentium</span> <span class='ocrx_word' id='word_1_54' title='bbox 1014 844 1150 889; x_wconf 86' lang='lat' dir='ltr'>habita</span> <span class='ocrx_word' id='word_1_55' title='bbox 1174 843 1295 908; x_wconf 40' lang='lat' dir='ltr'>rati-o·</span> 
     </span>
     <span class='ocr_line' id='line_1_11' title="bbox 330 902 1293 964; baseline -0.01 -14"><span class='ocrx_word' id='word_1_56' title='bbox 330 923 381 950; x_wconf 91' lang='lat' dir='ltr'>ne</span> <span class='ocrx_word' id='word_1_57' title='bbox 393 936 409 958; x_wconf 91' lang='lat'>,</span> <span class='ocrx_word' id='word_1_58' title='bbox 425 908 642 964; x_wconf 82' lang='lat' dir='ltr'>diligenter</span> <span class='ocrx_word' id='word_1_59' title='bbox 655 934 670 958; x_wconf 83' lang='lat'>,</span> <span class='ocrx_word' id='word_1_60' title='bbox 684 906 723 946; x_wconf 84' lang='lat'>&amp;</span> <span class='ocrx_word' id='word_1_61' title='bbox 736 902 896 947; x_wconf 68' lang='lat' dir='ltr'>mature</span> <span class='ocrx_word' id='word_1_62' title='bbox 907 906 1196 960; x_wconf 82' lang='lat' dir='ltr'>recognoscant</span> <span class='ocrx_word' id='word_1_63' title='bbox 1210 929 1227 950; x_wconf 90' lang='lat'>,</span> <span class='ocrx_word' id='word_1_64' title='bbox 1247 912 1293 941; x_wconf 91' lang='lat' dir='ltr'>ns</span> 
     </span>
     <span class='ocr_line' id='line_1_12' title="bbox 330 964 1293 1020; baseline -0.001 -13"><span class='ocrx_word' id='word_1_65' title='bbox 330 967 517 1008; x_wconf 87' lang='lat' dir='ltr'>omnibus</span> <span class='ocrx_word' id='word_1_66' title='bbox 530 965 722 1008; x_wconf 73' lang='lat' dir='ltr'>detractis</span> <span class='ocrx_word' id='word_1_67' title='bbox 736 993 751 1016; x_wconf 92' lang='lat'>‚</span> <span class='ocrx_word' id='word_1_68' title='bbox 766 977 855 1020; x_wconf 77' lang='lat' dir='ltr'>quae</span> <span class='ocrx_word' id='word_1_69' title='bbox 869 964 1144 1019; x_wconf 80' lang='lat' dir='ltr'>reparationes</span> <span class='ocrx_word' id='word_1_70' title='bbox 1158 986 1172 1007; x_wconf 69' lang='lat' dir='ltr'>a</span> <span class='ocrx_word' id='word_1_71' title='bbox 1199 972 1293 1014; x_wconf 77' lang='lat' dir='ltr'>Prae·</span> 
     </span>
     <span class='ocr_line' id='line_1_13' title="bbox 327 1021 1292 1077; baseline -0.01 -11"><span class='ocrx_word' id='word_1_72' title='bbox 327 1025 516 1067; x_wconf 78' lang='lat' dir='ltr'>stationes</span> <span class='ocrx_word' id='word_1_73' title='bbox 528 1050 545 1074; x_wconf 83' lang='lat'>,</span> <span class='ocrx_word' id='word_1_74' title='bbox 554 1021 767 1077; x_wconf 83' lang='lat' dir='ltr'>grandines</span> <span class='ocrx_word' id='word_1_75' title='bbox 777 1052 794 1074; x_wconf 90' lang='lat'>,</span> <span class='ocrx_word' id='word_1_76' title='bbox 809 1021 1036 1065; x_wconf 79' lang='lat' dir='ltr'>sterilitates</span> <span class='ocrx_word' id='word_1_77' title='bbox 1047 1049 1062 1072; x_wconf 87' lang='lat'><strong>,</strong></span> <span class='ocrx_word' id='word_1_78' title='bbox 1085 1021 1211 1062; x_wconf 87' lang='lat' dir='ltr'>aliave</span> <span class='ocrx_word' id='word_1_79' title='bbox 1224 1030 1292 1058; x_wconf 91' lang='lat' dir='ltr'>cu-</span> 
     </span>
     <span class='ocr_line' id='line_1_14' title="bbox 327 1073 1297 1139; baseline -0.011 -14"><span class='ocrx_word' id='word_1_80' title='bbox 327 1083 492 1139; x_wconf 84' lang='lat' dir='ltr'>juslibet</span> <span class='ocrx_word' id='word_1_81' title='bbox 509 1083 668 1138; x_wconf 83' lang='lat' dir='ltr'>generis</span> <span class='ocrx_word' id='word_1_82' title='bbox 693 1094 815 1124; x_wconf 78' lang='lat' dir='ltr'>onera</span> <span class='ocrx_word' id='word_1_83' title='bbox 841 1078 1137 1123; x_wconf 83' lang='lat' dir='ltr'>consueverunt</span> <span class='ocrx_word' id='word_1_84' title='bbox 1162 1073 1297 1117; x_wconf 87' lang='lat' dir='ltr'>absor-</span> 
     </span>
     <span class='ocr_line' id='line_1_15' title="bbox 327 1135 1295 1201; baseline -0.01 -17"><span class='ocrx_word' id='word_1_85' title='bbox 327 1143 427 1184; x_wconf 90' lang='lat' dir='ltr'>bere</span> <span class='ocrx_word' id='word_1_86' title='bbox 442 1155 457 1194; x_wconf 89' lang='lat'>;</span> <span class='ocrx_word' id='word_1_87' title='bbox 471 1155 598 1196; x_wconf 90' lang='lat' dir='ltr'>eaque</span> <span class='ocrx_word' id='word_1_88' title='bbox 612 1141 747 1183; x_wconf 87' lang='lat' dir='ltr'>omnia</span> <span class='ocrx_word' id='word_1_89' title='bbox 757 1136 906 1195; x_wconf 77' lang='lat' dir='ltr'>stripto</span> <span class='ocrx_word' id='word_1_90' title='bbox 927 1135 1100 1180; x_wconf 86' lang='lat' dir='ltr'>fideliter</span> <span class='ocrx_word' id='word_1_91' title='bbox 1115 1141 1295 1201; x_wconf 69' lang='lat' dir='ltr'>exarata,</span> 
     </span>
     <span class='ocr_line' id='line_1_16' title="bbox 326 1195 1291 1254; baseline -0.009 -13"><span class='ocrx_word' id='word_1_92' title='bbox 326 1199 435 1242; x_wconf 85' lang='lat' dir='ltr'>idem</span> <span class='ocrx_word' id='word_1_93' title='bbox 446 1200 640 1254; x_wconf 85' lang='lat' dir='ltr'>Superior</span> <span class='ocrx_word' id='word_1_94' title='bbox 652 1227 668 1251; x_wconf 86' lang='lat'>,</span> <span class='ocrx_word' id='word_1_95' title='bbox 695 1197 809 1253; x_wconf 85' lang='lat' dir='ltr'>cujus</span> <span class='ocrx_word' id='word_1_96' title='bbox 823 1196 988 1239; x_wconf 85' lang='lat' dir='ltr'>interest</span> <span class='ocrx_word' id='word_1_97' title='bbox 1002 1222 1018 1245; x_wconf 85' lang='lat'>‚</span> <span class='ocrx_word' id='word_1_98' title='bbox 1047 1195 1087 1237; x_wconf 91' lang='lat' dir='ltr'>in</span> <span class='ocrx_word' id='word_1_99' title='bbox 1107 1204 1291 1249; x_wconf 77' lang='lat' dir='ltr'>proximo</span> 
     </span>
     <span class='ocr_line' id='line_1_17' title="bbox 328 1249 1291 1315; baseline -0.008 -15"><span class='ocrx_word' id='word_1_100' title='bbox 328 1259 526 1315; x_wconf 90' lang='lat' dir='ltr'>Capitulo</span> <span class='ocrx_word' id='word_1_101' title='bbox 537 1286 553 1310; x_wconf 89' lang='lat'>,</span> <span class='ocrx_word' id='word_1_102' title='bbox 566 1258 632 1301; x_wconf 89' lang='lat' dir='ltr'>seu</span> <span class='ocrx_word' id='word_1_103' title='bbox 645 1255 974 1312; x_wconf 86' lang='lat' dir='ltr'>Congregatione</span> <span class='ocrx_word' id='word_1_104' title='bbox 989 1252 1195 1308; x_wconf 85' lang='lat' dir='ltr'>generali,</span> <span class='ocrx_word' id='word_1_105' title='bbox 1227 1249 1291 1293; x_wconf 92' lang='lat' dir='ltr'>vel</span> 
     </span>
     <span class='ocr_line' id='line_1_18' title="bbox 325 1308 1295 1376; baseline -0.008 -18"><span class='ocrx_word' id='word_1_106' title='bbox 325 1317 565 1373; x_wconf 85' lang='lat' dir='ltr'>provinciali</span> <span class='ocrx_word' id='word_1_107' title='bbox 579 1329 720 1360; x_wconf 90' lang='lat' dir='ltr'>coram</span> <span class='ocrx_word' id='word_1_108' title='bbox 732 1314 863 1357; x_wconf 87' lang='lat' dir='ltr'>tribus</span> <span class='ocrx_word' id='word_1_109' title='bbox 886 1311 1096 1370; x_wconf 86' lang='lat' dir='ltr'>Judicibus</span> <span class='ocrx_word' id='word_1_110' title='bbox 1119 1310 1170 1353; x_wconf 88' lang='lat' dir='ltr'>ab</span> <span class='ocrx_word' id='word_1_111' title='bbox 1194 1308 1295 1376; x_wconf 78' lang='lat' dir='ltr'>ipso·</span> 
     </span>
     <span class='ocr_line' id='line_1_19' title="bbox 326 1366 1294 1430; baseline -0.01 -13"><span class='ocrx_word' id='word_1_112' title='bbox 326 1385 414 1417; x_wconf 88' lang='lat' dir='ltr'>met</span> <span class='ocrx_word' id='word_1_113' title='bbox 428 1375 639 1430; x_wconf 88' lang='lat' dir='ltr'>Capitulo,</span> <span class='ocrx_word' id='word_1_114' title='bbox 652 1375 713 1416; x_wconf 86' lang='lat' dir='ltr'>seu</span> <span class='ocrx_word' id='word_1_115' title='bbox 730 1371 1056 1426; x_wconf 85' lang='lat' dir='ltr'>Congrcgatione</span> <span class='ocrx_word' id='word_1_116' title='bbox 1067 1366 1294 1422; x_wconf 79' lang='lat' dir='ltr'>deligendis</span> 
     </span>
     <span class='ocr_line' id='line_1_20' title="bbox 325 1426 1294 1490; baseline -0.007 -15"><span class='ocrx_word' id='word_1_117' title='bbox 325 1443 556 1490; x_wconf 78' lang='lat' dir='ltr'>proponat,</span> <span class='ocrx_word' id='word_1_118' title='bbox 572 1433 639 1488; x_wconf 90' lang='lat' dir='ltr'>qui</span> <span class='ocrx_word' id='word_1_119' title='bbox 653 1459 671 1482; x_wconf 89' lang='lat'>,</span> <span class='ocrx_word' id='word_1_120' title='bbox 694 1427 939 1486; x_wconf 62' lang='lat' dir='ltr'>computatis</span> <span class='ocrx_word' id='word_1_121' title='bbox 956 1426 1180 1483; x_wconf 86' lang='lat' dir='ltr'>hujusmodi</span> <span class='ocrx_word' id='word_1_122' title='bbox 1199 1426 1294 1469; x_wconf 89' lang='lat' dir='ltr'>red·</span> 
     </span>
     <span class='ocr_line' id='line_1_21' title="bbox 324 1484 1294 1544; baseline -0.008 -11"><span class='ocrx_word' id='word_1_123' title='bbox 324 1491 477 1533; x_wconf 76' lang='lat' dir='ltr'>ditibus</span> <span class='ocrx_word' id='word_1_124' title='bbox 492 1519 507 1542; x_wconf 88' lang='lat'><strong>,</strong></span> <span class='ocrx_word' id='word_1_125' title='bbox 522 1487 800 1544; x_wconf 78' lang='lat' dir='ltr'>eleemosynis,</span> <span class='ocrx_word' id='word_1_126' title='bbox 817 1489 858 1530; x_wconf 71' lang='grc' dir='ltr'>δι</span> <span class='ocrx_word' id='word_1_127' title='bbox 876 1486 1191 1531; x_wconf 80' lang='lat' dir='ltr'>obventionibus</span> <span class='ocrx_word' id='word_1_128' title='bbox 1205 1484 1294 1525; x_wconf 91' lang='lat' dir='ltr'>uni-</span> 
     </span>
     <span class='ocr_line' id='line_1_22' title="bbox 325 1541 1294 1600; baseline -0.009 -10"><span class='ocrx_word' id='word_1_129' title='bbox 325 1551 449 1592; x_wconf 77' lang='lat' dir='ltr'>versis</span> <span class='ocrx_word' id='word_1_130' title='bbox 460 1578 476 1600; x_wconf 90' lang='lat'>,</span> <span class='ocrx_word' id='word_1_131' title='bbox 488 1550 531 1590; x_wconf 73' lang='grc' dir='ltr'>δι</span> <span class='ocrx_word' id='word_1_132' title='bbox 542 1550 732 1589; x_wconf 88' lang='lat' dir='ltr'>oneribus</span> <span class='ocrx_word' id='word_1_133' title='bbox 749 1575 765 1596; x_wconf 88' lang='lat'>‚</span> <span class='ocrx_word' id='word_1_134' title='bbox 788 1556 831 1587; x_wconf 90' lang='lat' dir='ltr'>ut</span> <span class='ocrx_word' id='word_1_135' title='bbox 846 1546 959 1598; x_wconf 81' lang='lat' dir='ltr'>supra</span> <span class='ocrx_word' id='word_1_136' title='bbox 971 1569 987 1591; x_wconf 87' lang='lat'>‚</span> <span class='ocrx_word' id='word_1_137' title='bbox 1002 1541 1190 1584; x_wconf 72' lang='lat' dir='ltr'>detractis</span> <span class='ocrx_word' id='word_1_138' title='bbox 1203 1567 1218 1588; x_wconf 84' lang='lat'>‚</span> <span class='ocrx_word' id='word_1_139' title='bbox 1241 1541 1294 1581; x_wconf 72' lang='lat' dir='ltr'>se-</span> 
     </span>
     <span class='ocr_line' id='line_1_23' title="bbox 323 1598 1293 1657; baseline -0.013 -8"><span class='ocrx_word' id='word_1_140' title='bbox 323 1606 426 1649; x_wconf 77' lang='lat' dir='ltr'>dulo</span> <span class='ocrx_word' id='word_1_141' title='bbox 456 1607 686 1648; x_wconf 75' lang='lat' dir='ltr'>examinent</span> <span class='ocrx_word' id='word_1_142' title='bbox 700 1630 715 1653; x_wconf 92' lang='lat'>‚</span> <span class='ocrx_word' id='word_1_143' title='bbox 743 1611 844 1657; x_wconf 90' lang='lat' dir='ltr'>quot</span> <span class='ocrx_word' id='word_1_144' title='bbox 862 1598 1052 1653; x_wconf 74' lang='lat' dir='ltr'>Religion</span> <span class='ocrx_word' id='word_1_145' title='bbox 1082 1598 1264 1640; x_wconf 87' lang='lat' dir='ltr'>homines</span> <span class='ocrx_word' id='word_1_146' title='bbox 1278 1624 1293 1647; x_wconf 81' lang='lat'>‚</span> 
     </span>
     <span class='ocr_line' id='line_1_24' title="bbox 323 1652 1293 1712; baseline -0.012 -5"><span class='ocrx_word' id='word_1_147' title='bbox 323 1663 619 1707; x_wconf 81' lang='lat' dir='ltr'>connumeratis</span> <span class='ocrx_word' id='word_1_148' title='bbox 635 1662 756 1702; x_wconf 89' lang='lat' dir='ltr'>etiam</span> <span class='ocrx_word' id='word_1_149' title='bbox 770 1656 882 1700; x_wconf 91' lang='lat' dir='ltr'>laicis</span> <span class='ocrx_word' id='word_1_150' title='bbox 892 1683 908 1706; x_wconf 82' lang='lat'>‚</span> <span class='ocrx_word' id='word_1_151' title='bbox 939 1654 1105 1712; x_wconf 87' lang='lat' dir='ltr'>aliisque</span> <span class='ocrx_word' id='word_1_152' title='bbox 1119 1652 1293 1697; x_wconf 83' lang='lat' dir='ltr'>ncceffa-</span> 
     </span>
     <span class='ocr_line' id='line_1_25' title="bbox 323 1713 1293 1772; baseline -0.01 -8"><span class='ocrx_word' id='word_1_153' title='bbox 323 1722 396 1764; x_wconf 87' lang='lat' dir='ltr'>riis</span> <span class='ocrx_word' id='word_1_154' title='bbox 411 1716 674 1763; x_wconf 85' lang='lat' dir='ltr'>servientibus</span> <span class='ocrx_word' id='word_1_155' title='bbox 687 1743 702 1766; x_wconf 83' lang='lat'><strong>‚</strong></span> <span class='ocrx_word' id='word_1_156' title='bbox 714 1717 753 1758; x_wconf 91' lang='lat' dir='ltr'>in</span> <span class='ocrx_word' id='word_1_157' title='bbox 771 1727 1014 1772; x_wconf 88' lang='lat' dir='ltr'>unoquoque</span> <span class='ocrx_word' id='word_1_158' title='bbox 1026 1713 1269 1758; x_wconf 83' lang='lat' dir='ltr'>Monasterio</span> <span class='ocrx_word' id='word_1_159' title='bbox 1278 1739 1293 1763; x_wconf 83' lang='lat'>‚</span> 
     </span>
     <span class='ocr_line' id='line_1_26' title="bbox 323 1773 1294 1830; baseline -0.009 -7"><span class='ocrx_word' id='word_1_160' title='bbox 323 1782 542 1823; x_wconf 91' lang='lat' dir='ltr'>Conventu</span> <span class='ocrx_word' id='word_1_161' title='bbox 556 1806 571 1830; x_wconf 84' lang='lat'><strong>,</strong></span> <span class='ocrx_word' id='word_1_162' title='bbox 594 1779 633 1820; x_wconf 79' lang='grc' dir='ltr'>δι</span> <span class='ocrx_word' id='word_1_163' title='bbox 651 1778 787 1818; x_wconf 91' lang='lat' dir='ltr'>Domo</span> <span class='ocrx_word' id='word_1_164' title='bbox 800 1773 998 1830; x_wconf 85' lang='lat' dir='ltr'>Regulari</span> <span class='ocrx_word' id='word_1_165' title='bbox 1022 1773 1135 1830; x_wconf 88' lang='lat' dir='ltr'>juxta</span> <span class='ocrx_word' id='word_1_166' title='bbox 1161 1773 1294 1829; x_wconf 89' lang='lat' dir='ltr'>regio-</span> 
     </span>
     <span class='ocr_line' id='line_1_27' title="bbox 323 1831 1294 1893; baseline -0.01 -11"><span class='ocrx_word' id='word_1_167' title='bbox 323 1839 387 1882; x_wconf 86' lang='lat' dir='ltr'>nis</span> <span class='ocrx_word' id='word_1_168' title='bbox 406 1866 421 1890; x_wconf 93' lang='lat'>‚</span> <span class='ocrx_word' id='word_1_169' title='bbox 443 1839 484 1879; x_wconf 85' lang='lat'>&amp;</span> <span class='ocrx_word' id='word_1_170' title='bbox 496 1833 823 1893; x_wconf 87' lang='lat' dir='ltr'>propriiinstituti</span> <span class='ocrx_word' id='word_1_171' title='bbox 847 1845 1000 1876; x_wconf 90' lang='lat' dir='ltr'>morem</span> <span class='ocrx_word' id='word_1_172' title='bbox 1013 1861 1029 1884; x_wconf 87' lang='lat'><strong>,</strong></span> <span class='ocrx_word' id='word_1_173' title='bbox 1056 1833 1202 1875; x_wconf 74' lang='lat' dir='ltr'>vietum</span> <span class='ocrx_word' id='word_1_174' title='bbox 1215 1860 1230 1884; x_wconf 88' lang='lat'>,</span> <span class='ocrx_word' id='word_1_175' title='bbox 1251 1831 1294 1872; x_wconf 74' lang='grc' dir='ltr'>δι</span> 
     </span>
     <span class='ocr_line' id='line_1_28' title="bbox 325 1890 1290 1945; baseline -0.007 -6"><span class='ocrx_word' id='word_1_176' title='bbox 325 1898 511 1940; x_wconf 81' lang='lat' dir='ltr'>vestitum</span> <span class='ocrx_word' id='word_1_177' title='bbox 527 1922 543 1945; x_wconf 87' lang='lat'>‚</span> <span class='ocrx_word' id='word_1_178' title='bbox 555 1895 595 1936; x_wconf 74' lang='grc' dir='ltr'>δε</span> <span class='ocrx_word' id='word_1_179' title='bbox 609 1890 861 1935; x_wconf 87' lang='lat' dir='ltr'>medicinalia</span> <span class='ocrx_word' id='word_1_180' title='bbox 873 1891 914 1932; x_wconf 92' lang='lat' dir='ltr'>in</span> <span class='ocrx_word' id='word_1_181' title='bbox 930 1891 1133 1933; x_wconf 90' lang='lat' dir='ltr'>communi</span> <span class='ocrx_word' id='word_1_182' title='bbox 1144 1891 1290 1933; x_wconf 86' lang='lat' dir='ltr'>haben·</span> 
     </span>
     <span class='ocr_line' id='line_1_29' title="bbox 323 1946 1287 2009; baseline -0.008 -11"><span class='ocrx_word' id='word_1_183' title='bbox 323 1965 385 1998; x_wconf 88' lang='lat' dir='ltr'>tes</span> <span class='ocrx_word' id='word_1_184' title='bbox 399 1983 414 2007; x_wconf 90' lang='lat'><strong>‚</strong></span> <span class='ocrx_word' id='word_1_185' title='bbox 441 1961 723 2009; x_wconf 82' lang='lat' dir='ltr'>competenter</span> <span class='ocrx_word' id='word_1_186' title='bbox 738 1949 898 1992; x_wconf 88' lang='lat' dir='ltr'>valeant</span> <span class='ocrx_word' id='word_1_187' title='bbox 912 1946 1121 1993; x_wconf 74' lang='lat' dir='ltr'>sustentari</span> <span class='ocrx_word' id='word_1_188' title='bbox 1136 1978 1150 1991; x_wconf 87' lang='lat'><strong>.</strong></span> <span class='ocrx_word' id='word_1_189' title='bbox 1183 1950 1287 1991; x_wconf 83' lang='lat' dir='ltr'>Tum</span> 
     </span>
     <span class='ocr_line' id='line_1_30' title="bbox 321 2006 1283 2061; baseline -0.009 -5"><span class='ocrx_word' id='word_1_190' title='bbox 321 2012 545 2056; x_wconf 85' lang='lat' dir='ltr'>eortmdem</span> <span class='ocrx_word' id='word_1_191' title='bbox 561 2010 762 2050; x_wconf 90' lang='lat' dir='ltr'>bonorum</span> <span class='ocrx_word' id='word_1_192' title='bbox 775 2035 790 2058; x_wconf 89' lang='lat'>‚</span> <span class='ocrx_word' id='word_1_193' title='bbox 804 2006 1052 2058; x_wconf 87' lang='lat' dir='ltr'>reddituum,</span> <span class='ocrx_word' id='word_1_194' title='bbox 1065 2006 1283 2061; x_wconf 86' lang='lat' dir='ltr'>eleemosy-</span> 
     </span>
     <span class='ocr_line' id='line_1_31' title="bbox 323 2062 1287 2120; baseline -0.007 -6"><span class='ocrx_word' id='word_1_195' title='bbox 323 2084 463 2114; x_wconf 87' lang='lat' dir='ltr'>narum</span> <span class='ocrx_word' id='word_1_196' title='bbox 475 2097 490 2119; x_wconf 85' lang='lat'><strong>,</strong></span> <span class='ocrx_word' id='word_1_197' title='bbox 514 2069 555 2109; x_wconf 82' lang='lat'>&amp;</span> <span class='ocrx_word' id='word_1_198' title='bbox 579 2078 750 2109; x_wconf 87' lang='lat' dir='ltr'>onerum</span> <span class='ocrx_word' id='word_1_199' title='bbox 766 2062 963 2120; x_wconf 80' lang='lat' dir='ltr'>praecisatn</span> <span class='ocrx_word' id='word_1_200' title='bbox 977 2072 1115 2106; x_wconf 88' lang='lat' dir='ltr'>notam</span> <span class='ocrx_word' id='word_1_201' title='bbox 1133 2066 1287 2120; x_wconf 79' lang='lat' dir='ltr'>ipsimet</span> 
     </span>
     <span class='ocr_line' id='line_1_32' title="bbox 321 2121 1293 2183; baseline -0.006 -11"><span class='ocrx_word' id='word_1_202' title='bbox 321 2132 385 2172; x_wconf 89' lang='lat' dir='ltr'>Ca</span> <span class='ocrx_word' id='word_1_203' title='bbox 394 2126 525 2183; x_wconf 88' lang='lat' dir='ltr'>pitulo</span> <span class='ocrx_word' id='word_1_204' title='bbox 538 2154 553 2177; x_wconf 93' lang='lat'>,</span> <span class='ocrx_word' id='word_1_205' title='bbox 568 2122 631 2167; x_wconf 89' lang='lat' dir='ltr'>sen</span> <span class='ocrx_word' id='word_1_206' title='bbox 646 2121 967 2179; x_wconf 81' lang='lat' dir='ltr'>congregationi</span> <span class='ocrx_word' id='word_1_207' title='bbox 979 2123 1196 2166; x_wconf 83' lang='lat' dir='ltr'>exhibeant</span> <span class='ocrx_word' id='word_1_208' title='bbox 1211 2151 1226 2175; x_wconf 86' lang='lat'><strong>,</strong></span> <span class='ocrx_word' id='word_1_209' title='bbox 1248 2134 1293 2168; x_wconf 89' lang='lat' dir='ltr'>ut</span> 
     </span>
     <span class='ocr_line' id='line_1_33' title="bbox 321 2180 1289 2240; baseline -0.004 -10"><span class='ocrx_word' id='word_1_210' title='bbox 321 2187 366 2230; x_wconf 87' lang='lat' dir='ltr'>in</span> <span class='ocrx_word' id='word_1_211' title='bbox 390 2185 461 2229; x_wconf 89' lang='lat' dir='ltr'>illo</span> <span class='ocrx_word' id='word_1_212' title='bbox 474 2182 888 2240; x_wconf 87' lang='lat' dir='ltr'>diligenteromnibns</span> <span class='ocrx_word' id='word_1_213' title='bbox 905 2180 1289 2239; x_wconf 82' lang='lat' dir='ltr'>discuffis‚cujusque</span> 
     </span>
     <span class='ocr_line' id='line_1_34' title="bbox 321 2239 1286 2292; baseline -0.005 -4"><span class='ocrx_word' id='word_1_214' title='bbox 321 2244 484 2288; x_wconf 71' lang='lat' dir='ltr'>familie</span> <span class='ocrx_word' id='word_1_215' title='bbox 498 2270 513 2292; x_wconf 66' lang='lat' dir='ltr'>a</span> <span class='ocrx_word' id='word_1_216' title='bbox 546 2239 776 2286; x_wconf 78' lang='lat' dir='ltr'>Monasterii</span> <span class='ocrx_word' id='word_1_217' title='bbox 787 2267 803 2290; x_wconf 74' lang='lat'>,</span> <span class='ocrx_word' id='word_1_218' title='bbox 828 2241 1072 2283; x_wconf 76' lang='lat' dir='ltr'>Conventus</span> <span class='ocrx_word' id='word_1_219' title='bbox 1086 2265 1101 2288; x_wconf 83' lang='lat'><strong>‚</strong></span> <span class='ocrx_word' id='word_1_220' title='bbox 1131 2254 1178 2283; x_wconf 92' lang='lat' dir='ltr'>ac</span> <span class='ocrx_word' id='word_1_221' title='bbox 1198 2243 1286 2283; x_wconf 89' lang='lat' dir='ltr'>Do·</span> 
     </span>
     <span class='ocr_line' id='line_1_35' title="bbox 318 2296 1286 2359; baseline -0.006 -11"><span class='ocrx_word' id='word_1_222' title='bbox 318 2302 405 2348; x_wconf 72' lang='lat' dir='ltr'>mt‘ts</span> <span class='ocrx_word' id='word_1_223' title='bbox 422 2300 634 2359; x_wconf 81' lang='lat' dir='ltr'>Regularis</span> <span class='ocrx_word' id='word_1_224' title='bbox 653 2300 694 2342; x_wconf 91' lang='lat' dir='ltr'>in</span> <span class='ocrx_word' id='word_1_225' title='bbox 715 2296 864 2354; x_wconf 70' lang='lat' dir='ltr'>angula</span> <span class='ocrx_word' id='word_1_226' title='bbox 894 2312 1053 2355; x_wconf 84' lang='lat' dir='ltr'>quaque</span> <span class='ocrx_word' id='word_1_227' title='bbox 1074 2299 1286 2342; x_wconf 81' lang='lat' dir='ltr'>Provincia</span> 
     </span>
     <span class='ocr_line' id='line_1_36' title="bbox 315 2356 1285 2413; baseline -0.008 -6"><span class='ocrx_word' id='word_1_228' title='bbox 315 2374 455 2408; x_wconf 86' lang='lat' dir='ltr'>certus</span> <span class='ocrx_word' id='word_1_229' title='bbox 467 2373 602 2404; x_wconf 89' lang='lat' dir='ltr'>earum</span> <span class='ocrx_word' id='word_1_230' title='bbox 616 2357 770 2401; x_wconf 75' lang='lat' dir='ltr'>tautum</span> <span class='ocrx_word' id='word_1_231' title='bbox 792 2356 1050 2413; x_wconf 87' lang='lat' dir='ltr'>personarum</span> <span class='ocrx_word' id='word_1_232' title='bbox 1064 2371 1252 2401; x_wconf 88' lang='lat' dir='ltr'>numerus</span> <span class='ocrx_word' id='word_1_233' title='bbox 1270 2387 1285 2411; x_wconf 86' lang='lat'>‚</span> 
     </span>
     <span class='ocr_line' id='line_1_37' title="bbox 317 2415 1284 2475; baseline -0.005 -9"><span class='ocrx_word' id='word_1_234' title='bbox 317 2425 483 2467; x_wconf 79' lang='lat' dir='ltr'>Parrum</span> <span class='ocrx_word' id='word_1_235' title='bbox 496 2417 782 2475; x_wconf 70' lang='lat' dir='ltr'>capitularium</span> <span class='ocrx_word' id='word_1_236' title='bbox 797 2424 900 2458; x_wconf 89' lang='lat' dir='ltr'>voto</span> <span class='ocrx_word' id='word_1_237' title='bbox 912 2444 928 2468; x_wconf 80' lang='lat'><strong>,</strong></span> <span class='ocrx_word' id='word_1_238' title='bbox 948 2415 1185 2474; x_wconf 62' lang='lat' dir='ltr'>prnfigatun</span> <span class='ocrx_word' id='word_1_239' title='bbox 1196 2430 1284 2473; x_wconf 79' lang='lat' dir='ltr'>quae</span> 
     </span>
     <span class='ocr_line' id='line_1_38' title="bbox 316 2473 1281 2531; baseline -0.006 -6"><span class='ocrx_word' id='word_1_240' title='bbox 316 2478 543 2526; x_wconf 72' lang='lat' dir='ltr'>redditibus</span> <span class='ocrx_word' id='word_1_241' title='bbox 553 2507 567 2530; x_wconf 89' lang='lat'>‚</span> <span class='ocrx_word' id='word_1_242' title='bbox 575 2473 838 2531; x_wconf 79' lang='lat' dir='ltr'>eleemosynis</span> <span class='ocrx_word' id='word_1_243' title='bbox 847 2500 861 2524; x_wconf 86' lang='lat'>,</span> <span class='ocrx_word' id='word_1_244' title='bbox 890 2476 931 2518; x_wconf 71' lang='grc' dir='ltr'>δι</span> <span class='ocrx_word' id='word_1_245' title='bbox 940 2476 1255 2520; x_wconf 76' lang='lat' dir='ltr'>obventionibus</span> <span class='ocrx_word' id='word_1_246' title='bbox 1266 2503 1281 2526; x_wconf 83' lang='lat'>‚</span> 
     </span>
     <span class='ocr_line' id='line_1_39' title="bbox 320 2532 1281 2591; baseline -0.002 -11"><span class='ocrx_word' id='word_1_247' title='bbox 320 2548 365 2580; x_wconf 90' lang='lat' dir='ltr'>ut</span> <span class='ocrx_word' id='word_1_248' title='bbox 379 2536 584 2591; x_wconf 75' lang='lat' dir='ltr'>superius,</span> <span class='ocrx_word' id='word_1_249' title='bbox 615 2532 856 2578; x_wconf 80' lang='lat' dir='ltr'>sufficienter</span> <span class='ocrx_word' id='word_1_250' title='bbox 869 2533 922 2577; x_wconf 88' lang='lat' dir='ltr'>ali</span> <span class='ocrx_word' id='word_1_251' title='bbox 934 2534 1095 2591; x_wconf 82' lang='lat' dir='ltr'>poffint.</span> <span class='ocrx_word' id='word_1_252' title='bbox 1129 2537 1194 2578; x_wconf 83' lang='lat' dir='ltr'>Ne</span> <span class='ocrx_word' id='word_1_253' title='bbox 1211 2549 1281 2578; x_wconf 90' lang='lat' dir='ltr'>ve-</span> 
     </span>
     <span class='ocr_line' id='line_1_40' title="bbox 317 2590 1276 2649; baseline -0.005 -9"><span class='ocrx_word' id='word_1_254' title='bbox 317 2595 368 2640; x_wconf 77' lang='lat' dir='ltr'>rb</span> <span class='ocrx_word' id='word_1_255' title='bbox 381 2594 614 2649; x_wconf 85' lang='lat' dir='ltr'>Superiores</span> <span class='ocrx_word' id='word_1_256' title='bbox 632 2620 650 2643; x_wconf 86' lang='lat'><strong>,</strong></span> <span class='ocrx_word' id='word_1_257' title='bbox 682 2590 808 2649; x_wconf 87' lang='lat' dir='ltr'>quiid</span> <span class='ocrx_word' id='word_1_258' title='bbox 822 2590 999 2647; x_wconf 69' lang='lat' dir='ltr'>prestare</span> <span class='ocrx_word' id='word_1_259' title='bbox 1019 2593 1171 2637; x_wconf 88' lang='lat' dir='ltr'>debent</span> <span class='ocrx_word' id='word_1_260' title='bbox 1193 2592 1276 2645; x_wconf 83' lang='lat' dir='ltr'>,se-</span> 
     </span>
    </p>

    <p class='ocr_par' dir='ltr' id='par_1_3' title="bbox 319 2648 1274 2707">
     <span class='ocr_line' id='line_1_41' title="bbox 319 2648 1274 2707; baseline 0.001 -13"><span class='ocrx_word' id='word_1_261' title='bbox 319 2652 400 2698; x_wconf 67' lang='lat' dir='ltr'>rius</span> <span class='ocrx_word' id='word_1_262' title='bbox 415 2681 430 2703; x_wconf 88' lang='lat'>,</span> <span class='ocrx_word' id='word_1_263' title='bbox 442 2661 509 2694; x_wconf 90' lang='lat' dir='ltr'>aut</span> <span class='ocrx_word' id='word_1_264' title='bbox 524 2648 713 2694; x_wconf 71' lang='lat' dir='ltr'>remiffius</span> <span class='ocrx_word' id='word_1_265' title='bbox 727 2678 743 2703; x_wconf 90' lang='lat'>‚</span> <span class='ocrx_word' id='word_1_266' title='bbox 766 2650 887 2707; x_wconf 70' lang='lat' dir='ltr'>quim</span> <span class='ocrx_word' id='word_1_267' title='bbox 902 2664 976 2707; x_wconf 86' lang='lat' dir='ltr'>par</span> <span class='ocrx_word' id='word_1_268' title='bbox 986 2649 1043 2695; x_wconf 76' lang='lat' dir='ltr'>est</span> <span class='ocrx_word' id='word_1_269' title='bbox 1057 2681 1073 2703; x_wconf 86' lang='lat'><strong>,</strong></span> <span class='ocrx_word' id='word_1_270' title='bbox 1100 2651 1171 2694; x_wconf 86' lang='lat' dir='ltr'>suo</span> <span class='ocrx_word' id='word_1_271' title='bbox 1184 2665 1274 2695; x_wconf 89' lang='lat' dir='ltr'>mu·</span> 
     </span>
    </p>

    <p class='ocr_par' dir='ltr' id='par_1_4' title="bbox 319 2704 1279 2822">
     <span class='ocr_line' id='line_1_42' title="bbox 320 2704 1279 2766; baseline -0.002 -11"><span class='ocrx_word' id='word_1_272' title='bbox 320 2713 405 2756; x_wconf 86' lang='lat' dir='ltr'>neri</span> <span class='ocrx_word' id='word_1_273' title='bbox 421 2704 660 2751; x_wconf 68' lang='lat' dir='ltr'>satisfaciant</span> <span class='ocrx_word' id='word_1_274' title='bbox 674 2733 688 2757; x_wconf 89' lang='lat'><strong>,</strong></span> <span class='ocrx_word' id='word_1_275' title='bbox 712 2706 871 2751; x_wconf 86' lang='lat' dir='ltr'>mandat</span> <span class='ocrx_word' id='word_1_276' title='bbox 885 2711 974 2751; x_wconf 73' lang='lat' dir='ltr'>Sac-</span> <span class='ocrx_word' id='word_1_277' title='bbox 984 2710 1279 2766; x_wconf 78' lang='lat' dir='ltr'>congregatio,</span> 
     </span>
     <span class='ocr_line' id='line_1_43' title="bbox 319 2765 1277 2822; baseline -0.002 -9"><span class='ocrx_word' id='word_1_278' title='bbox 319 2781 366 2814; x_wconf 90' lang='lat' dir='ltr'>ut</span> <span class='ocrx_word' id='word_1_279' title='bbox 377 2767 476 2811; x_wconf 89' lang='lat' dir='ltr'>insra</span> <span class='ocrx_word' id='word_1_280' title='bbox 490 2779 636 2809; x_wconf 87' lang='lat' dir='ltr'>annum</span> <span class='ocrx_word' id='word_1_281' title='bbox 649 2793 665 2818; x_wconf 80' lang='lat'>‚</span> <span class='ocrx_word' id='word_1_282' title='bbox 690 2765 773 2822; x_wconf 76' lang='lat' dir='ltr'>pon</span> <span class='ocrx_word' id='word_1_283' title='bbox 797 2767 1022 2822; x_wconf 75' lang='lat' dir='ltr'>proximum</span> <span class='ocrx_word' id='word_1_284' title='bbox 1036 2768 1277 2821; x_wconf 86' lang='lat' dir='ltr'>Capitulum</span> 
     </span>
    </p>

    <p class='ocr_par' dir='ltr' id='par_1_5' title="bbox 316 2823 1280 3118">
     <span class='ocr_line' id='line_1_44' title="bbox 317 2823 1279 2886; baseline -0.002 -14"><span class='ocrx_word' id='word_1_285' title='bbox 317 2826 535 2886; x_wconf 85' lang='lat' dir='ltr'>generale,</span> <span class='ocrx_word' id='word_1_286' title='bbox 562 2824 627 2867; x_wconf 88' lang='lat' dir='ltr'>vel</span> <span class='ocrx_word' id='word_1_287' title='bbox 656 2823 903 2880; x_wconf 77' lang='lat' dir='ltr'>provinciale</span> <span class='ocrx_word' id='word_1_288' title='bbox 925 2826 1248 2883; x_wconf 80' lang='lat' dir='ltr'>computandum</span> <span class='ocrx_word' id='word_1_289' title='bbox 1264 2855 1279 2879; x_wconf 85' lang='lat'>‚</span> 
     </span>
     <span class='ocr_line' id='line_1_45' title="bbox 317 2881 1278 2941; baseline -0.002 -12"><span class='ocrx_word' id='word_1_290' title='bbox 317 2888 449 2929; x_wconf 88' lang='lat' dir='ltr'>omnia</span> <span class='ocrx_word' id='word_1_291' title='bbox 469 2885 544 2926; x_wconf 85' lang='lat' dir='ltr'>boc</span> <span class='ocrx_word' id='word_1_292' title='bbox 556 2881 608 2925; x_wconf 88' lang='lat' dir='ltr'>de</span> <span class='ocrx_word' id='word_1_293' title='bbox 644 2895 766 2926; x_wconf 87' lang='lat' dir='ltr'>encre</span> <span class='ocrx_word' id='word_1_294' title='bbox 782 2883 1061 2938; x_wconf 79' lang='lat' dir='ltr'>capitulariter</span> <span class='ocrx_word' id='word_1_295' title='bbox 1082 2885 1187 2941; x_wconf 77' lang='lat' dir='ltr'>gesta</span> <span class='ocrx_word' id='word_1_296' title='bbox 1201 2911 1216 2934; x_wconf 88' lang='lat'>‚</span> <span class='ocrx_word' id='word_1_297' title='bbox 1238 2887 1278 2927; x_wconf 91' lang='lat' dir='ltr'>in</span> 
     </span>
     <span class='ocr_line' id='line_1_46' title="bbox 316 2940 1280 2988; baseline -0.003 -1"><span class='ocrx_word' id='word_1_298' title='bbox 316 2941 587 2987; x_wconf 83' lang='lat' dir='ltr'>authenticam</span> <span class='ocrx_word' id='word_1_299' title='bbox 628 2950 779 2982; x_wconf 88' lang='lat' dir='ltr'>ormam</span> <span class='ocrx_word' id='word_1_300' title='bbox 809 2940 970 2984; x_wconf 70' lang='lat' dir='ltr'>redacta</span> <span class='ocrx_word' id='word_1_301' title='bbox 998 2941 1049 2986; x_wconf 84' lang='lat' dir='ltr'>ad</span> <span class='ocrx_word' id='word_1_302' title='bbox 1078 2948 1280 2988; x_wconf 68' lang='lat' dir='ltr'>Sacram.»</span> 
     </span>
     <span class='ocr_line' id='line_1_47' title="bbox 317 2997 1278 3060; baseline 0 -15"><span class='ocrx_word' id='word_1_303' title='bbox 317 3001 437 3060; x_wconf 85' lang='lat' dir='ltr'>ipsam</span> <span class='ocrx_word' id='word_1_304' title='bbox 446 2997 816 3055; x_wconf 84' lang='lat' dir='ltr'>congregationem</span> <span class='ocrx_word' id='word_1_305' title='bbox 830 2998 1010 3045; x_wconf 88' lang='lat' dir='ltr'>Concilii</span> <span class='ocrx_word' id='word_1_306' title='bbox 1028 2999 1166 3059; x_wconf 83' lang='lat' dir='ltr'>finguii</span> <span class='ocrx_word' id='word_1_307' title='bbox 1182 3002 1278 3045; x_wconf 87' lang='lat' dir='ltr'>mit-</span> 
     </span>
     <span class='ocr_line' id='line_1_48' title="bbox 318 3055 1277 3118; baseline 0 -14"><span class='ocrx_word' id='word_1_308' title='bbox 318 3072 405 3104; x_wconf 89' lang='lat' dir='ltr'>tant</span> <span class='ocrx_word' id='word_1_309' title='bbox 418 3087 432 3111; x_wconf 94' lang='lat'>,</span> <span class='ocrx_word' id='word_1_310' title='bbox 449 3070 734 3114; x_wconf 80' lang='lat' dir='ltr'>numerumque</span> <span class='ocrx_word' id='word_1_311' title='bbox 750 3055 907 3101; x_wconf 78' lang='lat' dir='ltr'>familiae</span> <span class='ocrx_word' id='word_1_312' title='bbox 923 3084 937 3107; x_wconf 82' lang='lat'>‚</span> <span class='ocrx_word' id='word_1_313' title='bbox 952 3060 1277 3118; x_wconf 76' lang='lat' dir='ltr'>singulorumque</span> 
     </span>
    </p>

    <p class='ocr_par' dir='ltr' id='par_1_6' title="bbox 316 3116 1276 3170">
     <span class='ocr_line' id='line_1_49' title="bbox 316 3116 1276 3170; baseline 0.001 -8"><span class='ocrx_word' id='word_1_314' title='bbox 316 3121 596 3164; x_wconf 88' lang='lat' dir='ltr'>Conventuum</span> <span class='ocrx_word' id='word_1_315' title='bbox 610 3144 627 3167; x_wconf 89' lang='lat'>‚</span> <span class='ocrx_word' id='word_1_316' title='bbox 640 3116 988 3170; x_wconf 65' lang='lat' dir='ltr'>nonsummum,</span> <span class='ocrx_word' id='word_1_317' title='bbox 999 3120 1037 3161; x_wconf 71' lang='grc' dir='ltr'>δι</span> <span class='ocrx_word' id='word_1_318' title='bbox 1053 3121 1276 3164; x_wconf 89' lang='lat' dir='ltr'>Domorum</span> 
     </span>
    </p>

    <p class='ocr_par' dir='ltr' id='par_1_7' title="bbox 317 3174 1275 3235">
     <span class='ocr_line' id='line_1_50' title="bbox 317 3174 1275 3235; baseline -0.005 -14"><span class='ocrx_word' id='word_1_319' title='bbox 317 3175 541 3235; x_wconf 81' lang='lat' dir='ltr'>hujusmodi</span> <span class='ocrx_word' id='word_1_320' title='bbox 556 3174 819 3231; x_wconf 79' lang='lat' dir='ltr'>Regulsrium</span> <span class='ocrx_word' id='word_1_321' title='bbox 835 3177 1039 3232; x_wconf 84' lang='lat' dir='ltr'>,Capituli</span> <span class='ocrx_word' id='word_1_322' title='bbox 1053 3203 1068 3227; x_wconf 91' lang='lat'><strong>‚</strong></span> <span class='ocrx_word' id='word_1_323' title='bbox 1086 3177 1147 3222; x_wconf 89' lang='lat' dir='ltr'>seu</span> <span class='ocrx_word' id='word_1_324' title='bbox 1163 3180 1275 3223; x_wconf 76' lang='lat' dir='ltr'>Con.</span> 
     </span>
    </p>

    <p class='ocr_par' dir='ltr' id='par_1_8' title="bbox 319 3231 1276 3294">
     <span class='ocr_line' id='line_1_51' title="bbox 319 3231 1276 3294; baseline 0.002 -16"><span class='ocrx_word' id='word_1_325' title='bbox 319 3233 563 3294; x_wconf 76' lang='lat' dir='ltr'>gregationis</span> <span class='ocrx_word' id='word_1_326' title='bbox 576 3231 774 3288; x_wconf 82' lang='lat' dir='ltr'>generalis</span> <span class='ocrx_word' id='word_1_327' title='bbox 788 3261 803 3286; x_wconf 84' lang='lat'>‚</span> <span class='ocrx_word' id='word_1_328' title='bbox 829 3233 894 3276; x_wconf 84' lang='lat' dir='ltr'>vel</span> <span class='ocrx_word' id='word_1_329' title='bbox 921 3236 1175 3292; x_wconf 88' lang='lat' dir='ltr'>provincialis</span> <span class='ocrx_word' id='word_1_330' title='bbox 1189 3237 1276 3282; x_wconf 72' lang='lat' dir='ltr'>stn-</span> 
     </span>
    </p>

    <p class='ocr_par' dir='ltr' id='par_1_9' title="bbox 316 3289 1276 3348">
     <span class='ocr_line' id='line_1_52' title="bbox 316 3289 1276 3348; baseline 0.001 -10"><span class='ocrx_word' id='word_1_331' title='bbox 316 3296 438 3338; x_wconf 83' lang='lat' dir='ltr'>tcntia</span> <span class='ocrx_word' id='word_1_332' title='bbox 450 3321 466 3345; x_wconf 86' lang='lat'>‚</span> <span class='ocrx_word' id='word_1_333' title='bbox 477 3294 518 3335; x_wconf 72' lang='grc' dir='ltr'>δι</span> <span class='ocrx_word' id='word_1_334' title='bbox 529 3293 768 3336; x_wconf 72' lang='lat' dir='ltr'>auctoritare</span> <span class='ocrx_word' id='word_1_335' title='bbox 777 3289 1010 3348; x_wconf 67' lang='lat' dir='ltr'>prefinitum</span> <span class='ocrx_word' id='word_1_336' title='bbox 1026 3321 1040 3345; x_wconf 86' lang='lat'>‚</span> <span class='ocrx_word' id='word_1_337' title='bbox 1067 3294 1185 3339; x_wconf 82' lang='lat' dir='ltr'>iidem</span> <span class='ocrx_word' id='word_1_338' title='bbox 1200 3299 1276 3341; x_wconf 85' lang='lat' dir='ltr'>Su-</span> 
     </span>
    </p>

    <p class='ocr_par' dir='ltr' id='par_1_10' title="bbox 317 3349 1273 3409">
     <span class='ocr_line' id='line_1_53' title="bbox 317 3349 1273 3409; baseline 0 -13"><span class='ocrx_word' id='word_1_339' title='bbox 317 3354 517 3409; x_wconf 85' lang='lat' dir='ltr'>periores,</span> <span class='ocrx_word' id='word_1_340' title='bbox 542 3360 625 3393; x_wconf 86' lang='lat' dir='ltr'>tam</span> <span class='ocrx_word' id='word_1_341' title='bbox 656 3349 878 3396; x_wconf 80' lang='lat' dir='ltr'>Generalcs</span> <span class='ocrx_word' id='word_1_342' title='bbox 894 3378 909 3402; x_wconf 91' lang='lat'>,</span> <span class='ocrx_word' id='word_1_343' title='bbox 930 3352 971 3394; x_wconf 71' lang='grc' dir='ltr'>δι</span> <span class='ocrx_word' id='word_1_344' title='bbox 996 3353 1273 3398; x_wconf 82' lang='lat' dir='ltr'>Provinciales</span> 
     </span>
    </p>

    <p class='ocr_par' dir='ltr' id='par_1_11' title="bbox 316 3409 1273 3509">
     <span class='ocr_line' id='line_1_54' title="bbox 316 3409 1273 3509; baseline 0 -57"><span class='ocrx_word' id='word_1_345' title='bbox 316 3424 457 3453; x_wconf 81' lang='lat' dir='ltr'>omnes</span> <span class='ocrx_word' id='word_1_346' title='bbox 471 3439 484 3462; x_wconf 89' lang='lat'>,</span> <span class='ocrx_word' id='word_1_347' title='bbox 510 3410 630 3466; x_wconf 64' lang='lat' dir='ltr'>quim</span> <span class='ocrx_word' id='word_1_348' title='bbox 644 3409 793 3453; x_wconf 83' lang='lat' dir='ltr'>locales</span> <span class='ocrx_word' id='word_1_349' title='bbox 807 3413 1006 3509; x_wconf 48' lang='lat' dir='ltr'>pegpctuo</span> <span class='ocrx_word' id='word_1_350' title='bbox 1021 3411 1176 3457; x_wconf 83' lang='lat' dir='ltr'>servare</span> <span class='ocrx_word' id='word_1_351' title='bbox 1188 3426 1273 3457; x_wconf 78' lang='lat' dir='ltr'>om-</span> 
     </span>
    </p>

    <p class='ocr_par' dir='ltr' id='par_1_12' title="bbox 317 3468 1273 3528">
     <span class='ocr_line' id='line_1_55' title="bbox 317 3468 1273 3528; baseline 0.003 -17"><span class='ocrx_word' id='word_1_352' title='bbox 317 3471 412 3511; x_wconf 81' lang='lat' dir='ltr'>nino</span> <span class='ocrx_word' id='word_1_353' title='bbox 438 3477 675 3521; x_wconf 79' lang='lat' dir='ltr'>tencantur,</span> <span class='ocrx_word' id='word_1_354' title='bbox 702 3481 773 3513; x_wconf 85' lang='lat' dir='ltr'>nec</span> <span class='ocrx_word' id='word_1_355' title='bbox 801 3482 854 3524; x_wconf 90' lang='lat' dir='ltr'>po</span> <span class='ocrx_word' id='word_1_356' title='bbox 882 3478 942 3512; x_wconf 78' lang='lat' dir='ltr'>snt</span> <span class='ocrx_word' id='word_1_357' title='bbox 967 3468 1084 3514; x_wconf 87' lang='lat' dir='ltr'>illum</span> <span class='ocrx_word' id='word_1_358' title='bbox 1108 3485 1273 3528; x_wconf 88' lang='lat' dir='ltr'>quoquo</span> 
     </span>
    </p>

    <p class='ocr_par' dir='ltr' id='par_1_13' title="bbox 314 3526 1271 3586">
     <span class='ocr_line' id='line_1_56' title="bbox 314 3526 1271 3586; baseline 0.005 -17"><span class='ocrx_word' id='word_1_359' title='bbox 314 3526 439 3569; x_wconf 85' lang='lat' dir='ltr'>modo</span> <span class='ocrx_word' id='word_1_360' title='bbox 464 3540 607 3582; x_wconf 79' lang='lat' dir='ltr'>augere</span> <span class='ocrx_word' id='word_1_361' title='bbox 627 3556 643 3579; x_wconf 91' lang='lat'>,</span> <span class='ocrx_word' id='word_1_362' title='bbox 666 3527 789 3571; x_wconf 83' lang='lat' dir='ltr'>etiam</span> <span class='ocrx_word' id='word_1_363' title='bbox 816 3536 1011 3583; x_wconf 69' lang='lat' dir='ltr'>pretextu</span> <span class='ocrx_word' id='word_1_364' title='bbox 1039 3531 1271 3586; x_wconf 86' lang='lat' dir='ltr'>augumenti</span> 
     </span>
    </p>

    <p class='ocr_par' dir='ltr' id='par_1_14' title="bbox 316 3584 1272 3646">
     <span class='ocr_line' id='line_1_57' title="bbox 316 3584 1272 3646; baseline 0.003 -18"><span class='ocrx_word' id='word_1_365' title='bbox 316 3584 548 3629; x_wconf 81' lang='lat' dir='ltr'>reddituum</span> <span class='ocrx_word' id='word_1_366' title='bbox 564 3613 577 3635; x_wconf 86' lang='lat'><strong>‚</strong></span> <span class='ocrx_word' id='word_1_367' title='bbox 601 3585 746 3644; x_wconf 82' lang='lat' dir='ltr'>absque</span> <span class='ocrx_word' id='word_1_368' title='bbox 760 3590 891 3631; x_wconf 68' lang='lat' dir='ltr'>Sacra</span> <span class='ocrx_word' id='word_1_369' title='bbox 903 3585 1019 3643; x_wconf 78' lang='lat' dir='ltr'>ipfius</span> <span class='ocrx_word' id='word_1_370' title='bbox 1032 3590 1124 3632; x_wconf 85' lang='lat' dir='ltr'>Con</span> <span class='ocrx_word' id='word_1_371' title='bbox 1156 3602 1272 3646; x_wconf 81' lang='lat' dir='ltr'>rega·</span> 
     </span>
    </p>

    <p class='ocr_par' dir='ltr' id='par_1_15' title="bbox 315 3642 1272 3703">
     <span class='ocr_line' id='line_1_58' title="bbox 315 3642 1272 3703; baseline 0.004 -16"><span class='ocrx_word' id='word_1_372' title='bbox 315 3642 438 3687; x_wconf 72' lang='lat' dir='ltr'>ttoni·</span> <span class='ocrx_word' id='word_1_373' title='bbox 454 3642 624 3683; x_wconf 81' lang='lat' dir='ltr'>licentia.</span> <span class='ocrx_word' id='word_1_374' title='bbox 641 3649 696 3689; x_wconf 82' lang='lat' dir='ltr'>Su</span> <span class='ocrx_word' id='word_1_375' title='bbox 753 3645 1020 3689; x_wconf 86' lang='lat' dir='ltr'>rioresautem</span> <span class='ocrx_word' id='word_1_376' title='bbox 1030 3645 1123 3703; x_wconf 81' lang='lat' dir='ltr'>huju</span> <span class='ocrx_word' id='word_1_377' title='bbox 1143 3646 1272 3700; x_wconf 84' lang='lat' dir='ltr'>modi,</span> 
     </span>
    </p>

    <p class='ocr_par' dir='ltr' id='par_1_16' title="bbox 314 3657 1270 3760">
     <span class='ocr_line' id='line_1_59' title="bbox 314 3657 1270 3760; baseline 0.004 -15"><span class='ocrx_word' id='word_1_378' title='bbox 314 3700 383 3760; x_wconf 80' lang='lat' dir='ltr'>qui</span> <span class='ocrx_word' id='word_1_379' title='bbox 400 3699 581 3757; x_wconf 69' lang='lat' dir='ltr'>prodiet·</span> <span class='ocrx_word' id='word_1_380' title='bbox 596 3657 795 3745; x_wconf 63' lang='lat' dir='ltr'>omnffin</span> <span class='ocrx_word' id='word_1_381' title='bbox 810 3701 966 3760; x_wconf 74' lang='lat' dir='ltr'>proefixo</span> <span class='ocrx_word' id='word_1_382' title='bbox 993 3706 1168 3751; x_wconf 85' lang='lat' dir='ltr'>termino</span> <span class='ocrx_word' id='word_1_383' title='bbox 1189 3719 1270 3750; x_wconf 86' lang='lat' dir='ltr'>non</span> 
     </span>
    </p>

    <p class='ocr_par' dir='ltr' id='par_1_17' title="bbox 320 3758 1269 3821">
     <span class='ocr_line' id='line_1_60' title="bbox 320 3758 1269 3821; baseline 0.004 -19"><span class='ocrx_word' id='word_1_384' title='bbox 320 3758 597 3817; x_wconf 60' lang='lat' dir='ltr'>palluerint,</span> <span class='ocrx_word' id='word_1_385' title='bbox 620 3760 681 3802; x_wconf 74' lang='lat' dir='ltr'>vel</span> <span class='ocrx_word' id='word_1_386' title='bbox 711 3774 916 3805; x_wconf 84' lang='lat' dir='ltr'>numerum</span> <span class='ocrx_word' id='word_1_387' title='bbox 932 3790 946 3813; x_wconf 87' lang='lat'>,</span> <span class='ocrx_word' id='word_1_388' title='bbox 968 3772 1014 3806; x_wconf 92' lang='lat' dir='ltr'>ut</span> <span class='ocrx_word' id='word_1_389' title='bbox 1038 3762 1149 3820; x_wconf 55' lang='lat' dir='ltr'>supr!</span> <span class='ocrx_word' id='word_1_390' title='bbox 1170 3778 1269 3821; x_wconf 73' lang='lat' dir='ltr'>pr·-</span> 
     </span>
    </p>

    <p class='ocr_par' dir='ltr' id='par_1_18' title="bbox 318 3817 1270 3878">
     <span class='ocr_line' id='line_1_61' title="bbox 318 3817 1270 3878; baseline 0.005 -16"><span class='ocrx_word' id='word_1_391' title='bbox 318 3817 503 3873; x_wconf 81' lang='lat' dir='ltr'>scriptuns</span> <span class='ocrx_word' id='word_1_392' title='bbox 521 3843 536 3868; x_wconf 88' lang='lat'>,</span> <span class='ocrx_word' id='word_1_393' title='bbox 558 3819 699 3874; x_wconf 76' lang='lat' dir='ltr'>quovis</span> <span class='ocrx_word' id='word_1_394' title='bbox 724 3820 848 3863; x_wconf 88' lang='lat' dir='ltr'>modo</span> <span class='ocrx_word' id='word_1_395' title='bbox 863 3834 1010 3877; x_wconf 77' lang='lat' dir='ltr'>augere</span> <span class='ocrx_word' id='word_1_396' title='bbox 1022 3819 1270 3878; x_wconf 69' lang='lat' dir='ltr'>presumpse-</span> 
     </span>
    </p>
   </div>
   <div class='ocr_carea' id='block_1_3' title="bbox 940 215 1789 331">
    <p class='ocr_par' dir='ltr' id='par_1_19' title="bbox 940 215 1789 331">
     <span class='ocr_line' id='line_1_62' title="bbox 940 215 1789 331; baseline 0 -27"><span class='ocrx_word' id='word_1_397' title='bbox 940 216 1098 304; x_wconf 75' lang='lat' dir='ltr'>Sub</span> <span class='ocrx_word' id='word_1_398' title='bbox 1159 216 1506 331; x_wconf 78' lang='lat' dir='ltr'>Gregorio</span> <span class='ocrx_word' id='word_1_399' title='bbox 1568 215 1789 304; x_wconf 84' lang='lat' dir='ltr'>XV.</span> 
     </span>
    </p>
   </div>
   <div class='ocr_carea' id='block_1_4' title="bbox 1329 372 2319 3933">
    <p class='ocr_par' dir='ltr' id='par_1_20' title="bbox 1352 372 2318 824">
     <span class='ocr_line' id='line_1_63' title="bbox 1357 372 2314 429; baseline 0.003 -15"><span class='ocrx_word' id='word_1_400' title='bbox 1357 372 1464 423; x_wconf 87' lang='lat' dir='ltr'>rint,</span> <span class='ocrx_word' id='word_1_401' title='bbox 1491 373 1722 428; x_wconf 83' lang='lat' dir='ltr'>privationis</span> <span class='ocrx_word' id='word_1_402' title='bbox 1741 374 1918 417; x_wconf 89' lang='lat' dir='ltr'>omnium</span> <span class='ocrx_word' id='word_1_403' title='bbox 1943 373 2169 416; x_wconf 87' lang='lat' dir='ltr'>officiorum</span> <span class='ocrx_word' id='word_1_404' title='bbox 2191 399 2206 422; x_wconf 79' lang='lat'>‚</span> <span class='ocrx_word' id='word_1_405' title='bbox 2231 385 2314 429; x_wconf 79' lang='lat' dir='ltr'>qua:</span> 
     </span>
     <span class='ocr_line' id='line_1_64' title="bbox 1355 431 2312 490; baseline 0.001 -17"><span class='ocrx_word' id='word_1_406' title='bbox 1355 442 1451 473; x_wconf 92' lang='lat' dir='ltr'>tunc</span> <span class='ocrx_word' id='word_1_407' title='bbox 1467 434 1655 488; x_wconf 87' lang='lat' dir='ltr'>temporis</span> <span class='ocrx_word' id='word_1_408' title='bbox 1666 433 1910 476; x_wconf 91' lang='lat' dir='ltr'>obtinebunt</span> <span class='ocrx_word' id='word_1_409' title='bbox 1922 457 1937 481; x_wconf 83' lang='lat'>‚</span> <span class='ocrx_word' id='word_1_410' title='bbox 1953 431 2139 490; x_wconf 91' lang='lat' dir='ltr'>vocisque</span> <span class='ocrx_word' id='word_1_411' title='bbox 2150 434 2285 475; x_wconf 71' lang='lat' dir='ltr'>aetivae</span> <span class='ocrx_word' id='word_1_412' title='bbox 2297 456 2312 479; x_wconf 65' lang='lat'>2</span> 
     </span>
     <span class='ocr_line' id='line_1_65' title="bbox 1358 487 2318 546; baseline 0.001 -16"><span class='ocrx_word' id='word_1_413' title='bbox 1358 503 1403 531; x_wconf 91' lang='lat' dir='ltr'>ac</span> <span class='ocrx_word' id='word_1_414' title='bbox 1420 490 1624 545; x_wconf 81' lang='lat' dir='ltr'>paffivae,&amp;</span> <span class='ocrx_word' id='word_1_415' title='bbox 1635 493 1686 533; x_wconf 90' lang='lat' dir='ltr'>ad</span> <span class='ocrx_word' id='word_1_416' title='bbox 1700 492 1832 534; x_wconf 88' lang='lat' dir='ltr'>omnia</span> <span class='ocrx_word' id='word_1_417' title='bbox 1847 487 1919 530; x_wconf 82' lang='lat' dir='ltr'>suae</span> <span class='ocrx_word' id='word_1_418' title='bbox 1931 490 2156 546; x_wconf 85' lang='lat' dir='ltr'>Religionis</span> <span class='ocrx_word' id='word_1_419' title='bbox 2169 489 2318 543; x_wconf 85' lang='lat' dir='ltr'>officia,</span> 
     </span>
     <span class='ocr_line' id='line_1_66' title="bbox 1356 546 2315 605; baseline 0.001 -15"><span class='ocrx_word' id='word_1_420' title='bbox 1356 549 1395 590; x_wconf 86' lang='lat'>&amp;</span> <span class='ocrx_word' id='word_1_421' title='bbox 1422 548 1567 603; x_wconf 88' lang='lat' dir='ltr'>gradus</span> <span class='ocrx_word' id='word_1_422' title='bbox 1599 546 1864 592; x_wconf 87' lang='lat' dir='ltr'>inhabilitatis</span> <span class='ocrx_word' id='word_1_423' title='bbox 1894 559 2128 603; x_wconf 87' lang='lat' dir='ltr'>perpetuam</span> <span class='ocrx_word' id='word_1_424' title='bbox 2154 563 2315 605; x_wconf 89' lang='lat' dir='ltr'>poenam</span> 
     </span>
     <span class='ocr_line' id='line_1_67' title="bbox 1353 605 2315 665; baseline 0.004 -18"><span class='ocrx_word' id='word_1_425' title='bbox 1353 605 1494 663; x_wconf 81' lang='lat' dir='ltr'>eoipso</span> <span class='ocrx_word' id='word_1_426' title='bbox 1521 609 1730 651; x_wconf 88' lang='lat' dir='ltr'>incurrere</span> <span class='ocrx_word' id='word_1_427' title='bbox 1746 635 1760 658; x_wconf 86' lang='lat'>,</span> <span class='ocrx_word' id='word_1_428' title='bbox 1783 614 1905 660; x_wconf 85' lang='lat' dir='ltr'>atque</span> <span class='ocrx_word' id='word_1_429' title='bbox 1915 605 2004 649; x_wconf 87' lang='lat' dir='ltr'>aliis</span> <span class='ocrx_word' id='word_1_430' title='bbox 2013 607 2134 650; x_wconf 88' lang='lat' dir='ltr'>etiam</span> <span class='ocrx_word' id='word_1_431' title='bbox 2153 609 2315 665; x_wconf 88' lang='lat' dir='ltr'>gravio-</span> 
     </span>
     <span class='ocr_line' id='line_1_68' title="bbox 1352 663 2312 722; baseline 0.002 -15"><span class='ocrx_word' id='word_1_432' title='bbox 1352 666 1461 708; x_wconf 84' lang='lat' dir='ltr'>ribus</span> <span class='ocrx_word' id='word_1_433' title='bbox 1483 668 1507 710; x_wconf 75' lang='grc' dir='ltr'>ὲ</span> <span class='ocrx_word' id='word_1_434' title='bbox 1522 666 1628 709; x_wconf 86' lang='lat' dir='ltr'>Sede</span> <span class='ocrx_word' id='word_1_435' title='bbox 1652 663 1888 720; x_wconf 84' lang='lat' dir='ltr'>Apostolica</span> <span class='ocrx_word' id='word_1_436' title='bbox 1911 663 2141 721; x_wconf 86' lang='lat' dir='ltr'>infligendis</span> <span class='ocrx_word' id='word_1_437' title='bbox 2162 668 2312 722; x_wconf 84' lang='lat' dir='ltr'>poenis,</span> 
     </span>
     <span class='ocr_line' id='line_1_69' title="bbox 1354 721 2312 780; baseline 0.001 -14"><span class='ocrx_word' id='word_1_438' title='bbox 1354 728 1471 767; x_wconf 87' lang='lat' dir='ltr'>Sacra</span> <span class='ocrx_word' id='word_1_439' title='bbox 1482 725 1763 780; x_wconf 85' lang='lat' dir='ltr'>Congregatio</span> <span class='ocrx_word' id='word_1_440' title='bbox 1778 721 1986 778; x_wconf 89' lang='lat' dir='ltr'>subjacere</span> <span class='ocrx_word' id='word_1_441' title='bbox 1999 725 2157 778; x_wconf 86' lang='lat' dir='ltr'>voluit,</span> <span class='ocrx_word' id='word_1_442' title='bbox 2179 726 2220 767; x_wconf 79' lang='grc' dir='ltr'>δι</span> <span class='ocrx_word' id='word_1_443' title='bbox 2238 724 2312 767; x_wconf 91' lang='lat' dir='ltr'>de-</span> 
     </span>
     <span class='ocr_line' id='line_1_70' title="bbox 1355 782 1556 824; baseline 0.005 -2"><span class='ocrx_word' id='word_1_444' title='bbox 1355 782 1528 824; x_wconf 86' lang='lat' dir='ltr'>claravit</span> <span class='ocrx_word' id='word_1_445' title='bbox 1543 814 1556 823; x_wconf 85' lang='lat'>.</span> 
     </span>
    </p>

    <p class='ocr_par' dir='ltr' id='par_1_21' title="bbox 1351 839 2319 1827">
     <span class='ocr_line' id='line_1_71' title="bbox 1472 839 2319 894; baseline 0.002 -12"><span class='ocrx_word' id='word_1_446' title='bbox 1472 840 1675 894; x_wconf 88' lang='lat' dir='ltr'>Deinceps</span> <span class='ocrx_word' id='word_1_447' title='bbox 1691 839 1789 881; x_wconf 78' lang='lat' dir='ltr'>vero</span> <span class='ocrx_word' id='word_1_448' title='bbox 1798 839 2083 885; x_wconf 86' lang='lat' dir='ltr'>Monasterium</span> <span class='ocrx_word' id='word_1_449' title='bbox 2097 870 2113 894; x_wconf 83' lang='lat'><strong>,</strong></span> <span class='ocrx_word' id='word_1_450' title='bbox 2125 845 2319 886; x_wconf 49' lang='lat' dir='ltr'>Convenss</span> 
     </span>
     <span class='ocr_line' id='line_1_72' title="bbox 1354 898 2316 953; baseline 0.001 -13"><span class='ocrx_word' id='word_1_451' title='bbox 1354 906 1445 949; x_wconf 83' lang='lat' dir='ltr'>tus,</span> <span class='ocrx_word' id='word_1_452' title='bbox 1477 901 1634 940; x_wconf 88' lang='lat' dir='ltr'>Domus</span> <span class='ocrx_word' id='word_1_453' title='bbox 1657 926 1674 948; x_wconf 90' lang='lat'>,</span> <span class='ocrx_word' id='word_1_454' title='bbox 1699 898 1978 953; x_wconf 81' lang='lat' dir='ltr'>congregatio</span> <span class='ocrx_word' id='word_1_455' title='bbox 2003 926 2017 951; x_wconf 80' lang='lat'><strong>,</strong></span> <span class='ocrx_word' id='word_1_456' title='bbox 2042 901 2108 943; x_wconf 90' lang='lat' dir='ltr'>vel</span> <span class='ocrx_word' id='word_1_457' title='bbox 2134 901 2316 944; x_wconf 87' lang='lat' dir='ltr'>Societas</span> 
     </span>
     <span class='ocr_line' id='line_1_73' title="bbox 1355 955 2315 1012; baseline 0.003 -14"><span class='ocrx_word' id='word_1_458' title='bbox 1355 956 1677 1012; x_wconf 86' lang='lat' dir='ltr'>Religiosurum‚</span> <span class='ocrx_word' id='word_1_459' title='bbox 1693 955 1758 998; x_wconf 70' lang='lat' dir='ltr'>stu</span> <span class='ocrx_word' id='word_1_460' title='bbox 1774 955 2040 1012; x_wconf 86' lang='lat' dir='ltr'>Regularium</span> <span class='ocrx_word' id='word_1_461' title='bbox 2051 984 2066 1007; x_wconf 83' lang='lat'>‚</span> <span class='ocrx_word' id='word_1_462' title='bbox 2088 958 2233 1001; x_wconf 90' lang='lat' dir='ltr'>nullibi</span> <span class='ocrx_word' id='word_1_463' title='bbox 2249 973 2315 1000; x_wconf 89' lang='lat' dir='ltr'>re-</span> 
     </span>
     <span class='ocr_line' id='line_1_74' title="bbox 1351 1013 2312 1074; baseline 0.004 -19"><span class='ocrx_word' id='word_1_464' title='bbox 1351 1015 1522 1068; x_wconf 90' lang='lat' dir='ltr'>cipiatur</span> <span class='ocrx_word' id='word_1_465' title='bbox 1539 1043 1555 1065; x_wconf 91' lang='lat'>‚</span> <span class='ocrx_word' id='word_1_466' title='bbox 1572 1014 1640 1056; x_wconf 87' lang='lat' dir='ltr'>nifi</span> <span class='ocrx_word' id='word_1_467' title='bbox 1657 1039 1673 1063; x_wconf 80' lang='lat'>‚</span> <span class='ocrx_word' id='word_1_468' title='bbox 1689 1024 1835 1070; x_wconf 83' lang='lat' dir='ltr'>praeter</span> <span class='ocrx_word' id='word_1_469' title='bbox 1845 1014 1925 1055; x_wconf 88' lang='lat' dir='ltr'>alia</span> <span class='ocrx_word' id='word_1_470' title='bbox 1935 1013 1986 1056; x_wconf 87' lang='lat' dir='ltr'>ad</span> <span class='ocrx_word' id='word_1_471' title='bbox 1997 1015 2037 1056; x_wconf 94' lang='lat' dir='ltr'>id</span> <span class='ocrx_word' id='word_1_472' title='bbox 2054 1015 2258 1074; x_wconf 87' lang='lat' dir='ltr'>requifita,</span> <span class='ocrx_word' id='word_1_473' title='bbox 2273 1017 2312 1058; x_wconf 92' lang='lat' dir='ltr'>in</span> 
     </span>
     <span class='ocr_line' id='line_1_75' title="bbox 1356 1071 2315 1128; baseline 0.006 -16"><span class='ocrx_word' id='word_1_474' title='bbox 1356 1071 1517 1128; x_wconf 73' lang='lat' dir='ltr'>singulis</span> <span class='ocrx_word' id='word_1_475' title='bbox 1548 1072 1738 1128; x_wconf 90' lang='lat' dir='ltr'>ejusmodi</span> <span class='ocrx_word' id='word_1_476' title='bbox 1766 1073 1867 1115; x_wconf 89' lang='lat' dir='ltr'>locis</span> <span class='ocrx_word' id='word_1_477' title='bbox 1892 1072 2109 1116; x_wconf 88' lang='lat' dir='ltr'>duodecim</span> <span class='ocrx_word' id='word_1_478' title='bbox 2136 1072 2315 1118; x_wconf 58' lang='lat' dir='ltr'>sautem„</span> 
     </span>
     <span class='ocr_line' id='line_1_76' title="bbox 1355 1129 2317 1188; baseline 0.004 -16"><span class='ocrx_word' id='word_1_479' title='bbox 1355 1132 1517 1173; x_wconf 83' lang='lat' dir='ltr'>Fratres</span> <span class='ocrx_word' id='word_1_480' title='bbox 1530 1159 1544 1182; x_wconf 90' lang='lat'><em>‚</em></span> <span class='ocrx_word' id='word_1_481' title='bbox 1565 1140 1637 1174; x_wconf 91' lang='lat' dir='ltr'>aut</span> <span class='ocrx_word' id='word_1_482' title='bbox 1652 1132 1841 1175; x_wconf 88' lang='lat' dir='ltr'>Monachi</span> <span class='ocrx_word' id='word_1_483' title='bbox 1856 1157 1871 1179; x_wconf 70' lang='lat' dir='ltr'>s</span> <span class='ocrx_word' id='word_1_484' title='bbox 1898 1129 1965 1174; x_wconf 73' lang='lat' dir='ltr'>seu</span> <span class='ocrx_word' id='word_1_485' title='bbox 1981 1131 2175 1188; x_wconf 77' lang='lat' dir='ltr'>Religion</span> <span class='ocrx_word' id='word_1_486' title='bbox 2189 1133 2317 1187; x_wconf 86' lang='lat' dir='ltr'>dege-</span> 
     </span>
     <span class='ocr_line' id='line_1_77' title="bbox 1352 1189 2316 1247; baseline 0.001 -16"><span class='ocrx_word' id='word_1_487' title='bbox 1352 1203 1396 1232; x_wconf 91' lang='lat' dir='ltr'>re</span> <span class='ocrx_word' id='word_1_488' title='bbox 1408 1215 1422 1239; x_wconf 81' lang='lat'><strong>,</strong></span> <span class='ocrx_word' id='word_1_489' title='bbox 1435 1191 1531 1232; x_wconf 82' lang='lat' dir='ltr'>&amp;ex</span> <span class='ocrx_word' id='word_1_490' title='bbox 1544 1189 1770 1233; x_wconf 90' lang='lat' dir='ltr'>redditibus</span> <span class='ocrx_word' id='word_1_491' title='bbox 1782 1218 1797 1241; x_wconf 86' lang='lat'>,</span> <span class='ocrx_word' id='word_1_492' title='bbox 1823 1191 1865 1232; x_wconf 76' lang='grc' dir='ltr'>δι</span> <span class='ocrx_word' id='word_1_493' title='bbox 1882 1190 2080 1233; x_wconf 86' lang='lat' dir='ltr'>consuetis</span> <span class='ocrx_word' id='word_1_494' title='bbox 2094 1190 2316 1247; x_wconf 81' lang='lat' dir='ltr'>eleemosy-</span> 
     </span>
     <span class='ocr_line' id='line_1_78' title="bbox 1352 1247 2315 1304; baseline 0 -14"><span class='ocrx_word' id='word_1_495' title='bbox 1352 1248 1436 1298; x_wconf 84' lang='lat' dir='ltr'>nis,</span> <span class='ocrx_word' id='word_1_496' title='bbox 1450 1250 1643 1292; x_wconf 68' lang='lat' dir='ltr'>detrastis</span> <span class='ocrx_word' id='word_1_497' title='bbox 1655 1249 1842 1301; x_wconf 89' lang='lat' dir='ltr'>omnibus</span> <span class='ocrx_word' id='word_1_498' title='bbox 1856 1274 1871 1297; x_wconf 82' lang='lat'>‚</span> <span class='ocrx_word' id='word_1_499' title='bbox 1885 1257 1931 1292; x_wconf 92' lang='lat' dir='ltr'>ut</span> <span class='ocrx_word' id='word_1_500' title='bbox 1945 1247 2059 1304; x_wconf 65' lang='lat' dir='ltr'>{upra</span> <span class='ocrx_word' id='word_1_501' title='bbox 2073 1277 2088 1301; x_wconf 69' lang='lat'><em>2</em></span> <span class='ocrx_word' id='word_1_502' title='bbox 2102 1249 2315 1294; x_wconf 80' lang='lat' dir='ltr'>detrahen-</span> 
     </span>
     <span class='ocr_line' id='line_1_79' title="bbox 1353 1306 2317 1362; baseline 0.003 -14"><span class='ocrx_word' id='word_1_503' title='bbox 1353 1306 1447 1355; x_wconf 80' lang='lat' dir='ltr'>dis,</span> <span class='ocrx_word' id='word_1_504' title='bbox 1471 1317 1756 1362; x_wconf 89' lang='lat' dir='ltr'>competenter</span> <span class='ocrx_word' id='word_1_505' title='bbox 1786 1306 1992 1350; x_wconf 77' lang='lat' dir='ltr'>sustentari</span> <span class='ocrx_word' id='word_1_506' title='bbox 2027 1308 2193 1352; x_wconf 87' lang='lat' dir='ltr'>valeant</span> <span class='ocrx_word' id='word_1_507' title='bbox 2216 1336 2232 1360; x_wconf 84' lang='lat'><strong>,</strong></span> <span class='ocrx_word' id='word_1_508' title='bbox 2265 1308 2317 1351; x_wconf 88' lang='lat' dir='ltr'>ad</span> 
     </span>
     <span class='ocr_line' id='line_1_80' title="bbox 1353 1363 2313 1423; baseline 0.003 -17"><span class='ocrx_word' id='word_1_509' title='bbox 1353 1363 1627 1421; x_wconf 67' lang='lat' dir='ltr'>prescriptum</span> <span class='ocrx_word' id='word_1_510' title='bbox 1645 1365 1811 1409; x_wconf 91' lang='lat' dir='ltr'>Decreti</span> <span class='ocrx_word' id='word_1_511' title='bbox 1834 1363 1904 1407; x_wconf 78' lang='lat' dir='ltr'>fel.</span> <span class='ocrx_word' id='word_1_512' title='bbox 1919 1377 1999 1408; x_wconf 87' lang='lat' dir='ltr'>rec·</span> <span class='ocrx_word' id='word_1_513' title='bbox 2011 1366 2203 1423; x_wconf 79' lang='lat' dir='ltr'>Gregorii</span> <span class='ocrx_word' id='word_1_514' title='bbox 2217 1368 2313 1409; x_wconf 83' lang='lat' dir='ltr'>XV.</span> 
     </span>
     <span class='ocr_line' id='line_1_81' title="bbox 1352 1422 2316 1480; baseline 0.002 -13"><span class='ocrx_word' id='word_1_515' title='bbox 1352 1424 1427 1467; x_wconf 87' lang='lat' dir='ltr'>hae</span> <span class='ocrx_word' id='word_1_516' title='bbox 1451 1422 1504 1464; x_wconf 90' lang='lat' dir='ltr'>de</span> <span class='ocrx_word' id='word_1_517' title='bbox 1530 1438 1574 1466; x_wconf 90' lang='lat' dir='ltr'>re</span> <span class='ocrx_word' id='word_1_518' title='bbox 1594 1424 1722 1476; x_wconf 81' lang='lat' dir='ltr'>editi3</span> <span class='ocrx_word' id='word_1_519' title='bbox 1753 1423 1949 1480; x_wconf 87' lang='lat' dir='ltr'>Alioquin</span> <span class='ocrx_word' id='word_1_520' title='bbox 1970 1423 2209 1468; x_wconf 85' lang='lat' dir='ltr'>Monasteria</span> <span class='ocrx_word' id='word_1_521' title='bbox 2230 1450 2245 1474; x_wconf 76' lang='lat' dir='ltr'>s</span> <span class='ocrx_word' id='word_1_522' title='bbox 2274 1426 2316 1468; x_wconf 85' lang='grc' dir='ltr'>8ι</span> 
     </span>
     <span class='ocr_line' id='line_1_82' title="bbox 1352 1481 2318 1539; baseline 0.002 -16"><span class='ocrx_word' id='word_1_523' title='bbox 1352 1482 1443 1523; x_wconf 91' lang='lat' dir='ltr'>loca</span> <span class='ocrx_word' id='word_1_524' title='bbox 1458 1481 1686 1536; x_wconf 83' lang='lat' dir='ltr'>hujusmodi</span> <span class='ocrx_word' id='word_1_525' title='bbox 1700 1481 1786 1535; x_wconf 84' lang='lat' dir='ltr'>post</span> <span class='ocrx_word' id='word_1_526' title='bbox 1801 1482 1877 1525; x_wconf 85' lang='lat' dir='ltr'>hac</span> <span class='ocrx_word' id='word_1_527' title='bbox 1889 1482 2121 1536; x_wconf 88' lang='lat' dir='ltr'>recipienda</span> <span class='ocrx_word' id='word_1_528' title='bbox 2135 1509 2150 1531; x_wconf 85' lang='lat'>,</span> <span class='ocrx_word' id='word_1_529' title='bbox 2178 1486 2218 1524; x_wconf 88' lang='lat' dir='ltr'>in</span> <span class='ocrx_word' id='word_1_530' title='bbox 2231 1486 2318 1539; x_wconf 90' lang='lat' dir='ltr'>qui·-</span> 
     </span>
     <span class='ocr_line' id='line_1_83' title="bbox 1353 1537 2318 1594; baseline 0.004 -15"><span class='ocrx_word' id='word_1_531' title='bbox 1353 1539 1425 1579; x_wconf 88' lang='lat' dir='ltr'>bus</span> <span class='ocrx_word' id='word_1_532' title='bbox 1437 1537 1651 1580; x_wconf 86' lang='lat' dir='ltr'>duodecim</span> <span class='ocrx_word' id='word_1_533' title='bbox 1666 1538 1859 1593; x_wconf 85' lang='lat' dir='ltr'>Religiofi</span> <span class='ocrx_word' id='word_1_534' title='bbox 1873 1564 1888 1587; x_wconf 78' lang='lat'>,</span> <span class='ocrx_word' id='word_1_535' title='bbox 1898 1548 1945 1581; x_wconf 92' lang='lat' dir='ltr'>ut</span> <span class='ocrx_word' id='word_1_536' title='bbox 1957 1538 2070 1594; x_wconf 65' lang='lat' dir='ltr'>supra</span> <span class='ocrx_word' id='word_1_537' title='bbox 2081 1567 2099 1590; x_wconf 88' lang='lat'>,</span> <span class='ocrx_word' id='word_1_538' title='bbox 2127 1538 2318 1590; x_wconf 79' lang='lat' dir='ltr'>sustenta-</span> 
     </span>
     <span class='ocr_line' id='line_1_84' title="bbox 1353 1594 2317 1708; baseline 0.013 -15"><span class='ocrx_word' id='word_1_539' title='bbox 1353 1594 2317 1708; x_wconf 50' lang='lat' dir='ltr'>{1¹11’25ss{³133gizssibfb‘ffiissssfffi{2¹3⁰Ci’11333313&#39;1&#39;2</span> 
     </span>
     <span class='ocr_line' id='line_1_85' title="bbox 1354 1711 2317 1771; baseline 0.008 -18"><span class='ocrx_word' id='word_1_540' title='bbox 1354 1711 1625 1763; x_wconf 63' lang='lat' dir='ltr'>correctioni,</span> <span class='ocrx_word' id='word_1_541' title='bbox 1656 1722 1779 1766; x_wconf 86' lang='lat' dir='ltr'>atque</span> <span class='ocrx_word' id='word_1_542' title='bbox 1790 1714 2034 1758; x_wconf 71' lang='lat' dir='ltr'>omnimode</span> <span class='ocrx_word' id='word_1_543' title='bbox 2055 1712 2317 1771; x_wconf 67' lang='lat' dir='ltr'>jurisdictioni</span> 
     </span>
     <span class='ocr_line' id='line_1_86' title="bbox 1353 1767 1937 1827; baseline 0 -15"><span class='ocrx_word' id='word_1_544' title='bbox 1353 1767 1529 1824; x_wconf 60' lang='lat' dir='ltr'>subjecta</span> <span class='ocrx_word' id='word_1_545' title='bbox 1538 1768 1615 1813; x_wconf 82' lang='lat' dir='ltr'>effe</span> <span class='ocrx_word' id='word_1_546' title='bbox 1626 1769 1908 1827; x_wconf 87' lang='lat' dir='ltr'>intelligantur</span> <span class='ocrx_word' id='word_1_547' title='bbox 1922 1801 1937 1812; x_wconf 92' lang='lat'><strong>.</strong></span> 
     </span>
    </p>

    <p class='ocr_par' dir='ltr' id='par_1_22' title="bbox 1336 1829 2318 2810">
     <span class='ocr_line' id='line_1_87' title="bbox 1468 1829 2315 1889; baseline 0.008 -18"><span class='ocrx_word' id='word_1_548' title='bbox 1468 1831 1600 1871; x_wconf 84' lang='lat' dir='ltr'>Porro</span> <span class='ocrx_word' id='word_1_549' title='bbox 1616 1857 1631 1881; x_wconf 89' lang='lat'><strong>,</strong></span> <span class='ocrx_word' id='word_1_550' title='bbox 1662 1843 1713 1872; x_wconf 91' lang='lat' dir='ltr'>ne</span> <span class='ocrx_word' id='word_1_551' title='bbox 1737 1829 1822 1874; x_wconf 91' lang='lat' dir='ltr'>ullo</span> <span class='ocrx_word' id='word_1_552' title='bbox 1835 1843 2007 1888; x_wconf 89' lang='lat' dir='ltr'>unquam</span> <span class='ocrx_word' id='word_1_553' title='bbox 2021 1841 2208 1889; x_wconf 87' lang='lat' dir='ltr'>tempore</span> <span class='ocrx_word' id='word_1_554' title='bbox 2232 1834 2315 1878; x_wconf 81' lang='lat' dir='ltr'>haec</span> 
     </span>
     <span class='ocr_line' id='line_1_88' title="bbox 1350 1886 2312 1945; baseline 0.008 -16"><span class='ocrx_word' id='word_1_555' title='bbox 1350 1886 1391 1929; x_wconf 89' lang='lat' dir='ltr'>in</span> <span class='ocrx_word' id='word_1_556' title='bbox 1415 1887 1663 1932; x_wconf 83' lang='lat' dir='ltr'>oblivionem</span> <span class='ocrx_word' id='word_1_557' title='bbox 1678 1916 1692 1939; x_wconf 89' lang='lat'><strong>,</strong></span> <span class='ocrx_word' id='word_1_558' title='bbox 1716 1889 1780 1931; x_wconf 72' lang='lat' dir='ltr'>seu</span> <span class='ocrx_word' id='word_1_559' title='bbox 1804 1887 2109 1934; x_wconf 75' lang='lat' dir='ltr'>desuetudinem</span> <span class='ocrx_word' id='word_1_560' title='bbox 2135 1893 2312 1945; x_wconf 88' lang='lat' dir='ltr'>abeant,</span> 
     </span>
     <span class='ocr_line' id='line_1_89' title="bbox 1349 1946 2311 2005; baseline 0.004 -15"><span class='ocrx_word' id='word_1_561' title='bbox 1349 1947 1585 2000; x_wconf 89' lang='lat' dir='ltr'>Superiores</span> <span class='ocrx_word' id='word_1_562' title='bbox 1629 1946 1782 1989; x_wconf 88' lang='lat' dir='ltr'>locales</span> <span class='ocrx_word' id='word_1_563' title='bbox 1814 1946 2001 2005; x_wconf 85' lang='lat' dir='ltr'>cujusque</span> <span class='ocrx_word' id='word_1_564' title='bbox 2033 1950 2261 1994; x_wconf 77' lang='lat' dir='ltr'>Monasterii</span> <span class='ocrx_word' id='word_1_565' title='bbox 2293 1979 2311 2004; x_wconf 59' lang='lat'><em>2</em></span> 
     </span>
     <span class='ocr_line' id='line_1_90' title="bbox 1349 2003 2303 2062; baseline 0.007 -16"><span class='ocrx_word' id='word_1_566' title='bbox 1349 2003 1614 2050; x_wconf 68' lang='lat' dir='ltr'>Conventus,</span> <span class='ocrx_word' id='word_1_567' title='bbox 1642 2018 1687 2046; x_wconf 89' lang='lat' dir='ltr'>ac</span> <span class='ocrx_word' id='word_1_568' title='bbox 1706 2003 1860 2047; x_wconf 78' lang='lat' dir='ltr'>Domfis</span> <span class='ocrx_word' id='word_1_569' title='bbox 1889 2006 2106 2062; x_wconf 84' lang='lat' dir='ltr'>Regularis</span> <span class='ocrx_word' id='word_1_570' title='bbox 2134 2022 2303 2059; x_wconf 75' lang='lat' dir='ltr'>curare,</span> 
     </span>
     <span class='ocr_line' id='line_1_91' title="bbox 1352 2062 2314 2122; baseline 0.01 -20"><span class='ocrx_word' id='word_1_571' title='bbox 1352 2070 1473 2116; x_wconf 89' lang='lat' dir='ltr'>atque</span> <span class='ocrx_word' id='word_1_572' title='bbox 1484 2062 1643 2106; x_wconf 87' lang='lat' dir='ltr'>efficere</span> <span class='ocrx_word' id='word_1_573' title='bbox 1656 2073 1870 2107; x_wconf 87' lang='lat' dir='ltr'>teneantur</span> <span class='ocrx_word' id='word_1_574' title='bbox 1893 2064 1960 2108; x_wconf 87' lang='lat' dir='ltr'>sub</span> <span class='ocrx_word' id='word_1_575' title='bbox 1979 2079 2100 2122; x_wconf 85' lang='lat' dir='ltr'>poena</span> <span class='ocrx_word' id='word_1_576' title='bbox 2116 2067 2314 2122; x_wconf 81' lang='lat' dir='ltr'>privatio·</span> 
     </span>
     <span class='ocr_line' id='line_1_92' title="bbox 1353 2119 2310 2182; baseline 0.009 -21"><span class='ocrx_word' id='word_1_577' title='bbox 1353 2119 1414 2162; x_wconf 89' lang='lat' dir='ltr'>nis</span> <span class='ocrx_word' id='word_1_578' title='bbox 1426 2120 1575 2174; x_wconf 86' lang='lat' dir='ltr'>officii,</span> <span class='ocrx_word' id='word_1_579' title='bbox 1608 2120 1792 2178; x_wconf 88' lang='lat' dir='ltr'>vocisque</span> <span class='ocrx_word' id='word_1_580' title='bbox 1823 2122 1982 2177; x_wconf 73' lang='lat' dir='ltr'>afflvae,</span> <span class='ocrx_word' id='word_1_581' title='bbox 2005 2125 2046 2167; x_wconf 67' lang='grc' dir='ltr'><strong>ἃ</strong></span> <span class='ocrx_word' id='word_1_582' title='bbox 2059 2124 2310 2182; x_wconf 76' lang='lat' dir='ltr'>paffivaeipso</span> 
     </span>
     <span class='ocr_line' id='line_1_93' title="bbox 1351 2176 2310 2240; baseline 0.009 -20"><span class='ocrx_word' id='word_1_583' title='bbox 1351 2176 1458 2221; x_wconf 69' lang='lat' dir='ltr'>sano</span> <span class='ocrx_word' id='word_1_584' title='bbox 1482 2180 1748 2230; x_wconf 83' lang='lat' dir='ltr'>incurrenda,</span> <span class='ocrx_word' id='word_1_585' title='bbox 1779 2189 1824 2224; x_wconf 91' lang='lat' dir='ltr'>ut</span> <span class='ocrx_word' id='word_1_586' title='bbox 1849 2181 1888 2224; x_wconf 91' lang='lat' dir='ltr'>in</span> <span class='ocrx_word' id='word_1_587' title='bbox 1909 2193 2179 2240; x_wconf 82' lang='lat' dir='ltr'>perpetuum,</span> <span class='ocrx_word' id='word_1_588' title='bbox 2197 2183 2310 2229; x_wconf 83' lang='lat' dir='ltr'>sexto</span> 
     </span>
     <span class='ocr_line' id='line_1_94' title="bbox 1347 2237 2318 2299; baseline 0.008 -19"><span class='ocrx_word' id='word_1_589' title='bbox 1347 2251 1508 2295; x_wconf 89' lang='lat' dir='ltr'>quoque</span> <span class='ocrx_word' id='word_1_590' title='bbox 1523 2237 1680 2288; x_wconf 79' lang='lat' dir='ltr'>mense,</span> <span class='ocrx_word' id='word_1_591' title='bbox 1705 2238 1806 2282; x_wconf 75' lang='lat' dir='ltr'>idest</span> <span class='ocrx_word' id='word_1_592' title='bbox 1833 2237 1931 2282; x_wconf 84' lang='lat' dir='ltr'>feria</span> <span class='ocrx_word' id='word_1_593' title='bbox 1947 2243 2118 2287; x_wconf 88' lang='lat' dir='ltr'>secunda</span> <span class='ocrx_word' id='word_1_594' title='bbox 2130 2242 2215 2299; x_wconf 83' lang='lat' dir='ltr'>post</span> <span class='ocrx_word' id='word_1_595' title='bbox 2224 2245 2318 2299; x_wconf 75' lang='lat' dir='ltr'>pri-</span> 
     </span>
     <span class='ocr_line' id='line_1_95' title="bbox 1348 2296 2307 2352; baseline 0.007 -14"><span class='ocrx_word' id='word_1_596' title='bbox 1348 2309 1453 2338; x_wconf 88' lang='lat' dir='ltr'>mam</span> <span class='ocrx_word' id='word_1_597' title='bbox 1472 2297 1725 2341; x_wconf 84' lang='lat' dir='ltr'>Dominicam</span> <span class='ocrx_word' id='word_1_598' title='bbox 1739 2296 1978 2352; x_wconf 71' lang='lat' dir='ltr'>Adventds‚</span> <span class='ocrx_word' id='word_1_599' title='bbox 2002 2301 2041 2344; x_wconf 75' lang='grc' dir='ltr'>ει</span> <span class='ocrx_word' id='word_1_600' title='bbox 2072 2299 2169 2345; x_wconf 86' lang='lat' dir='ltr'>seria</span> <span class='ocrx_word' id='word_1_601' title='bbox 2194 2300 2307 2345; x_wconf 83' lang='lat' dir='ltr'>serta</span> 
     </span>
     <span class='ocr_line' id='line_1_96' title="bbox 1348 2355 2306 2417; baseline 0.007 -19"><span class='ocrx_word' id='word_1_602' title='bbox 1348 2355 1436 2412; x_wconf 84' lang='lat' dir='ltr'>post</span> <span class='ocrx_word' id='word_1_603' title='bbox 1467 2358 1660 2400; x_wconf 70' lang='lat' dir='ltr'>Octavam</span> <span class='ocrx_word' id='word_1_604' title='bbox 1689 2359 1777 2401; x_wconf 86' lang='lat' dir='ltr'>Cor</span> <span class='ocrx_word' id='word_1_605' title='bbox 1832 2359 1885 2401; x_wconf 86' lang='lat' dir='ltr'>ris</span> <span class='ocrx_word' id='word_1_606' title='bbox 1909 2358 2060 2403; x_wconf 83' lang='lat' dir='ltr'>Christi</span> <span class='ocrx_word' id='word_1_607' title='bbox 2097 2358 2306 2417; x_wconf 71' lang='lat' dir='ltr'>presentes</span> 
     </span>
     <span class='ocr_line' id='line_1_97' title="bbox 1343 2370 2305 2476; baseline 0.007 -20"><span class='ocrx_word' id='word_1_608' title='bbox 1343 2414 1622 2458; x_wconf 79' lang='lat' dir='ltr'>ordinationes</span> <span class='ocrx_word' id='word_1_609' title='bbox 1638 2415 1677 2458; x_wconf 92' lang='lat' dir='ltr'>in</span> <span class='ocrx_word' id='word_1_610' title='bbox 1693 2370 1857 2472; x_wconf 57' lang='lat' dir='ltr'>pubi’ssa</span> <span class='ocrx_word' id='word_1_611' title='bbox 1872 2416 2003 2460; x_wconf 70' lang='lat' dir='ltr'>mensa</span> <span class='ocrx_word' id='word_1_612' title='bbox 2018 2420 2283 2476; x_wconf 80' lang='lat' dir='ltr'>perlegantur</span> <span class='ocrx_word' id='word_1_613' title='bbox 2293 2450 2305 2462; x_wconf 88' lang='lat'><em>.</em></span> 
     </span>
     <span class='ocr_line' id='line_1_98' title="bbox 1342 2473 2304 2534; baseline 0.005 -18"><span class='ocrx_word' id='word_1_614' title='bbox 1342 2474 1539 2517; x_wconf 84' lang='lat' dir='ltr'>Omnibus</span> <span class='ocrx_word' id='word_1_615' title='bbox 1553 2483 1638 2517; x_wconf 88' lang='lat' dir='ltr'>tam</span> <span class='ocrx_word' id='word_1_616' title='bbox 1654 2473 1934 2519; x_wconf 78' lang='lat' dir='ltr'>Ecclefiasticis</span> <span class='ocrx_word' id='word_1_617' title='bbox 1951 2476 2129 2532; x_wconf 89' lang='lat' dir='ltr'>personis</span> <span class='ocrx_word' id='word_1_618' title='bbox 2141 2504 2156 2528; x_wconf 73' lang='lat' dir='ltr'>s</span> <span class='ocrx_word' id='word_1_619' title='bbox 2169 2477 2304 2534; x_wconf 86' lang='lat' dir='ltr'>cujus-</span> 
     </span>
     <span class='ocr_line' id='line_1_99' title="bbox 1342 2532 2303 2592; baseline 0.004 -17"><span class='ocrx_word' id='word_1_620' title='bbox 1342 2546 1499 2589; x_wconf 87' lang='lat' dir='ltr'>cunque</span> <span class='ocrx_word' id='word_1_621' title='bbox 1510 2532 1582 2576; x_wconf 83' lang='lat' dir='ltr'>lint</span> <span class='ocrx_word' id='word_1_622' title='bbox 1594 2532 1748 2577; x_wconf 85' lang='lat' dir='ltr'>ordinis</span> <span class='ocrx_word' id='word_1_623' title='bbox 1763 2560 1779 2585; x_wconf 83' lang='lat'>,</span> <span class='ocrx_word' id='word_1_624' title='bbox 1790 2534 2036 2580; x_wconf 89' lang='lat' dir='ltr'>conditionis</span> <span class='ocrx_word' id='word_1_625' title='bbox 2047 2563 2061 2588; x_wconf 84' lang='lat'>,</span> <span class='ocrx_word' id='word_1_626' title='bbox 2074 2537 2112 2579; x_wconf 75' lang='grc' dir='ltr'>δι</span> <span class='ocrx_word' id='word_1_627' title='bbox 2124 2536 2272 2592; x_wconf 71' lang='lat' dir='ltr'>gradus</span> <span class='ocrx_word' id='word_1_628' title='bbox 2287 2564 2303 2590; x_wconf 84' lang='lat'><strong>,</strong></span> 
     </span>
     <span class='ocr_line' id='line_1_100' title="bbox 1336 2588 2305 2651; baseline 0.004 -17"><span class='ocrx_word' id='word_1_629' title='bbox 1336 2588 1456 2646; x_wconf 69' lang='lat' dir='ltr'>quim</span> <span class='ocrx_word' id='word_1_630' title='bbox 1470 2589 1599 2643; x_wconf 86' lang='lat' dir='ltr'>laicis,</span> <span class='ocrx_word' id='word_1_631' title='bbox 1613 2605 1866 2648; x_wconf 89' lang='lat' dir='ltr'>quocumque</span> <span class='ocrx_word' id='word_1_632' title='bbox 1879 2593 2051 2647; x_wconf 83' lang='lat' dir='ltr'>bonore,</span> <span class='ocrx_word' id='word_1_633' title='bbox 2064 2607 2110 2638; x_wconf 86' lang='lat' dir='ltr'>ac</span> <span class='ocrx_word' id='word_1_634' title='bbox 2126 2595 2305 2651; x_wconf 78' lang='lat' dir='ltr'>potessa-</span> 
     </span>
     <span class='ocr_line' id='line_1_101' title="bbox 1338 2647 2299 2705; baseline 0.003 -12"><span class='ocrx_word' id='word_1_635' title='bbox 1338 2659 1381 2693; x_wconf 88' lang='lat' dir='ltr'>te</span> <span class='ocrx_word' id='word_1_636' title='bbox 1411 2648 1588 2704; x_wconf 68' lang='lat' dir='ltr'>preditis</span> <span class='ocrx_word' id='word_1_637' title='bbox 1617 2647 1822 2705; x_wconf 67' lang='lat' dir='ltr'>presentia</span> <span class='ocrx_word' id='word_1_638' title='bbox 1836 2652 2010 2695; x_wconf 78' lang='lat' dir='ltr'>Decreta</span> <span class='ocrx_word' id='word_1_639' title='bbox 2024 2651 2263 2696; x_wconf 88' lang='lat' dir='ltr'>declarandi</span> <span class='ocrx_word' id='word_1_640' title='bbox 2284 2681 2299 2705; x_wconf 82' lang='lat'>,</span> 
     </span>
     <span class='ocr_line' id='line_1_102' title="bbox 1338 2707 2299 2768; baseline 0.006 -17"><span class='ocrx_word' id='word_1_641' title='bbox 1338 2708 1405 2752; x_wconf 88' lang='lat' dir='ltr'>vel</span> <span class='ocrx_word' id='word_1_642' title='bbox 1434 2707 1726 2764; x_wconf 88' lang='lat' dir='ltr'>interpretandi</span> <span class='ocrx_word' id='word_1_643' title='bbox 1755 2707 1950 2754; x_wconf 84' lang='lat' dir='ltr'>facultate</span> <span class='ocrx_word' id='word_1_644' title='bbox 1981 2712 2136 2768; x_wconf 88' lang='lat' dir='ltr'>penitus</span> <span class='ocrx_word' id='word_1_645' title='bbox 2171 2713 2299 2756; x_wconf 90' lang='lat' dir='ltr'>inter-</span> 
     </span>
     <span class='ocr_line' id='line_1_103' title="bbox 1338 2767 1471 2810; baseline -0.008 0"><span class='ocrx_word' id='word_1_646' title='bbox 1338 2767 1444 2810; x_wconf 71' lang='lat' dir='ltr'>dieta</span> <span class='ocrx_word' id='word_1_647' title='bbox 1459 2797 1471 2809; x_wconf 89' lang='lat'><strong>.</strong></span> 
     </span>
    </p>

    <p class='ocr_par' dir='ltr' id='par_1_23' title="bbox 1332 2823 2300 3821">
     <span class='ocr_line' id='line_1_104' title="bbox 1457 2823 2300 2887; baseline 0.008 -18"><span class='ocrx_word' id='word_1_648' title='bbox 1457 2828 1553 2869; x_wconf 83' lang='lat' dir='ltr'>Non</span> <span class='ocrx_word' id='word_1_649' title='bbox 1578 2823 1825 2869; x_wconf 78' lang='lat' dir='ltr'>obstantibus</span> <span class='ocrx_word' id='word_1_650' title='bbox 1849 2825 1983 2884; x_wconf 77' lang='lat' dir='ltr'>quoad</span> <span class='ocrx_word' id='word_1_651' title='bbox 2008 2828 2300 2887; x_wconf 60' lang='lat' dir='ltr'>suprascripta-u</span> 
     </span>
     <span class='ocr_line' id='line_1_105' title="bbox 1337 2883 2298 2942; baseline 0.005 -15"><span class='ocrx_word' id='word_1_652' title='bbox 1337 2883 1472 2927; x_wconf 88' lang='lat' dir='ltr'>omnia</span> <span class='ocrx_word' id='word_1_653' title='bbox 1489 2911 1503 2935; x_wconf 78' lang='lat'><strong>,</strong></span> <span class='ocrx_word' id='word_1_654' title='bbox 1524 2884 1565 2926; x_wconf 76' lang='grc' dir='ltr'>δι</span> <span class='ocrx_word' id='word_1_655' title='bbox 1589 2883 1739 2939; x_wconf 73' lang='lat' dir='ltr'>singula</span> <span class='ocrx_word' id='word_1_656' title='bbox 1766 2885 1805 2927; x_wconf 90' lang='lat' dir='ltr'>in</span> <span class='ocrx_word' id='word_1_657' title='bbox 1835 2883 2091 2942; x_wconf 68' lang='lat' dir='ltr'>presentibus</span> <span class='ocrx_word' id='word_1_658' title='bbox 2114 2890 2298 2934; x_wconf 88' lang='lat' dir='ltr'>Decretis</span> 
     </span>
     <span class='ocr_line' id='line_1_106' title="bbox 1337 2941 2300 3000; baseline 0.006 -14"><span class='ocrx_word' id='word_1_659' title='bbox 1337 2951 1560 2993; x_wconf 88' lang='lat' dir='ltr'>contenta,</span> <span class='ocrx_word' id='word_1_660' title='bbox 1587 2941 1981 3000; x_wconf 78' lang='lat' dir='ltr'>constitutionibus,</span> <span class='ocrx_word' id='word_1_661' title='bbox 2006 2946 2300 2992; x_wconf 84' lang='lat' dir='ltr'>&amp;Ordinatio-</span> 
     </span>
     <span class='ocr_line' id='line_1_107' title="bbox 1337 2999 2300 3064; baseline 0.01 -22"><span class='ocrx_word' id='word_1_662' title='bbox 1337 3002 1451 3047; x_wconf 84' lang='lat' dir='ltr'>nibus</span> <span class='ocrx_word' id='word_1_663' title='bbox 1475 3000 1718 3055; x_wconf 75' lang='lat' dir='ltr'>Apostolicis</span> <span class='ocrx_word' id='word_1_664' title='bbox 1743 3001 1783 3044; x_wconf 89' lang='lat' dir='ltr'>in</span> <span class='ocrx_word' id='word_1_665' title='bbox 1805 2999 1990 3048; x_wconf 89' lang='lat' dir='ltr'>favorem</span> <span class='ocrx_word' id='word_1_666' title='bbox 2017 3019 2300 3064; x_wconf 82' lang='lat' dir='ltr'>quarumcum-</span> 
     </span>
     <span class='ocr_line' id='line_1_108' title="bbox 1334 3058 2295 3118; baseline 0.008 -16"><span class='ocrx_word' id='word_1_667' title='bbox 1334 3076 1413 3118; x_wconf 86' lang='lat' dir='ltr'>que</span> <span class='ocrx_word' id='word_1_668' title='bbox 1428 3058 1704 3118; x_wconf 84' lang='lat' dir='ltr'>personarum,</span> <span class='ocrx_word' id='word_1_669' title='bbox 1716 3069 1837 3117; x_wconf 83' lang='lat' dir='ltr'>atque</span> <span class='ocrx_word' id='word_1_670' title='bbox 1850 3062 2066 3115; x_wconf 79' lang='lat' dir='ltr'>Ordinum,</span> <span class='ocrx_word' id='word_1_671' title='bbox 2080 3074 2164 3109; x_wconf 84' lang='lat' dir='ltr'>tam</span> <span class='ocrx_word' id='word_1_672' title='bbox 2178 3068 2295 3110; x_wconf 86' lang='lat' dir='ltr'>Men·</span> 
     </span>
     <span class='ocr_line' id='line_1_109' title="bbox 1334 3119 2293 3177; baseline 0.006 -14"><span class='ocrx_word' id='word_1_673' title='bbox 1334 3119 1583 3169; x_wconf 71' lang='lat' dir='ltr'>dicentium,</span> <span class='ocrx_word' id='word_1_674' title='bbox 1607 3119 1727 3176; x_wconf 68' lang='lat' dir='ltr'>qusm</span> <span class='ocrx_word' id='word_1_675' title='bbox 1743 3133 1819 3163; x_wconf 92' lang='lat' dir='ltr'>non</span> <span class='ocrx_word' id='word_1_676' title='bbox 1834 3122 2156 3168; x_wconf 84' lang='lat' dir='ltr'>Mendicantium</span> <span class='ocrx_word' id='word_1_677' title='bbox 2173 3151 2188 3177; x_wconf 82' lang='lat'>‚</span> <span class='ocrx_word' id='word_1_678' title='bbox 2216 3126 2293 3169; x_wconf 83' lang='lat' dir='ltr'>Mi·</span> 
     </span>
     <span class='ocr_line' id='line_1_110' title="bbox 1337 3176 2288 3239; baseline 0.003 -16"><span class='ocrx_word' id='word_1_679' title='bbox 1337 3179 1520 3223; x_wconf 76' lang='lat' dir='ltr'>litias-um</span> <span class='ocrx_word' id='word_1_680' title='bbox 1548 3204 1563 3228; x_wconf 87' lang='lat'><strong>‚</strong></span> <span class='ocrx_word' id='word_1_681' title='bbox 1590 3179 1715 3221; x_wconf 79' lang='lat' dir='ltr'>etiam</span> <span class='ocrx_word' id='word_1_682' title='bbox 1745 3180 1786 3222; x_wconf 82' lang='lat' dir='ltr'>S·</span> <span class='ocrx_word' id='word_1_683' title='bbox 1809 3176 1878 3235; x_wconf 85' lang='lat' dir='ltr'>Jo:</span> <span class='ocrx_word' id='word_1_684' title='bbox 1906 3182 2288 3239; x_wconf 64' lang='lat' dir='ltr'>Hierosolymam,</span> 
     </span>
     <span class='ocr_line' id='line_1_111' title="bbox 1334 3236 2291 3298; baseline 0.006 -20"><span class='ocrx_word' id='word_1_685' title='bbox 1334 3236 1742 3294; x_wconf 80' lang='lat' dir='ltr'>Congregationum‚</span> <span class='ocrx_word' id='word_1_686' title='bbox 1768 3237 2038 3293; x_wconf 80' lang='lat' dir='ltr'>societatum,</span> <span class='ocrx_word' id='word_1_687' title='bbox 2065 3253 2111 3284; x_wconf 88' lang='lat' dir='ltr'>ac</span> <span class='ocrx_word' id='word_1_688' title='bbox 2129 3239 2291 3298; x_wconf 85' lang='lat' dir='ltr'>cujusli-</span> 
     </span>
     <span class='ocr_line' id='line_1_112' title="bbox 1336 3294 2292 3350; baseline 0.002 -9"><span class='ocrx_word' id='word_1_689' title='bbox 1336 3299 1402 3341; x_wconf 83' lang='lat' dir='ltr'>bet</span> <span class='ocrx_word' id='word_1_690' title='bbox 1418 3299 1436 3340; x_wconf 87' lang='lat'>1</span> <span class='ocrx_word' id='word_1_691' title='bbox 1442 3294 1596 3339; x_wconf 75' lang='lat' dir='ltr'>nstituti</span> <span class='ocrx_word' id='word_1_692' title='bbox 1611 3323 1624 3346; x_wconf 85' lang='lat'>‚</span> <span class='ocrx_word' id='word_1_693' title='bbox 1639 3295 1759 3339; x_wconf 80' lang='lat' dir='ltr'>etiam</span> <span class='ocrx_word' id='word_1_694' title='bbox 1774 3295 1984 3340; x_wconf 72' lang='lat' dir='ltr'>neceffario</span> <span class='ocrx_word' id='word_1_695' title='bbox 1999 3323 2016 3350; x_wconf 79' lang='lat'><strong>,</strong></span> <span class='ocrx_word' id='word_1_696' title='bbox 2041 3300 2079 3341; x_wconf 85' lang='lat'>&amp;</span> <span class='ocrx_word' id='word_1_697' title='bbox 2097 3297 2136 3342; x_wconf 90' lang='lat' dir='ltr'>in</span> <span class='ocrx_word' id='word_1_698' title='bbox 2151 3298 2292 3343; x_wconf 85' lang='lat' dir='ltr'>indivi-</span> 
     </span>
     <span class='ocr_line' id='line_1_113' title="bbox 1333 3352 2293 3412; baseline 0.005 -13"><span class='ocrx_word' id='word_1_699' title='bbox 1333 3355 1418 3400; x_wconf 86' lang='lat' dir='ltr'>duo</span> <span class='ocrx_word' id='word_1_700' title='bbox 1444 3353 1694 3412; x_wconf 82' lang='lat' dir='ltr'>exprimendi</span> <span class='ocrx_word' id='word_1_701' title='bbox 1727 3378 1742 3404; x_wconf 85' lang='lat'>,</span> <span class='ocrx_word' id='word_1_702' title='bbox 1768 3352 2063 3407; x_wconf 71' lang='lat' dir='ltr'>Eedefiarurn,</span> <span class='ocrx_word' id='word_1_703' title='bbox 2091 3359 2293 3404; x_wconf 86' lang='lat' dir='ltr'>Monaste·</span> 
     </span>
     <span class='ocr_line' id='line_1_114' title="bbox 1332 3412 2290 3471; baseline 0.003 -12"><span class='ocrx_word' id='word_1_704' title='bbox 1332 3416 1482 3459; x_wconf 85' lang='lat' dir='ltr'>riorum</span> <span class='ocrx_word' id='word_1_705' title='bbox 1498 3438 1513 3463; x_wconf 87' lang='lat'><strong>,</strong></span> <span class='ocrx_word' id='word_1_706' title='bbox 1538 3412 1825 3456; x_wconf 88' lang='lat' dir='ltr'>Conventuum</span> <span class='ocrx_word' id='word_1_707' title='bbox 1839 3436 1854 3462; x_wconf 69' lang='lat'><em>2</em></span> <span class='ocrx_word' id='word_1_708' title='bbox 1877 3412 2157 3471; x_wconf 81' lang='lat' dir='ltr'>collegiorum</span> <span class='ocrx_word' id='word_1_709' title='bbox 2171 3442 2185 3466; x_wconf 81' lang='lat'>‚</span> <span class='ocrx_word' id='word_1_710' title='bbox 2208 3418 2290 3462; x_wconf 88' lang='lat' dir='ltr'>Ca-</span> 
     </span>
     <span class='ocr_line' id='line_1_115' title="bbox 1333 3469 2290 3527; baseline 0.004 -11"><span class='ocrx_word' id='word_1_711' title='bbox 1333 3472 1555 3527; x_wconf 76' lang='lat' dir='ltr'>pitulorum</span> <span class='ocrx_word' id='word_1_712' title='bbox 1577 3497 1592 3523; x_wconf 85' lang='lat'>,</span> <span class='ocrx_word' id='word_1_713' title='bbox 1620 3469 1885 3527; x_wconf 79' lang='lat' dir='ltr'>Hospitalium</span> <span class='ocrx_word' id='word_1_714' title='bbox 1909 3496 1925 3521; x_wconf 85' lang='lat'>‚</span> <span class='ocrx_word' id='word_1_715' title='bbox 1955 3470 2290 3520; x_wconf 76' lang='lat' dir='ltr'>Consi-aternita-</span> 
     </span>
     <span class='ocr_line' id='line_1_116' title="bbox 1332 3529 2289 3587; baseline -0.003 -13"><span class='ocrx_word' id='word_1_716' title='bbox 1332 3541 1447 3582; x_wconf 81' lang='lat' dir='ltr'>tum,</span> <span class='ocrx_word' id='word_1_717' title='bbox 1473 3531 1512 3573; x_wconf 75' lang='grc' dir='ltr'>ει</span> <span class='ocrx_word' id='word_1_718' title='bbox 1537 3529 1709 3574; x_wconf 79' lang='lat' dir='ltr'>aliorum</span> <span class='ocrx_word' id='word_1_719' title='bbox 1721 3540 2093 3587; x_wconf 84' lang='lat' dir='ltr'>quorumcumque,</span> <span class='ocrx_word' id='word_1_720' title='bbox 2120 3543 2200 3580; x_wconf 86' lang='lat' dir='ltr'>tam</span> <span class='ocrx_word' id='word_1_721' title='bbox 2224 3534 2289 3580; x_wconf 72' lang='lat' dir='ltr'>sa.</span> 
     </span>
     <span class='ocr_line' id='line_1_117' title="bbox 1332 3585 2289 3646; baseline 0.006 -13"><span class='ocrx_word' id='word_1_722' title='bbox 1332 3586 1671 3646; x_wconf 66' lang='lat' dir='ltr'>cularium,qudm</span> <span class='ocrx_word' id='word_1_723' title='bbox 1685 3585 1950 3643; x_wconf 72' lang='lat' dir='ltr'>Regularium</span> <span class='ocrx_word' id='word_1_724' title='bbox 1965 3589 2147 3636; x_wconf 89' lang='lat' dir='ltr'>locorum</span> <span class='ocrx_word' id='word_1_725' title='bbox 2161 3619 2176 3643; x_wconf 86' lang='lat'><strong>,</strong></span> <span class='ocrx_word' id='word_1_726' title='bbox 2190 3606 2289 3639; x_wconf 86' lang='lat' dir='ltr'>nec·</span> 
     </span>
     <span class='ocr_line' id='line_1_118' title="bbox 1332 3643 2286 3703; baseline 0.005 -12"><span class='ocrx_word' id='word_1_727' title='bbox 1332 3662 1412 3691; x_wconf 88' lang='lat' dir='ltr'>non</span> <span class='ocrx_word' id='word_1_728' title='bbox 1430 3646 1622 3695; x_wconf 83' lang='lat' dir='ltr'>illorum,</span> <span class='ocrx_word' id='word_1_729' title='bbox 1648 3644 1766 3690; x_wconf 86' lang='lat' dir='ltr'>etiam</span> <span class='ocrx_word' id='word_1_730' title='bbox 1792 3643 2020 3703; x_wconf 84' lang='lat' dir='ltr'>juramento</span> <span class='ocrx_word' id='word_1_731' title='bbox 2036 3676 2051 3702; x_wconf 86' lang='lat'><strong>,</strong></span> <span class='ocrx_word' id='word_1_732' title='bbox 2073 3649 2286 3699; x_wconf 76' lang='lat' dir='ltr'>confirma-</span> 
     </span>
     <span class='ocr_line' id='line_1_119' title="bbox 1332 3702 2282 3768; baseline 0.005 -19"><span class='ocrx_word' id='word_1_733' title='bbox 1332 3710 1442 3749; x_wconf 84' lang='lat' dir='ltr'>tione</span> <span class='ocrx_word' id='word_1_734' title='bbox 1458 3702 1688 3768; x_wconf 73' lang='lat' dir='ltr'>Apostolica</span> <span class='ocrx_word' id='word_1_735' title='bbox 1702 3727 1717 3752; x_wconf 84' lang='lat'>‚</span> <span class='ocrx_word' id='word_1_736' title='bbox 1746 3702 1811 3746; x_wconf 89' lang='lat' dir='ltr'>vel</span> <span class='ocrx_word' id='word_1_737' title='bbox 1842 3707 1976 3762; x_wconf 81' lang='lat' dir='ltr'>quavis</span> <span class='ocrx_word' id='word_1_738' title='bbox 1993 3706 2185 3757; x_wconf 84' lang='lat' dir='ltr'>firmitate</span> <span class='ocrx_word' id='word_1_739' title='bbox 2206 3711 2282 3756; x_wconf 85' lang='lat' dir='ltr'>alla</span> 
     </span>
     <span class='ocr_line' id='line_1_120' title="bbox 1332 3758 2282 3821; baseline 0.004 -13"><span class='ocrx_word' id='word_1_740' title='bbox 1332 3762 1531 3808; x_wconf 84' lang='lat' dir='ltr'>roboratis</span> <span class='ocrx_word' id='word_1_741' title='bbox 1546 3758 1716 3813; x_wconf 77' lang='lat' dir='ltr'>statutis,</span> <span class='ocrx_word' id='word_1_742' title='bbox 1727 3762 1764 3805; x_wconf 74' lang='lat' dir='ltr'>a:</span> <span class='ocrx_word' id='word_1_743' title='bbox 1778 3762 2150 3821; x_wconf 84' lang='lat' dir='ltr'>consuetudinibus,</span> <span class='ocrx_word' id='word_1_744' title='bbox 2160 3770 2282 3816; x_wconf 87' lang='lat' dir='ltr'>etiam</span> 
     </span>
    </p>

    <p class='ocr_par' dir='ltr' id='par_1_24' title="bbox 1329 3818 2281 3933">
     <span class='ocr_line' id='line_1_121' title="bbox 1329 3818 2281 3886; baseline 0.004 -19"><span class='ocrx_word' id='word_1_745' title='bbox 1329 3818 1711 3867; x_wconf 84' lang='lat' dir='ltr'>immemorabilibus</span> <span class='ocrx_word' id='word_1_746' title='bbox 1735 3849 1750 3875; x_wconf 90' lang='lat'><strong>,</strong></span> <span class='ocrx_word' id='word_1_747' title='bbox 1780 3822 1996 3881; x_wconf 82' lang='lat' dir='ltr'>privilegiis</span> <span class='ocrx_word' id='word_1_748' title='bbox 2032 3839 2190 3886; x_wconf 88' lang='lat' dir='ltr'>quoque</span> <span class='ocrx_word' id='word_1_749' title='bbox 2219 3829 2281 3871; x_wconf 87' lang='lat' dir='ltr'>in-</span> 
     </span>
     <span class='ocr_line' id='line_1_122' title="bbox 2139 3887 2232 3933; baseline 0.011 -1"><span class='ocrx_word' id='word_1_750' title='bbox 2139 3887 2232 3933; x_wconf 86' lang='lat' dir='ltr'>dul·</span> 
     </span>
    </p>
   </div>
  </div>
 </body>
</html>
