2444 4192
524 58 544 88 ἆ

412 206 453 249 2
468 199 527 279 4

344 326 521 370 cationis
534 327 585 370 ab
599 325 685 385 ipso
701 325 928 371 concess'um
943 343 957 371 :
972 329 1105 384 potest
1120 328 1234 371 idem
1248 327 1325 370 Mi-

343 388 467 430 nister
484 388 591 430 vices
610 389 694 430 sitas
711 389 906 430 Ministris
924 388 1246 431 Provinciahbus
1261 389 1327 439 ,δι

343 460 489 491 eorum
507 447 683 489 vicariis
698 448 965 490 committere
982 448 1020 488 in
1038 449 1112 489 hac
1135 458 1290 502 parte)
1307 474 1323 495 ,

341 510 399 551 ita
421 517 558 549 tamen
572 535 588 557 ‚
613 517 659 548 ut
673 506 743 562 ipsi
762 507 1039 548 Provinciales
1051 533 1066 554 ‚
1082 507 1145 548 vel
1163 504 1324 546 iidem...

341 565 497 609 Vicarii
512 566 552 607 in
570 564 747 622 ipsorum
775 564 1097 609 Provincialium
1111 564 1290 605 absentia
1304 589 1320 613 ‚

341 625 420 670 und
447 639 541 666 cum
569 624 874 666 Diffinitoribus
887 650 902 672 ‚
930 625 970 665 in
1002 621 1323 666 Provincialibus

339 684 544 741 Capitulis
562 686 722 727 fratres
749 682 907 726 suarum
939 681 1291 724 provinciarum,
1303 708 1317 731 ,

338 758 443 801 quos
470 743 772 786 examinatione
804 741 985 795 indigere
1007 741 1182 783 credunt
1198 768 1211 790 ‚
1226 752 1319 780 exa·

338 804 495 847 minent
512 831 527 854 ‚
542 801 771 855 approbent
782 826 799 849 ‚
811 798 944 854 eisque
979 797 1209 854 hujusmodi
1224 795 1316 838 offi-

338 863 478 911 cium,
509 871 630 915 prout
646 859 867 903 secundum
882 860 1013 901 Deum
1040 856 1218 898 viderint
1242 868 1316 897 ex·

335 922 508 978 pedire,
535 918 787 959 concedant.
814 918 856 959 Si
883 917 1069 971 quivero
1092 912 1316 956 examinari

337 994 420 1023 non
435 986 571 1031 egent,
584 989 660 1029 pro
673 989 739 1024 eo,
753 972 864 1029 quod
881 974 921 1014 in
937 973 1174 1024 Theologiae
1189 969 1319 1012 facul-

335 1048 425 1080 tate
438 1067 453 1086 ,
467 1037 501 1075 ἃ
518 1033 820 1074 Praedieationis
839 1029 979 1072 officio
1004 1029 1094 1071 sunt
1113 1029 1287 1071 instructi
1302 1042 1317 1071 ε

337 1097 366 1140 fi
396 1095 524 1137 aetatis
549 1092 786 1139 maturitas,
813 1090 852 1129 &
867 1087 948 1128 alia
963 1115 979 1137 ,
1002 1101 1089 1142 quae
1103 1088 1320 1143 requirun-

338 1167 406 1197 tur
434 1155 471 1195 in
486 1150 636 1194 talibus
649 1147 898 1189 conveniant
914 1146 953 1188 in
968 1145 1116 1187 eisdem
1131 1173 1146 1196 ,
1159 1143 1318 1200 possunt

336 1215 391 1256 de
406 1209 619 1255 Generalis
636 1236 653 1258 ‚
675 1205 740 1249 vel
761 1205 923 1248 suorum
954 1204 1317 1247 provincialium..-

334 1271 613 1315 Ministrorum
639 1265 808 1309 licentia
820 1291 835 1315 ,
849 1262 916 1308 scu
933 1262 1143 1316 mandato,
1157 1263 1316 1321 populo

334 1328 556 1388 praedicare
570 1354 583 1367 .

392 1390 474 1440 §.8.
538 1389 615 1430 Per
630 1388 670 1429 id
685 1396 847 1438 autem,
862 1386 973 1444 quod
990 1386 1029 1428 in
1057 1383 1201 1430 eadem
1231 1386 1315 1428 Re·

332 1450 430 1508 gula
460 1449 722 1496 continetur,
746 1446 857 1503 quod
891 1449 1048 1490 Fratres
1070 1459 1153 1488 non
1178 1444 1313 1501 ingre·

330 1511 498 1553 diantur
513 1507 761 1550 Monasteria
779 1507 1243 1560 Monacharum,praeter
1262 1502 1318 1545 il-

331 1569 399 1612 los
415 1595 430 1619 ,
444 1566 592 1624 quibus
607 1569 628 1609 ὁ
653 1568 758 1610 Sede
774 1564 1015 1622 Apostolica
1030 1561 1216 1606 concessa
1231 1561 1322 1604 fue-

329 1627 572 1674 ritlicentia
600 1625 812 1682 specialis3
841 1624 1013 1667 dicimus
1039 1619 1259 1680 ingreffum
1273 1622 1315 1664 in

326 1685 580 1734 Monasteria
596 1685 886 1729 tantummodo
914 1683 1155 1727 Monialium
1181 1680 1316 1724 inclu-

337 1748 473 1792 sarum
498 1746 668 1789 Ordinis
696 1745 827 1788 Sancti
863 1743 1047 1786 Damiani
1064 1741 1318 1798 prohibitum

337 1805 430 1849 fore
447 1805 538 1859 iplis
553 1819 566 1849 ε
580 1804 631 1848 ad
643 1819 731 1863 quae
753 1805 903 1849 nemini
922 1803 1014 1846 licet
1039 1800 1227 1858 ingredi,
1246 1799 1314 1843 nili

329 1866 369 1909 ei
381 1865 404 1909 d
422 1865 524 1907 bede
540 1865 778 1919 Apostolica
793 1861 967 1906 facultas
982 1861 1100 1917 super
1119 1862 1198 1903 hoc
1228 1858 1316 1915 spe-

328 1925 489 1969 cialiter
514 1925 746 1967 tribuatur.
779 1925 832 1966 Et
863 1922 1029 1966 nomine
1063 1919 1313 1970 Monasterii,

327 1983 549 2028 claustrum
562 2012 577 2036 ,
593 1983 742 2027 domos
754 2011 769 2034 ‚
795 1981 979 2026 officinas
1006 1981 1223 2023 interiores
1240 1993 1314 2021 vo·

326 2045 460 2087 lumus
475 2042 795 2097 comprehendi.
812 2042 876 2085 Ad
891 2042 1066 2083 aliarum
1082 2039 1182 2081 verb
1205 2041 1289 2079 Coe
1301 2060 1310 2069 ·

326 2103 450 2145 nobia
467 2100 709 2143 Monialium
725 2097 883 2152 potsunt
898 2124 915 2146 ,
928 2098 1028 2136 ficut
1045 2096 1085 2135 &
1106 2091 1175 2134 alii
1200 2092 1312 2134 Reli-

323 2159 441 2217 giofi‚
459 2159 624 2201 Fratres
639 2155 699 2200 illi
722 2155 774 2198 ad
787 2152 1119 2211 predicandum,
1145 2148 1213 2190 vel
1240 2156 1315 2197 pes

321 2218 495 2263 tendum
523 2210 824 2263 eleemosynam
837 2232 853 2256 ‚
883 2214 952 2246 aut
966 2215 1045 2259 pro
1065 2200 1155 2243 aliis
1170 2201 1307 2241 hone·

326 2274 395 2319 ilis
408 2299 423 2322 ‚
440 2272 479 2313 8(
494 2266 804 2313 rationabilibus
819 2262 972 2312 caulis,
1005 2258 1201 2303 accedere
1216 2286 1232 2310 ‚
1261 2271 1308 2300 ae

324 2334 480 2378 intrare
495 2356 510 2379 ‚
540 2327 689 2382 quibus
722 2324 799 2369 ida
816 2320 1102 2378 Superioribus
1134 2317 1213 2360 suis
1228 2331 1309 2374 pro

322 2392 392 2436 sua
422 2387 543 2432 fuerit
571 2384 838 2430 maturitate,
868 2380 936 2424 vel
953 2377 1178 2421 idoneitate
1205 2390 1304 2420 con-

322 2446 470 2495 cellum
486 2473 498 2487 .
532 2443 763 2498 Nulliergo
773 2440 944 2485 omnino
967 2438 1175 2480 hominum
1190 2436 1310 2480 liceat

324 2513 428 2556 hanc
443 2503 632 2563 paginam
647 2501 784 2545 nostrae
797 2497 1088 2544 declarationis
1106 2493 1307 2552 infringe.

324 2585 370 2615 re
383 2564 475 2620 ,vel
493 2563 532 2606 ei
553 2559 645 2604 ausu
670 2559 896 2604 temerario
909 2555 1145 2608 contraire3
1161 2553 1185 2597 fi
1211 2555 1302 2612 quis

324 2638 463 2673 autem
489 2622 568 2665 boc
601 2631 803 2664 attentare
832 2613 1122 2675 presumpserit
1149 2640 1165 2664 ‚
1196 2613 1307 2657 indi-

323 2684 561 2744 gnationem
576 2679 885 2737 omnipotentis
906 2678 1010 2727 Dei,
1023 2689 1069 2718 ac
1089 2677 1308 2719 Beatorum

325 2743 441 2793 Petri
467 2770 483 2793 ‚
514 2741 551 2783 et
584 2739 700 2784 Pauli
727 2736 1023 2796 Apostolorum
1049 2732 1136 2791 ejus
1166 2732 1206 2777 se
1232 2746 1308 2778 no·

329 2804 439 2850 verit
458 2799 707 2843 incursurum
720 2827 734 2841 .

443 2860 595 2902 Datum
612 2853 804 2915 Lugduni
816 2854 979 2898 decimo
992 2854 1143 2897 oet-vo
1157 2851 1309 2896 Kalen·

326 2921 401 2965 das
430 2917 671 2965 Decembris
694 2945 710 2972 ,
731 2909 1004 2960 Pontificattis
1029 2912 1157 2958 nostri
1185 2913 1310 2956 Anno

330 2981 482 3027 Tertio
495 3007 507 3021 .

386 3100 545 3147 bullar.
564 3100 674 3142 Rem.
689 3103 823 3150 tem-3.
834 3102 928 3150 per.
939 3106 971 3137 ι.
977 3091 1158 3151 [31303.
1177 3091 1309 3136 Wad:

441 3156 845 3215 ling-naastan.
839 3150 1085 3213 [014394ιὶ
1099 3154 1153 3205 θ’
1167 3161 1306 3208 temt-

429 3216 513 3276 sol.
527 3219 626 3270 446.
652 3212 985 3272 confirmationem
1008 3211 1059 3257 ab
1080 3210 1308 3260 Alexandro

450 3280 472 3323 1
480 3279 519 3325 V.
526 3274 683 3332 suffen
694 3271 874 3319 extendit
881 3298 898 3318 .

915 171 1081 261 Sub
1146 169 1581 258 Innocentio
1645 151 1806 258 IV.

1387 334 1480 380 FF.
1500 329 1710 378 Minores
1735 329 1877 377 etiam
1898 325 1954 375 de
1984 331 2294 394 Superiorum
2320 327 2370 377 li·

1456 401 1604 448 centia
1615 400 1662 448 in
1687 401 1886 448 aliorum
1907 396 2132 463 obsequiis
2161 416 2372 449 commo-

1457 484 1608 520 rantes
1626 505 1642 528 ,
1669 469 1829 533 juri&
1860 467 2134 519 correctioni
2162 467 2367 520 Ministri

1456 543 1696 590 Generalis
1713 560 1766 591 ac
1794 544 1886 602 ejus
1901 537 2163 605 Substitutis
2198 537 2368 589 subeffe

1455 610 1660 662 declarat
1675 648 1689 661 .

1415 742 1908 793 INNOCENTIUS
1949 739 2327 793 EPISCOPUS

1554 860 1729 902 Si-:Rvus
1766 861 2022 902 sermonum
2057 858 2158 900 Det.

1382 974 1538 1017 DileHo
1569 975 1673 1017 Fmo
1684 1001 1886 1015 ........
1910 974 2097 1025 Ministro
2137 974 2328 1017 Generale‘
2348 1001 2366 1026 ,

1466 1033 1625 1075 Ordinis
1640 1032 1840 1074 Minorum
1863 1058 1877 1080 ‚
1894 1033 2073 1087 filutem
2091 1034 2139 1080 θ’
2159 1038 2269 1089 Apo..
2346 1066 2348 1070 .

1564 1088 1804 1147 stoliolacam
1818 1088 2127 1132 Benediffioncm
2146 1118 2159 1131 .

1492 1212 1571 1255 Um
1587 1208 1689 1253 ficut
1702 1217 1743 1253 te
1761 1209 1992 1268 accepimus
2006 1209 2243 1264 intimante,
2261 1216 2366 1255 nond

1508 1269 1612 1312 nulli
1635 1283 1683 1312 ex
1701 1271 1913 1314 Fratribus
1936 1270 1996 1312 tui
2018 1270 2184 1314 Ordinis
2202 1299 2217 1324 ,
2243 1269 2360 1328 quod

1373 1330 1426 1373 de
1447 1331 1681 1387 Superioris
1708 1329 1874 1372 licentia
1903 1329 1943 1371 in
1958 1330 2130 1373 aliorum
2157 1330 2362 1388 obsequiis

1374 1399 1716 1440 commorantur,
1736 1397 1946 1446 exemptos
1972 1388 2010 1430 {e
2034 1390 2056 1431 a
2086 1400 2157 1432 tua
2193 1388 2365 1448 jurisdi-

1376 1451 1508 1495 ctione
1537 1447 1756 1491 credentes
1779 1477 1795 1500 ‚
1821 1447 1919 1492 talia
1937 1448 2181 1506 plerumque
2214 1462 2363 1506 perpe·

1380 1521 1495 1554 trant
1507 1539 1523 1562 ,
1535 1522 1607 1565 per
1622 1521 1710 1564 quae
1724 1508 1955 1550 detrahitur
1983 1508 2131 1551 Ordini
2145 1537 2160 1560 ‚
2185 1509 2224 1551 &
2253 1507 2366 1551 scan-

1383 1570 1523 1613 dalum
1537 1567 1687 1611 exinde
1699 1576 1937 1624 generatur:
1953 1570 2060 1618 Nos,
2072 1567 2150 1611 tuis
2166 1567 2366 1625 supplica·

1380 1629 1565 1673 tionibus
1580 1626 1796 1680 inclinati,
1814 1624 2067 1683 praesentium
2082 1627 2156 1669 tibi
2182 1625 2362 1670 auetori-

1379 1699 1466 1733 tate
1479 1685 1743 1732 concedimus
1760 1715 1775 1738 ,
1788 1696 1832 1728 ut
1850 1684 2057 1727 universos
2074 1687 2243 1729 Fratres
2260 1715 2276 1737 ,
2292 1685 2362 1742 qui

1378 1758 1591 1792 morantur
1611 1746 1653 1788 in
1669 1741 1869 1802 obsequiis
1885 1742 2061 1787 aliorum
2073 1772 2088 1796 ,
2113 1744 2196 1788 illis
2212 1744 2360 1787 dunta-

1381 1818 1448 1854 xat
1468 1807 1650 1863 exceptis
1662 1834 1678 1857 ,
1693 1805 1764 1862 qui
1790 1801 1880 1848 sunt
1894 1831 1911 1856 ,
1927 1803 1994 1846 vel
2021 1801 2191 1847 fuerunt
2211 1802 2261 1847 ad
2278 1803 2359 1847 Le·

1377 1879 1565 1926 gatorum
1582 1863 1823 1922 Apostolicae
1842 1862 1959 1907 Sedis
1974 1861 2137 1907 servitia
2150 1860 2361 1920 deputati,

1376 1927 1507 1972 libere
1522 1926 1655 1970 valeas
1674 1924 1837 1968 vifitare
1851 1951 1866 1975 ‚
1878 1924 2087 1978 corrigere
2100 1950 2114 1974 ,
2133 1936 2328 1966 amovere
2339 1949 2357 1973 ,

1373 2003 1418 2031 ac
1451 1987 1550 2029 alios
1577 1986 1638 2028 eis
1665 1983 1901 2027 substituere
1915 2009 1931 2032 ‚
1944 1991 2068 2037 prout
2096 1978 2360 2025 secundum..-

1374 2049 1508 2086 Deum
1521 2042 1671 2083 videris
1690 2037 1886 2096 expedire
1902 2066 1917 2078 .
2230 2076 2236 2082 ,

1495 2102 1590 2143 Non
1603 2097 1851 2141 obstantibus
1865 2095 2174 2154 quibuscunque
2189 2095 2364 2149 litteriS,

1374 2155 1443 2195 stu
1462 2152 1730 2206 Indulgentiis
1741 2150 1861 2192 Sedis
1874 2152 2117 2205 apostolice
2128 2178 2144 2201 ‚
2163 2167 2238 2208 per
2258 2160 2359 2212 quas

1371 2210 1413 2253 id
1429 2208 1564 2252 valeat
1584 2206 1773 2265 impediri
1788 2219 1802 2249 s
1817 2208 2160 2253 contradictores
2175 2224 2249 2268 per
2259 2225 2358 2256 cen·-

1370 2269 1499 2326 suram
1517 2266 1836 2311 Eccleliasticam
1848 2294 1864 2319 ,
1887 2266 2169 2324 appellatione
2185 2270 2357 2328 postpo-

1371 2329 1441 2373 fita
1454 2356 1470 2381 ‚
1483 2324 1779 2385 compescendo
1795 2354 1807 2367 .

1488 2386 1638 2430 Datum
1665 2384 1851 2442 Lugduni
1882 2384 2044 2430 decimo
2071 2388 2243 2445 septimo
2270 2391 2354 2435 Κ..

1370 2446 1508 2492 lendas
1519 2447 1798 2502 Septembris,
1820 2444 2085 2490 pontificatus
2110 2447 2237 2492 nostri
2261 2452 2353 2493 An·

1367 2521 1421 2552 no
1434 2508 1620 2565 Quarto.

1427 2628 1606 2672 Menum.
1626 2623 1766 2668 Orda·
1774 2621 1876 2682 fol-t
1893 2637 1955 2678 ις.
1972 2624 2191 2684 Waddtaeg.
2209 2636 2349 2685 lom-3.

1485 2680 1821 2744 malfet-462.
1838 2684 2004 2742 nodo-aq.
2015 2689 2059 2728 ln
2075 2685 2270 2745 Ball-fil.
2281 2702 2293 2730 ι
2303 2698 2347 2736 5.

1370 2921 1592 2979 Ministris
1619 2921 1980 2975 provincialibus
2022 2922 2216 2976 Ordinis
2250 2926 2346 2975 Mi·

1437 2996 1653 3055 notitam,
1667 2993 2032 3065 syndicum,pr0
2045 3011 2196 3046 rerum
2215 3012 2342 3046 com-

1438 3067 1714 3124 mutatione,
1727 3079 1808 3116 aut
1824 3065 2087 3118 venditione
2108 3063 2343 3117 instituen-

1435 3138 1484 3190 di
1503 3135 1764 3190 facultatem
1779 3135 1944 3188 tribuit
1963 3171 1978 3188 .

1399 3282 1473 3333 IN
1480 3278 1890 3335 Noan'rIUs
1936 3277 2304 3333 EPISCOPUS

1560 3399 1734 3445 Snvus
1767 3401 1849 3445 Sua
1861 3414 2024 3446 vonum
2054 3398 2137 3443 Dat
2153 3425 2168 3442 .

1367 3515 1536 3566 nitente
1554 3516 1669 3561 Pmn
1682 3543 1696 3569 ,
1716 3518 1905 3561 σικυοὶ)
1919 3546 1933 3570 ,
1960 3518 2015 3571 ὰ
2036 3515 2341 3561 Provinclaubus

1424 3576 1530 3623 Meni
1565 3578 1621 3620 rh
1638 3578 1832 3621 Fratrum
1847 3579 2056 3621 Minor-um
2072 3576 2281 3635 ‚salmam

1575 3632 1835 3692 Apostolleane
1851 3637 2161 3681 Benedmloneno
2174 3665 2188 3679 .

1505 3754 1642 3798 Uantb
1666 3753 1876 3800 ssudiolius
1908 3754 2056 3801 divine
2085 3753 2336 3815 contempla-

1363 3752 1625 3914 Qioni
1653 3815 1803 3860 vacatis
1838 3816 2023 3861 Domino
2066 3812 2336 3921 fiumiit‘bntgo’
