2444 4192
293 192 472 277 490

230 326 353 369 etiam
367 322 611 379 generaliter
620 316 952 374 eonceffisquoad
966 317 1207 359 alitercum-

229 399 311 440 que
323 386 438 426 dicte
450 385 544 426 sedi
562 413 578 434 ,
599 381 663 424 vel
674 382 799 423 etiam
824 376 892 433 ipfi
907 377 1082 442 {tomani
1102 377 1205 419 Pon-

229 444 331 485 tifici
346 442 547 486 reservata
559 469 573 490 ,
592 441 671 484 five
683 452 754 495 per
770 451 838 480 eos
854 436 992 488 majori
1008 465 1023 488 ,
1047 436 1111 479 vel
1126 437 1204 478 mi·

228 504 400 545 noribus
420 498 738 544 Poenitentiariis
754 496 965 539 attributis
981 526 997 547 ,
1030 495 1204 538 durante

228 562 398 605 lubilaeo
410 588 426 610 ,
445 561 507 602 vel
526 558 750 601 Miffionum
764 582 778 604 ,
806 555 1109 598 Exercitiorum
1124 554 1200 609 spi-

228 621 447 665 ritualium
461 648 477 669 ‚
490 616 820 673 Quadragefimae
831 641 847 663 ,
862 612 1077 657 Adventus
1090 642 1105 666 ‚
1126 624 1197 657 aut

233 680 322 724 alio
335 680 478 735 quovis
495 677 588 718 anni
604 686 818 731 tempore;
831 673 944 716 sicuti
956 675 1078 717 etiam
1091 683 1209 716 uten-

231 739 277 780 di
293 736 554 781 facultatibus
567 764 584 786 ‚
599 748 687 789 quae
700 734 750 777 ab
768 732 917 776 officio
930 733 1209 777 Boenitentia-

232 797 298 839 riae
317 796 556 853 Apostolicae
571 792 793 848 aliquando
815 793 1015 849 impertiri
1032 790 1179 835 solent.

269 858 326 897 V.
363 854 593 897 Relaxandi
618 850 835 908 juramenta
846 850 1206 908 quaelibet,etiamfi

228 915 283 957 de
299 913 414 955 nullo
426 911 658 970 cujusquam
670 922 819 969 agatur
836 912 1008 964 damno,
1021 909 1084 954 seu
1101 923 1200 968 prae-

229 972 404 1015 'udicio.

225 989 241 1031 ι
288 1033 363 1074 vt.
425 1028 809 1087 Dispensandi,five
821 1027 1099 1074 commutandi
1116 1030 1208 1072 Vo-

227 1103 272 1134 ta
298 1102 559 1147 quaecumque
574 1117 590 1141 ,
622 1090 723 1134 licet
744 1090 939 1149 fimplicia
966 1089 1175 1132 dumtaxat
1190 1114 1205 1139 ,

232 1159 304 1194 aut
317 1150 551 1204 juramento
563 1149 728 1193 ruinime
737 1149 984 1193 confirmata
1002 1177 1016 1190 .

286 1210 389 1252 vlt.
454 1208 827 1265 Dispensandicum
841 1205 1046 1265 quibusvis
1069 1209 1207 1265 pei-tb-

224 1270 286 1314 nis
308 1269 573 1312 &talaribus
604 1270 759 1324 pariter
781 1297 798 1321 ,
837 1267 905 1311 vel
935 1266 1204 1323 Regularibus

225 1329 345 1384 super
357 1329 541 1384 qualibet
559 1328 896 1383 irregularitate,
908 1327 949 1370 δι
966 1325 1197 1369 inhabilita-

223 1399 268 1431 te
282 1387 669 1444 quomodocumque
685 1401 736 1430 ex
748 1387 930 1437 delicio,
952 1384 1018 1426 vel
1028 1380 1204 1427 defectu

224 1449 352 1491 eriam
367 1444 526 1502 prorsus
540 1445 715 1488 occultis
730 1445 1010 1502 proveniente,
1020 1452 1104 1485 tam
1119 1459 1195 1500 pro

224 1506 465 1549 exercendis
476 1502 689 1559 suti-epus,
715 1505 836 1559 quam
854 1515 931 1558 pro
943 1500 1201 1554 suscipiendis

227 1564 434 1621 quibusvis
448 1562 675 1603 Ordinibus
689 1585 704 1607 ,
718 1574 764 1601 ac
779 1557 1007 1602 retinendis
1022 1581 1038 1605 ,
1051 1556 1196 1598 &affe-

225 1621 397 1680 quendis
420 1619 739 1676 quibuscumque
764 1614 971 1660 Beneficiis
990 1614 1197 1659 Ecclesia-

225 1681 331 1725 ilicis
346 1707 359 1720 .
777 1691 781 1697 ¹

283 1739 427 1781 vm.-
471 1735 735 1793 Dispeniandi
756 1733 875 1792 super
902 1745 1199 1791 quocumque)

223 1797 525 1854 impedimento
535 1822 551 1845 ,
565 1797 822 1853 quantumvis
848 1792 1020 1837 occulto
1032 1819 1048 1842 2
1061 1792 1201 1835 matri-

225 1859 430 1902 monium·
447 1852 692 1904 dirimente,
717 1853 798 1896 five
827 1862 974 1909 agatur
985 1851 1203 1895 detnatri-

222 1916 371 1960 monio
395 1914 698 1967 contrahendo,
732 1913 812 1957 five
824 1912 882 1956 de
894 1909 1203 1954 convalidando

221 1976 299 2036 jam
319 1975 533 2017 contracto
547 2002 561 2015 .

286 2036 364 2077 lx.
424 2031 729 2076 Convalidandi
740 2030 886 2075 titulos
901 2028 1201 2073 Beneficiorum

224 2091 604 2138 Ecclefiasticorum
619 2089 921 2142 timoniace,vel
936 2102 987 2133 ex
1001 2089 1084 2132 alio
1097 2100 1198 2144 quo·

226 2154 288 2197 vis
301 2155 434 2207 capite
446 2148 627 2193 invalide
647 2150 943 2201 obtentorum,
969 2162 1015 2191 ac
1039 2147 1198 2191 condo·

223 2211 347 2257 nandi
366 2208 521 2253 fruetus
537 2208 889 2266 qualitercumque
904 2207 1086 2251 indebite
1100 2219 1193 2266 per·

224 2282 369 2328 ceptos
388 2279 481 2317 ,aut
499 2267 773 2327 componendi
795 2268 911 2326 super
938 2266 1080 2311 iisdem
1110 2266 1197 2311 fru-

222 2333 351 2375 cubus
366 2358 379 2371 .

285 2391 342 2433 X.
402 2387 655 2432 Celebrandi
686 2386 1010 2432 Miffamitineris
1023 2414 1038 2439 ,
1068 2385 1199 2430 aliive

226 2448 440 2495 occafione
461 2450 502 2491 in
523 2460 786 2505 quocumque
808 2446 902 2492 loco
932 2448 1048 2504 super
1064 2444 1203 2489 Altari

224 2508 414 2565 portatili
427 2533 443 2557 ,
455 2506 535 2551 five
547 2516 664 2552 extra
685 2515 843 2563 tempus
869 2507 922 2549 ab
937 2504 1116 2550 Ecclefia
1129 2505 1204 2549 de·

224 2565 385 2610 finitum
397 2594 414 2617 ‚
429 2565 496 2611 vel
510 2580 590 2611 non
606 2565 791 2611 servandi
803 2567 967 2615 omnia,
982 2567 1021 2610 δι
1044 2563 1199 2622 lingula

227 2623 374 2681 abipsa
391 2625 569 2670 Ecclefia
585 2634 780 2683 precepta
791 2652 808 2675 ‚
828 2627 873 2675 δι,
882 2625 1070 2668 ordinata
1085 2626 1198 2668 circa

226 2684 549 2728 celebrationem
566 2679 715 2735 Mille,
744 2684 785 2725 dt
805 2682 1198 2727 administrationem

227 2740 462 2789 sanetiffimi
479 2740 734 2784 Eucharistioe
746 2740 996 2784 sacramenti
1010 2769 1024 2782 .

289 2802 367 2844 ΧΙ.
428 2798 618 2843 Officium
642 2798 830 2842 divinum
855 2797 1197 2857 absquelegitima

227 2859 347 2904 cansa
366 2872 449 2902 non
480 2857 711 2910 recitandi,
736 2856 891 2902 illudve
915 2854 1195 2901 commutandi

229 2922 270 2963 in
293 2918 398 2961 alias
414 2931 581 2974 preces,
597 2915 666 2959 vel
679 2929 806 2974 opera
822 2918 885 2974 pia
898 2942 912 2965 ι,
930 2914 1009 2959 five
1025 2915 1199 2960 recitan-

227 2979 269 3022 di
287 2990 411 3020 unum
424 2974 616 3020 Officium
641 2989 717 3031 pro
742 2974 853 3027 alio,
878 2985 947 3019 aut
971 2985 1085 3020 extra
1101 2982 1201 3017 tem·

228 3051 300 3096 pus
314 3038 364 3080 ab
380 3035 555 3080 Bcclclia
570 3035 764 3079 statutum
777 3063 792 3088 ,
819 3034 883 3079 vel
899 3036 1016 3093 super
1033 3031 1201 3092 proemis-

227 3097 273 3140 fis
286 3110 380 3139 cum
392 3094 482 3139 aliis
494 3093 772 3152 dispensandi.

284 3157 384 3200 xit.
446 3153 614 3198 indulta
643 3167 903 3212 quecumque
929 3155 953 3201 a
984 3154 1199 3212 Regulari-

227 3217 301 3258 bus
314 3213 523 3272 utriusque
550 3212 691 3257 itidem
706 3212 821 3257 sexus
836 3216 1011 3258 obtenta
1022 3242 1038 3268 ,
1053 3224 1196 3258 votum

230 3275 475 3331 paupertatis
505 3270 822 3326 quotnodolibct
855 3273 1039 3318 loedentia
1068 3302 1085 3329 ,
1128 3282 1198 3318 aut

230 3333 423 3390 Regulari
452 3328 742 3386 observantie,
770 3331 1010 3389 Apostolicis
1032 3332 1198 3376 Consti·

231 3393 456 3436 tutionibus
469 3420 485 3444 ‚
501 3391 739 3451 propriique
752 3392 934 3441 Ordinis,
954 3394 1017 3437 scu
1038 3392 1200 3437 institu-

231 3454 264 3495 ti
279 3452 433 3494 naturis
446 3452 650 3495 contraria
665 3480 679 3503 ‚
699 3452 761 3495 vel
776 3452 1027 3496 adversantia
1040 3479 1052 3494 .

291 3512 411 3554 xlll.
475 3509 661 3556 Facultas
686 3509 958 3568 Regularibus
989 3510 1200 3570 alloquen-

229 3568 272 3615 di
306 3569 504 3613 moniales
533 3572 658 3615 etiam
687 3570 1002 3628 emunguinea·
1031 3597 1046 3621 ‚
1087 3569 1201 3615 alias·

232 3641 312 3733 qe?
343 3629 677 3683 Pe'sbmhintra
707 3628 946 3675 clausuram
971 3631 1203 3689 degentes,

233 3702 255 3732 a
330 3701 381 3731 ue
396 3687 591 3743 peculiari
606 3689 870 3745 superiorum
886 3719 901 3742 ‚
915 3689 965 3734 ad
981 3704 1083 3749 quos
1096 3702 1202 3748 quo-

331 3758 534 3796 ocumquc
555 3748 696 3801 speetu
714 3778 727 3797 ,
741 3749 929 3792 licentia.

291 3804 408 3851 xlv.
469 3802 631 3851 ludulta
660 3835 674 3860 ‚
699 3806 913 3852 facultates
940 3834 955 3860 ,
978 3810 1019 3852 δι
1044 3808 1195 3867 gratias

770 158 933 248 Sub
994 155 1381 245 Clemente
1441 158 1589 245 XI
1606 157 1660 242 I.
1706 128 1710 132 i

1267 333 1363 361 mox
1377 319 1538 372 relatas,
1552 334 1750 364 eorumve
1765 320 1897 376 aliqua
1923 322 1961 366 in
1978 327 2070 366 toto
2085 351 2099 375 ,
2114 321 2180 366 vel
2199 322 2240 365 in

1266 389 1409 435 parte,
1427 379 1656 429 indefinite,
1672 378 1735 422 vel
1749 380 1800 422 ad
1823 391 2006 434 tempus,
2029 384 2069 423 &
2084 383 2124 425 itt
2145 381 2238 424 casu

1268 438 1501 493 particulari
1517 467 1531 492 ,
1546 436 1612 482 stu
1626 439 1710 480 alio
1721 440 1865 494 quovis
1880 439 2009 482 modo
2023 441 2111 483 aliis
2123 454 2240 484 com-

1268 497 1498 540 municandi
1515 528 1527 540 .

1303 566 1307 569 ’
1376 558 1477 616 Qae
1493 557 1657 615 quidem
1674 556 1809 599 omnia
1823 582 1837 605 ,
1851 557 1891 598 &
1906 554 2075 610 fingula,
2087 557 2241 601 etiamfi

1255 615 1325 658 sub
1343 617 1595 672 quibuslibet
1608 615 1979 671 aliiS,quantumvis
1993 617 2136 670 amplis
2152 631 2244 660 ver-

1273 676 1415 717 borum
1442 674 1584 718 formis
1597 705 1611 729 ,
1624 678 1665 718 &
1679 676 1889 718 tenoribus
1904 673 2151 724 eonceffa,&
2164 676 2241 718 im-

1268 743 1431 792 petrata
1447 734 1601 778 fuerint
1614 762 1629 785 ,
1643 734 1778 791 quoad
1795 744 2012 789 utrumque
2026 730 2179 780 forum,
2190 748 2238 776 ac

1268 793 1531 851 generaliter,
1548 794 1628 836 five
1642 807 1706 836 res
1719 794 1764 836 fit
1776 793 1832 837 'de
1845 792 1938 835 casu
1955 792 2140 846 occulto,
2156 793 2238 835 five

1266 854 1319 895 de
1335 853 1501 907 publico
1513 882 1527 906 ,
1540 862 1734 896 revocata
1746 878 1762 901 ,
1787 853 1826 896 δι
1846 851 2035 905 abrogata
2051 850 2129 896 effe
2144 881 2159 905 ,
2189 865 2235 894 ac

1263 911 1440 967 intelligi
1454 913 1521 964 ‚Gt
1534 911 1686 956 censeri
1700 912 1850 954 debere
1874 910 2082 954 statuimus
2095 941 2108 953 .

1379 971 1567 1014 Distriete
1591 971 1809 1027 propterei
1824 970 2089 1023 prohibemus
2105 999 2121 1023 2
2147 984 2239 1016 nu

1266 1042 1389 1088 quam
1415 1029 1613 1085 deinceps
1641 1027 1812 1074 indultis
1824 1058 1840 1080 ‚
1868 1028 2134 1073 facultatibus
2147 1055 2163 1079 ,
2193 1030 2235 1072 δε

1265 1088 1476 1146 gratiisfic
1496 1103 1570 1145 per
1594 1091 1682 1132 Nos
1705 1090 1939 1138 revocatis,
1964 1090 2006 1132 δι
2027 1086 2240 1146 *abrogatis

1269 1149 1472 1205 ullatenus
1494 1148 1558 1190 uti
1587 1147 1738 1193 audeat
1751 1176 1766 1201 ,
1793 1147 1863 1191 seu
1887 1149 2094 1207 praesumat
2121 1175 2140 1198 ,
2154 1146 2238 1202 {sub

1268 1222 1392 1261 poena
1419 1207 1852 1253 excommunicationis
1878 1236 1893 1260 ,
1918 1220 1964 1249 ac
1993 1205 2237 1265 privationis

1265 1264 1507 1326 Officiorum
1522 1297 1538 1318 ,
1558 1263 1814 1320 Dignitatum
1826 1294 1841 1317 ,
1858 1266 2150 1328 &quorumvis
2162 1265 2242 1309 Be-

1264 1326 1506 1370 neficiorum
1518 1327 1821 1377 obtentorum,
1845 1328 1959 1368 vocis
1981 1326 2121 1368 activa
2149 1355 2166 1377 ,
2199 1325 2240 1367 &

1258 1384 1440 1442 paffivoe,
1461 1398 1622 1428 necnon
1648 1384 1913 1428 inhabilitatis
1934 1384 1986 1426 ad
2012 1383 2237 1428 audiendas

1262 1443 1528 1486 confeffioues
1543 1471 1557 1493 ‚
1587 1446 1628 1484 δε
1641 1443 1692 1484 ad
1707 1443 1851 1485 Officia
1863 1470 1878 1491 ,
1904 1443 2135 1497 Dignitates
2150 1470 2168 1497 2
2195 1443 2237 1485 δὲ

1262 1499 1466 1543 Beneficia
1492 1499 1717 1551 hujusmodi
1744 1502 1783 1540 in
1799 1500 1985 1541 futurum
2001 1494 2240 1552 obtinenda,

1258 1556 1343 1613 ipso
1363 1555 1465 1599 sacto
1485 1557 1631 1611 absque
1648 1555 1732 1599 ulla
1754 1557 1833 1599 alia
1865 1556 2146 1602 declaratione
2163 1573 2234 1614 pet·

1258 1613 1563 1671 transgressores
1579 1614 2058 1670 respeffiveincnrrenda
2077 1643 2093 1668 ,
2116 1619 2140 1662 a
2155 1631 2234 1673 qua

1258 1675 1413 1719 nonnisi
1429 1675 1452 1718 a
1469 1675 1599 1718 Nobis
1612 1701 1625 1723 ,
1642 1675 1705 1717 seu
1722 1675 1910 1726 Romano
1943 1673 2143 1718 Pontifiee
2159 1691 2236 1732 pro

1260 1743 1452 1789 tempore
1477 1734 1701 1785 existente,
1722 1736 1992 1791 preterquam
2007 1735 2141 1791 quoad
2168 1747 2238 1779 ex-

1259 1790 1669 1838 communicationem
1698 1791 1901 1848 praesatam
1923 1794 1964 1836 in
1979 1793 2124 1836 mortis
2137 1794 2237 1837 arti·

1259 1852 1357 1897 culo
1384 1852 1594 1895 constituti
1609 1880 1625 1903 ‚
1656 1850 1923 1896 absolutionis
1938 1878 1955 1901 ,
1970 1850 2240 1908 dispensatio·

1260 1913 1323 1956 nis
1338 1938 1353 1961 ,
1369 1914 1435 1955 seu
1445 1911 1802 1956 ·rehabilitationis
1816 1910 2056 1957 beneficium
2071 1908 2239 1958 valeant

1259 1972 1449 2015 obtinere
1463 2002 1477 2014 .
1535 1995 1545 2013 ε
1723 1998 1725 2001 -
1802 1989 1809 1994 ’·
2232 1996 2236 2004 ,

1376 2033 1584 2076 Noverint
1610 2029 1770 2088 iniiiper
1785 2031 2068 2082 Poenitentes,
2094 2032 2138 2075 δι
2167 2030 2238 2076 alii

1259 2089 1405 2135 fideles
1416 2117 1431 2140 ,
1448 2091 1721 2136 ablblutiones
1732 2116 1749 2140 ,
1765 2089 2107 2148 dispensationes,
2121 2089 2239 2134 'rela-

1258 2152 1443 2195 xationes
1455 2180 1470 2204 ‚
1484 2150 1823 2197 commutationes
1832 2177 1847 2201 ,
1861 2149 2235 2203 convalidationea‚

1259 2211 1579 2268 compositiones
1593 2237 1610 2261 ‚
1622 2208 1868 2267 &ejusmodi
1886 2238 1902 2263 ,
1917 2209 1942 2254 fi
1961 2223 2049 2266 que
2068 2209 2242 2266 inpostea

1258 2281 1350 2315 rum
1375 2281 1522 2314 contra
1546 2271 1648 2314 hanc
1677 2269 1862 2313 nostram
1885 2269 2238 2326 prohibitionem-³

1260 2330 1548 2379 obtinuerint,
1571 2328 1688 2373 nulla
1712 2326 1827 2383 sore,
1851 2327 2081 2387 nulliusque
2103 2327 2236 2372 robo-

1263 2390 1317 2433 ris
1334 2417 1349 2443 ,
1362 2402 1408 2432 ac
1422 2390 1622 2433 momenti
1637 2415 1651 2431 .

1382 2449 1590 2493 Ceterum
1620 2460 1691 2507 per
1714 2447 1926 2504 pra-sentes
1949 2460 2031 2491 non
2061 2445 2240 2491 intendi.

1263 2520 1353 2551 mus
1370 2521 1567 2552 revocare
1595 2506 1821 2565 supradicta
1840 2506 1999 2551 indulta
2011 2536 2027 2558 ,
2059 2503 2237 2550 faculta-

1260 2568 1388 2616 tes,&
1402 2568 1563 2625 gratias,
1574 2580 1662 2623 quae
1676 2578 1750 2621 per
1770 2566 1929 2619 quasvis
1943 2564 2107 2608 litteras
2121 2567 2238 2621 Apo·

1260 2624 1437 2677 stolicaa,
1448 2626 1574 2667 etiam
1596 2625 1637 2667 ln
1668 2620 1935 2666 fimilistnma
1955 2622 2094 2665 Brevis
2112 2636 2238 2678 expe·

1258 2683 1369 2725 ditas
1382 2710 1397 2733 ,
1412 2681 1476 2725 vel
1492 2681 1685 2738 rescripta
1697 2681 1720 2724 a
1739 2683 1781 2724 S·
1800 2681 1856 2725 R.
1872 2682 1921 2725 Ε.
1941 2676 2115 2736 praesatae
2129 2683 2238 2726 Car-

1259 2739 1457 2784 dinalium
1473 2769 1487 2792 ,
1505 2751 1572 2784 aut
1589 2743 1782 2784 Romane
1797 2740 1934 2784 curie
1955 2739 2237 2792 Palinurum,

1259 2799 1398 2843 aliisve
1412 2800 1540 2843 Almoe
1556 2798 1678 2843 Urbis
1690 2797 2092 2855 congregationibus
2106 2797 2234 2852 edita,

1261 2861 1300 2902 δι
1331 2860 1382 2902 ab
1412 2856 1564 2902 eisdem
1594 2857 1947 2903 Proedecelloribus
1970 2857 2199 2914 approbata
2213 2878 2231 2909 ,

1261 2931 1427 2962 necnon
1445 2931 1520 2976 per
1534 2917 1687 2960 dietum
1707 2916 1899 2960 Officium
1917 2915 2236 2961 poenitentiari-

1262 2976 1506 3035 Apollolicoe
1518 2976 1779 3035 quandocum
1811 2989 1860 3021 ue
1872 2972 2055 3020 concefia
2070 2974 2235 3026 fuerint,

1261 3040 1328 3083 seu
1341 3036 1655 3087 emanaverint,
1678 3049 1767 3095 quoe
1821 3034 1900 3090 iva,
1913 3048 1962 3079 ac
1975 3033 2092 3080 firma
2107 3047 2236 3080 rema·

1261 3111 1360 3141 nere
1375 3097 1562 3142 volumus
1579 3126 1591 3139 .

1379 3157 1658 3201 Decerne-ntes
1691 3153 1852 3199 easdem
1884 3152 2097 3223 presentes
2125 3151 2235 3197 litte·

1260 3218 1653 3334 :inffatam
1657 3225 1750 3332 ‘12³0‘ss
1764 3216 2051 3332 ἅξὶτὲΐὲᾔὶ
2061 3215 2235 3315 ῗῶἳὲἕ.

1260 3334 1488 3379 ordinarios
1502 3337 1584 3379 ἃς.
1613 3337 1709 3378 Non
1722 3332 1778 3378 ob
1813 3331 1975 3377 antibus
1999 3329 2200 3389 proemlllia
2216 3358 2233 3384 ‚

1262 3409 1308 3438 ac
1325 3393 1528 3452 quibusvis
1553 3390 1922 3438 constitutionibus
1946 3420 1962 3446 ,
1986 3392 2028 3435 δι
2053 3389 2231 3434 Ordina-

1263 3454 1444 3558 tionibus¹
1454 3453 1704 3511 Apostolicis
1717 3481 1733 3507 ‚
1747 3453 1825 3496 διε.
1837 3450 1994 3513 Qibus
2006 3450 2196 3494 omnibus
2213 3476 2231 3503 ,

1261 3514 1303 3557 δι
1318 3513 1371 3558 lin
1450 3514 1480 3560 is
1491 3515 1570 3559 dcc.

1374 3528 1437 3620 {lut
1452 3582 1588 3620 autem
1601 3571 1750 3617 eodem
1793 3566 1974 3613 resentes
2002 3570 2151 3614 littere
2177 3565 2231 3612 ad

1260 3633 1443 3677 omniurn
1476 3632 1665 3677 notitiam
1690 3627 1753 3673 sac
1788 3626 1848 3672 itls
1878 3627 2097 3673 deveniant
2124 3654 2139 3680 ,
2161 3639 2235 3671 vo·

1264 3693 1396 3737 lumus
1429 3692 1548 3747 illas,
1572 3689 1636 3735 seu
1663 3699 1800 3733 earum
1825 3687 2006 3744 exempla
2022 3686 2072 3733 ad
2091 3685 2228 3731 valvas

1262 3750 1449 3796 Ecclefioe
1463 3745 1735 3797 Lateranenfis
1750 3773 1765 3800 ,
1786 3748 1828 3791 dt
1842 3746 2014 3793 Balilicae
2029 3742 2228 3804 Principis

1259 3809 1543 3869 Apostolorum
1555 3833 1570 3860 ,
1584 3808 1664 3851 διε.

2015 3867 2168 3909 Datum
