2444 4192
313 198 476 310 358

250 353 532 408 Superioribus
545 381 560 404 ,
589 352 628 392 &
642 349 821 392 Praelatis
853 351 1049 405 praedietis
1062 380 1075 403 ,
1106 359 1153 395 ut
1167 353 1208 394 in

247 413 389 469 primis
410 412 598 467 proximis
623 407 767 451 futuris
785 410 984 464 Capitulis
1010 410 1077 454 seu
1094 414 1208 453 Con-

250 473 577 526 gregafionffius,
603 468 924 512 Provincialibus
942 497 957 519 ,
984 471 1050 514 vel
1073 473 1211 513 Gene-

247 531 399 573 ralibus
424 529 693 583 cujuscunque
724 528 942 571 Provincia:
964 531 1102 571 tamin
1121 532 1210 572 lta-

250 588 329 641 lia,
351 590 470 645 quam
488 595 601 628 extra
614 612 628 633 ,
644 585 855 640 praesentes
875 587 1029 630 nostras
1052 589 1208 631 litteras

247 647 328 703 legi
341 650 382 689 δι
394 644 588 702 publicari
602 643 753 688 faciant
772 674 787 697 ‚
799 646 840 686 δι
853 657 1088 700 procurent.
1104 647 1209 690 Nul-

246 703 275 747 li
299 719 403 759 ergo
428 704 597 746 omnino
612 703 819 746 hominum
835 703 956 747 liceat
968 707 1047 749 διε.
1064 706 1105 750 Si
1120 708 1206 761 quis

247 776 379 807 autem
393 765 470 804 διε.

362 828 511 867 Datum
532 820 675 865 Romae
687 821 794 879 apud
819 823 1006 866 §anetum
1020 827 1207 867 Marcum

241 884 370 925 Anno
403 881 699 923 Incarnationis
718 881 971 934 Dominicae,
996 882 1207 926 millefimo

241 939 527 984 sexcentefimo
554 934 698 992 sexte,
724 938 930 983 Kalendas
953 942 1204 999 Septembris

240 995 515 1042 Pontificatiis
533 999 659 1042 nostri
673 1004 795 1041 Anno
813 999 1003 1044 Secundo
1016 1029 1031 1043 .

299 1118 474 1174 exempl.
499 1122 544 1161 in
570 1116 691 1160 Areb-
711 1115 891 1173 generali
910 1116 1003 1158 Ord.
1021 1116 1077 1167 ὁ·
1090 1117 1212 1159 babe-

353 1187 423 1220 tur
450 1189 604 1233 quoque
631 1180 675 1218 in
691 1176 797 1219 Bult.
814 1177 925 1218 Rem.
961 1175 1146 1220 Videatur
1162 1176 1211 1224 θ’

350 1235 462 1294 irffra
494 1233 729 1293 constitutio
754 1235 978 1278 Alexandri
998 1236 1080 1277 1111.
1109 1237 1212 1277 inci-

352 1298 463 1351 pient
477 1309 492 1339 ε
506 1296 624 1338 Licet
645 1293 744 1338 alias
759 1306 774 1336 ε
803 1291 858 1344 ὰ
875 1294 903 1335 ὀ
917 1294 1131 1337 Provinciis
1149 1293 1213 1335 Ul·

357 1352 624 1397 tra-ostani:
648 1361 834 1395 notentur
859 1365 931 1399 ea,
961 1365 1049 1407 qne
1071 1353 1115 1394 de
1140 1352 1214 1394 bac

356 1415 529 1455 aterio
550 1422 643 1454 torn-
661 1423 696 1452 r.
710 1407 901 1468 Bamfol.
918 1422 988 1464 73.
1007 1410 1057 1459 θ’
1072 1423 1142 1464 74.
1160 1410 1217 1452 ad

355 1469 527 1515 illarum
533 1466 719 1529 savorem
730 1468 995 1511 extrudantur
1006 1498 1021 1510 .

241 1712 496 1758 Decretum
517 1735 535 1760 ,
562 1717 657 1767 quo
684 1703 734 1751 S.
752 1700 1072 1771 Congregatio
1082 1701 1207 1750 Con·

309 1772 405 1822 cilii
435 1772 689 1842 Regulares
709 1774 843 1835 juata
874 1788 1036 1821 eorum
1067 1770 1210 1839 privi-

308 1844 431 1912 legia
466 1859 623 1893 coram
655 1858 817 1893 eorum
852 1841 1176 1911 Superioribus
1191 1877 1209 1901 ,

310 1915 384 1965 vel
409 1910 823 1964 Conservatoribus
858 1914 1096 1963 conveniri
1134 1911 1209 1962 de·

310 1981 416 2032 bere
436 2018 453 2040 ‚
483 1979 756 2047 eosdemque
779 2000 864 2031 nec
895 1985 942 2030 in
972 1981 1209 2032 Constitu-

311 2054 438 2101 tione
467 2050 671 2100 Coneilii
704 2049 1024 2116 Lugdunensis
1066 2051 1206 2116 incip.

317 2118 514 2168 Volesus
540 2152 558 2176 ,
586 2134 670 2167 nec
705 2119 752 2166 in
775 2122 977 2169 Decreto
1004 2120 1207 2171 Concilii

306 2187 573 2242 Tridentini
597 2206 699 2257 cap.
717 2205 795 2253 ¹4·
822 2186 916 2240 soff.
932 2208 1050 2241 vn.
1084 2207 1207 2241 com·

308 2257 548 2330 prehensos
567 2257 651 2311 esse
667 2258 935 2320 declaravit,
946 2258 1205 2313 confirmat.

275 2390 698 2447 PAULUs
763 2391 1017 2443 PAPA
1097 2395 1162 2443 V.

416 2517 680 2579 Adsuetas·
693 2522 754 2563 rei
782 2524 1008 2566 nemias·
1020 2549 1034 2562 .

366 2634 635 2693 Eligiosorum
661 2637 733 2683 {inb
758 2639 873 2698 gravi
900 2640 1121 2696 Religionis
1145 2642 1210 2699 ju-

391 2709 447 2752 go
462 2695 662 2740 Altillimo
678 2698 959 2744 famulantium
970 2699 1099 2754 quieti
1115 2715 1208 2757 pro-

264 2760 397 2813 prccre
410 2757 616 2806 cupientes
628 2781 644 2805 ,
669 2769 757 2813 que
775 2755 887 2799 illam
899 2772 1068 2815 quoquo
1085 2759 1209 2804 modo

244 2813 487 2872 perturbare
501 2810 607 2868 ροσε
629 2815 847 2866 ridentur,
871 2829 1105 2874 opportuna
1134 2833 1211 2862 no·

247 2873 324 2918 ssra
339 2870 616 2916 declaratione
640 2874 665 2915 ὲ
692 2873 832 2917 medio
845 2875 1025 2929 tollere,
1050 2890 1096 2923 ac
1112 2876 1210 2923 aliis

247 2929 421 2986 desuper
455 2929 690 2984 opportune
726 2932 945 2988 providere
988 2948 1208 2989 curamus,

251 3000 376 3048 prout
416 2988 455 3031 in
484 2990 664 3033 Domino
697 2989 911 3036 salubriter
938 2992 1207 3051 conspicimus

250 3048 463 3104 expedire.
488 3047 594 3091 Cum
619 3049 756 3106 itaque
778 3052 944 3096 nomine
958 3052 1096 3099 dilecti
1114 3055 1205 3099 Filii

252 3107 383 3153 basilii
407 3106 634 3164 angutiotoe
652 3135 667 3159 ,
683 3110 970 3156 procuratoris
994 3113 1206 3159 Generalis

246 3166 409 3211 Ordinis
428 3167 609 3210 Fratrum
624 3167 1006 3226 Carmelitarum‚in
1017 3177 1208 3230 Congre-

249 3226 413 3283 gatiooe
441 3226 746 3271 Venerabilium
778 3230 965 3276 Fratrum
982 3232 1205 3278 nostrorum

249 3288 289 3328 s.
308 3286 422 3329 κε.
454 3284 741 3331 cardinalium
766 3288 997 3336 Tridentini
1027 3292 1207 3338 Consilii

251 3348 520 3400 interpretum
534 3372 550 3399 ,
574 3347 799 3402 expolitum
817 3346 938 3393 suerit
954 3379 969 3403 ,
1000 3352 1040 3396 in
1062 3351 1209 3411 Hispa-

249 3404 404 3446 niarum
434 3404 589 3461 Regnis
600 3404 793 3464 quosdam
806 3406 1047 3456 ordinarios
1072 3412 1207 3457 Loco-

247 3476 341 3506 rum
367 3462 647 3517 contendere,
673 3465 901 3524 Religiosos
917 3467 1021 3513 intra
1034 3469 1206 3514 elsuilra

248 3520 447 3576 degentes
469 3535 607 3565 eoram
641 3523 732 3582 iptio
746 3525 970 3572 ordinariis
998 3528 1205 3573 conveniri

247 3578 398 3623 debere
423 3580 460 3622 in
485 3580 609 3624 eauiis
638 3583 826 3630 civilibus
854 3614 870 3637 ,
891 3597 976 3645 rap.
1011 3589 1172 3632 Voleaem
1188 3615 1204 3641 ,

245 3637 291 3681 ὰ
312 3639 532 3705 privilegiis
556 3639 599 3683 in
615 3643 731 3701 sture
754 3646 1077 3703 comprehensis,
1107 3660 1202 3703 pro·

245 3707 336 3756 pter
364 3695 470 3739 illius
499 3699 798 3747 innovationem
829 3708 854 3751 a
888 3707 1081 3752 Concilio
1110 3706 1203 3751 'rri-

244 3756 413 3801 dentino
446 3750 622 3809 saetam,
655 3761 816 3806 senione
846 3774 890 3815 7.
918 3779 1092 3822 esp-14.
1122 3779 1204 3822 quo

241 3814 434 3874 prefatos
452 3812 673 3872 Religiosos
690 3846 704 3870 ‚
728 3835 867 3865 eorum
882 3825 1107 3881 privilegiis
1133 3825 1200 3867 ab·

923 192 1083 278 Sub
1152 190 1397 309 Pagala
1465 195 1568 282 V.

1269 353 1439 410 rogatis,
1453 352 1675 396 defendunt
1694 355 1983 409 comprehendi
2001 385 2013 398 .
2036 357 2235 399 Praeterea

1268 411 1620 455 eosdemlocorum
1640 413 1880 456 Ordinarios
1896 417 2044 469 pariter
2063 424 2240 458 conten-

1270 472 1369 513 dere
1392 471 1551 513 eosdem
1580 471 1805 526 Religiosos
1832 473 1937 515 intra
1961 475 2137 517 claustra
2165 474 2238 515 de-

1269 540 1409 584 gentes
1425 531 1463 571 in
1480 531 1606 585 prima
1624 530 1805 572 instantia
1822 544 1960 572 coram
1975 532 2065 587 ipsis
2078 547 2153 576 con
2167 546 2240 574 ve-

1267 589 1348 632 niri
1373 588 1524 631 debere
1560 603 1609 631 ex
1635 589 1806 632 decreto
1834 588 2011 643 ejusdem
2056 590 2236 634 Concilii

1269 648 1534 699 Tridentini,
1558 648 1718 690 seffione
1739 660 1860 689 xxiv.
1884 661 1968 701 cap.
1984 660 2052 688 xx.
2081 648 2132 691 de
2151 652 2235 691 Re—

1265 704 1506 749 formatione
1519 718 1535 758 3
1551 711 1737 763 Cumque
1752 707 1803 748 ab
1815 703 1958 747 eodem
1973 704 2122 748 ssafilio
2133 709 2237 750 Pro·

1267 763 1455 808 curatore
1480 764 1675 807 Generali
1699 766 1739 806 in
1762 764 1903 807 eadem
1930 766 2236 818 Congregatio—

1267 838 1316 866 ne
1331 824 1595 879 supplicatum
1611 822 1758 871 fuerit,
1775 832 1821 866 ut
1847 822 1964 878 super
1992 834 2167 878 utraque
2193 835 2238 864 re

1266 881 1450 938 responsa
1468 882 1752 933 darentur3Ab
1771 882 1912 925 eadem
1929 882 2032 923 vero
2046 884 2238 937 Congre-

1266 944 1435 998 gatione
1463 940 1585 983 fuerit
1609 940 1870 996 responsum,
1900 943 2046 996 Neque
2075 940 2236 983 Consti·

1270 1001 1433 1043 tutione
1460 1000 1497 1040 in
1513 999 1705 1041 Concilio
1730 999 1983 1055 Lugdunensi
1999 998 2110 1042 edita
2121 1027 2136 1051 ‚
2152 1012 2236 1056 quae

1270 1059 1438 1112 incipit:
1471 1058 1636 1099 Valente:
1652 1085 1667 1109 ,
1692 1071 1744 1100 ne
1775 1072 1827 1102 ue
1857 1057 2033 1100 decreto
2057 1057 2238 1101 Concilii

1271 1115 1502 1159 Tridentini
1518 1128 1678 1170 cap-14.
1699 1115 1737 1157 se
1769 1130 1825 1168 .7.
1839 1116 2136 1171 comprehendi
2152 1118 2238 1159 Re-

1272 1175 1430 1232 gulares
1443 1203 1459 1227 ,
1489 1175 1666 1229 ideoque
1693 1188 1766 1218 eos
1781 1175 1893 1231 juxta
1913 1189 2052 1218 eorum
2070 1174 2237 1232 privile-‹¹-

1270 1236 1337 1291 gia
1349 1247 1481 1276 coram
1498 1233 1575 1276 suis
1587 1233 1871 1289 Superioribus
1884 1262 1900 1286 ,
1926 1234 1992 1276 vel
2008 1237 2099 1279 Con
2107 1233 2240 1277 serva-

1271 1293 1431 1337 toribus
1440 1289 1520 1334 effe
1537 1292 1846 1338 conveniendos
1859 1306 1873 1335 :
1898 1293 2070 1335 Necnon
2088 1295 2237 1336 Decre-

1270 1363 1356 1393 tum
1371 1348 1550 1405 ejusdem
1564 1350 1740 1393 Concilii
1759 1351 1987 1394 Tridentini
2008 1352 2122 1394 disto
2142 1366 2232 1408 cap.

1274 1422 1340 1453 20.
1354 1407 1508 1462 soff-24·
1522 1409 1572 1450 ad
1591 1409 1819 1464 Regulares
1832 1423 1911 1453 non
1923 1411 2150 1465 pertinere,
2161 1425 2235 1453 nee

1270 1482 1408 1512 eorum
1422 1469 1757 1510 Conservatorias
1774 1469 2030 1516 imminuere,
2048 1483 2123 1511 nec
2137 1483 2238 1523 quo·

1267 1528 1318 1568 ad
1346 1526 1512 1578 primam
1532 1525 1692 1565 illarum
1719 1526 1941 1567 instantiam
1968 1525 2122 1579 aliquid
2135 1527 2235 1569 novi

1267 1582 1459 1623 inducere
1472 1593 1486 1621 ε
1517 1580 1674 1634 ipseque
1696 1581 1856 1624 Baiilius
1876 1584 2128 1630 Procurator
2143 1586 2231 1627 Ge-

1268 1637 1416 1681 neralis
1434 1638 1563 1681 Nobis
1592 1638 1800 1682 humiliter
1825 1639 2037 1697 supplicari
2062 1640 2206 1686 fecerit
2221 1668 2237 1692 s

1268 1706 1313 1739 ut
1328 1710 1404 1753 pro
1417 1693 1475 1740 sui
1504 1697 1671 1740 Ordinis
1684 1700 1824 1755 quiete
1839 1698 2077 1756 fitpradietas
2098 1700 2239 1745 decla·

1268 1755 1513 1800 rationesab
1526 1753 1674 1799 eisdem
1701 1758 1889 1801 locorum
1904 1757 2137 1802 Ordinariis
2151 1760 2235 1803 ser-

1269 1815 1354 1857 vari
1367 1814 1545 1866 debere,
1576 1815 1809 1871 apostolica
1829 1817 2070 1861 auetoritate
2094 1818 2236 1875 preci·

1267 1888 1367 1932 pere
1396 1873 1685 1930 dignaremur.
1710 1878 1796 1919 Nos
1824 1902 1840 1928 ,
1861 1875 1971 1920 illius
1997 1875 2230 1933 hujusmodi

1268 1932 1624 1989 supplicationibus
1650 1933 1865 1984 inclinati,
1886 1934 2075 1977 omnibus
2104 1935 2232 1978 &fin-

1268 1993 1376 2048 gulis
1406 1990 1588 2034 locorum
1604 1991 1837 2035 Ordinariis
1861 1991 1902 2034 in
1920 1992 2076 2035 virtute
2097 1992 2235 2041 sanein

1266 2049 1373 2093 obed
1381 2049 1507 2092 ientiae
1542 2065 1611 2105 per
1647 2049 1857 2106 praesentes
1884 2049 2069 2095 districte
2097 2054 2234 2108 preci·

1266 2107 1419 2165 piendo
1433 2109 1621 2151 mandam
1628 2122 1690 2160 us,
1702 2123 1754 2152 ne
1769 2110 1993 2162 Patren&
2008 2110 2236 2168 Religiosos

1266 2167 1361 2211 disti
1379 2167 1545 2210 Ordinis
1559 2169 1877 2212 Carmelitarum
1896 2177 2057 2213 contra·
2070 2169 2235 2228 dispoli-

1265 2227 1417 2270 tionem
1435 2226 1766 2270 Declarationum
1781 2227 2059 2283 proediRarum
2074 2223 2236 2285 pertur-

1267 2286 1376 2332 bare,
1391 2283 1456 2326 vel
1470 2284 1697 2341 inquietare
1712 2299 1878 2341 quoquo
1892 2286 2019 2329 modo
2031 2288 2227 2340 audeant,

1265 2342 1329 2385 vel
1349 2341 1761 2397 presumangirritum
1774 2343 2035 2388 nihilominus
2049 2346 2091 2389 δι
2110 2347 2231 2391 inane

1264 2402 1547 2454 decernentes,
1561 2401 1751 2459 quicquid
1764 2398 1874 2445 secus
1887 2402 2005 2460 super
2018 2404 2079 2447 his
2092 2406 2117 2451 a
2128 2419 2232 2462 quo·

1265 2474 1386 2520 quarn
1405 2463 1547 2517 quavis
1575 2461 1816 2505 auctoritate
1837 2459 2007 2505 scienter
2024 2462 2091 2506 vel
2106 2465 2231 2520 igno..

1269 2529 1410 2565 ranter
1422 2521 1644 2578 contigerit
1658 2520 1882 2564 attentari.
1897 2522 2112 2580 roirca
2128 2521 2234 2566 dilc-

1266 2579 1339 2623 &is
1358 2578 1469 2622 Filiis
1481 2578 1690 2622 causarum
1706 2579 1840 2622 Curioe
1864 2582 2046 2625 Camere
2061 2581 2235 2638 Aposto-

1268 2637 1356 2681 liaoe
1371 2638 1567 2681 Gener-ali
1584 2636 1774 2681 Auditori
1785 2664 1799 2688 ,
1825 2637 1866 2679 Gr
1878 2638 2015 2682 nostro
2025 2664 2041 2689 ,
2066 2642 2108 2682 δι
2119 2642 2232 2696 Apo-

1268 2695 1414 2741 stolicae
1441 2696 1557 2741 Sedis
1571 2697 1610 2740 in
1626 2695 1777 2753 Regnis
1801 2693 2084 2752 Hispaniarum
2112 2700 2232 2742 Nun·

1269 2756 1336 2800 cio
1354 2769 1428 2812 per
1439 2756 1645 2813 presentes
1661 2754 1953 2800 committimus
1970 2781 1986 2807 ,
2008 2757 2047 2798 &
2065 2756 2229 2800 manda-

1271 2829 1387 2867 mus,
1436 2814 1715 2871 uatenusipfi,
1741 2812 1807 2856 vel
1831 2813 1934 2857 alter
1957 2826 2101 2857 eorum
2129 2828 2231 2872 ρη-

1269 2874 1396 2922 sentes
1436 2875 1601 2927 itteras,
1628 2874 1667 2915 δι
1691 2872 1733 2915 in
1745 2871 1806 2915 eis
1834 2881 2018 2918 contenta
2039 2887 2228 2932 quecun·

1268 2948 1361 2991 que,
1374 2933 1461 2985 ubi,
1472 2934 1513 2977 Gt
1525 2931 1689 2989 quando
1716 2943 1821 2987 opus
1835 2928 1958 2975 fiterit
1970 2958 1985 2985 ,
2013 2934 2051 2977 δι
2065 2933 2224 2991 quoties

1267 3008 1346 3055 pro
1367 3002 1484 3051 parte
1509 2992 1709 3036 dictorum
1734 2987 2055 3047 Religiosorum,
2073 3005 2230 3036 eorum-

1267 3070 1317 3102 ve
1331 3053 1590 3111 Superiorum
1615 3049 1765 3095 suerint
1775 3046 1955 3107 requifiti
1969 3079 1983 3104 ,
1995 3051 2228 3097 solemniter

1269 3114 1518 3174 publicantes
1546 3141 1562 3166 ,
1587 3110 1655 3157 eis
1671 3124 1722 3154 ue
1753 3109 1792 3153 in
1825 3109 2028 3166 proemiffis
2053 3108 2224 3155 efficacis

1267 3171 1504 3219 defensionis
1525 3171 1703 3230 prasidio
1725 3167 1938 3212 aiiillentes
1951 3197 1968 3223 ,
1996 3169 2143 3216 faeiant
2153 3183 2226 3213 au.

1267 3233 1456 3278 ctoritate
1482 3230 1614 3276 nostra
1648 3229 1738 3275 illos
1759 3227 1982 3273 eorundem
2014 3226 2225 3287 premisso.

1266 3307 1354 3339 rum
1370 3290 1508 3337 effectu
1522 3287 1689 3348 pacifice
1703 3285 1782 3333 srui
1794 3315 1808 3341 ,
1831 3288 1871 3331 St
1885 3284 2061 3343 gaudere
2072 3314 2087 3341 ,
2107 3300 2223 3333 non...

1269 3352 1554 3410 permittentes
1569 3364 1638 3395 eos
1650 3346 2065 3404 desiipersquoquam
2083 3347 2223 3404 quavis

1268 3411 1514 3456 auctoritate
1549 3404 1858 3468 quomodolibet
1882 3403 2063 3449 indebite
2094 3406 2224 3451 mole-

1269 3471 1361 3516 stari
1375 3484 1390 3515 ε
1409 3468 1740 3515 contradictore·
1765 3462 2023 3523 quoscunque
2038 3477 2109 3522 per
2125 3478 2222 3509 cen·

1268 3532 1371 3574 suras
1388 3530 1455 3584 ‚dt
1469 3542 1612 3587 poenas
1629 3522 1919 3572 Eecleliailicas
1935 3550 1949 3574 ,
1977 3524 2052 3567 alia
2085 3536 2135 3568 ue
2148 3537 2223 3580 op-

1266 3598 1436 3647 portuna
1453 3587 1548 3646 juris
1560 3588 1601 3631 δι
1612 3584 1701 3630 sacti
1725 3581 1897 3628 remedia
1910 3612 1924 3636 ‚
1946 3584 2060 3641 appel
2082 3584 2218 3628 atione

1265 3647 1489 3706 polipofita,
1502 3640 1793 3703 compescendo
1804 3668 1819 3693 ,
1834 3641 2022 3686 invocato
2034 3643 2155 3687 etiam
2167 3641 2219 3685 ad

1266 3707 1369 3758 boc,
1385 3706 1410 3749 ii
1424 3718 1526 3764 opus
1540 3703 1693 3756 suerit,
1716 3700 1867 3745 auxilio
1891 3701 2044 3746 brachii
2066 3703 2219 3746 secula·

1265 3767 1320 3810 ris
1334 3794 1345 3806 .
1363 3768 1455 3809 Non
1471 3763 1717 3809 obstantibus
1747 3760 1814 3803 sel.
1834 3775 1914 3805 rec.
1929 3758 2124 3805 Bonisacii
2138 3763 2217 3805 Pa-

1263 3839 1320 3882 poe
1333 3824 1454 3867 vni.
1472 3819 1769 3868 l’roedecefforis
1784 3820 1900 3864 nostri
1926 3820 1977 3864 de
2006 3834 2083 3863 una
2101 3819 2217 3871 ,Btin

2039 3882 2153 3923 Con·
