2444 4192
338 167 505 271 366

237 323 471 369 uisitatione
497 323 549 365 de
568 320 670 362 fano
693 315 840 372 absque
857 316 941 358 ulla
966 316 1204 360 auctoritate

856 158 1015 250 Sub
1080 160 1429 278 Gregorio
1491 161 1582 246 X
1610 161 1710 250 V.

1268 318 1347 360 ties
1361 343 1375 365 ,
1388 318 1426 358 &
1441 317 1601 374 quando
1612 332 1712 375 opus
1729 318 1849 361 fuerit
1863 345 1878 370 ,
1890 345 1893 347 -
1907 319 2026 362 etiam
2041 326 2152 362 extra
2167 317 2228 359 vi-

238 379 279 422 se
305 382 499 436 ingerant:
512 383 551 422 in
574 381 652 428 his,
666 390 749 432 quae
767 373 1127 432 ejusmodicuram,
1143 376 1207 418 seu
1266 377 1510 428 strationem,
1521 392 1596 436 per
1607 377 1792 422 censuras
1807 376 2227 428 Eceiefiasticas,alias-,

236 440 616 482 administrationem
643 444 897 478 concernunt
921 457 935 482 ‚
960 434 1201 477 omnimodae

231 498 517 556 jurisdictioni,
532 493 761 544 vilitationi,
773 495 815 535 δι
829 493 1072 550 correstioni
1085 494 1198 536 Dioe-

234 556 366 599 cesani
388 555 597 613 Episcopi,
624 563 815 610 tanquam
828 553 943 595 Sedis
961 553 1204 608 Apostolicae

231 616 442 672 Delegati,
458 614 574 670 plene
592 614 632 655 in
647 611 836 655 omnibus
847 611 1122 669 subjiciantur.
1139 612 1200 655 Ad

233 674 317 716 haec
341 686 423 718 tam
454 672 678 728 Regulares
696 695 713 719 2
731 672 852 727 quam
877 670 1096 714 saculares
1120 672 1198 713 hu-

230 731 402 789 jusmodi
431 733 552 774 nuliis
578 730 825 787 privilegiis,
841 741 912 773 aut
924 729 1196 786 exemptioni-

229 792 304 834 bus
318 792 422 834 tueri
441 791 478 833 se
500 789 644 845 poffint
658 817 675 841 ,
699 790 915 846 quominus
930 817 944 840 ,
969 790 995 829 fi
1018 787 1200 845 delique-

231 847 1198 951 {³12¹{2⁶⁵:1⁶5„'25:13¹‘‘55‘2213515022522353:²:1¹²

603 935 619 960 θ
674 937 679 941 “
1173 932 1192 942 ⁸

226 967 505 1011 nistrationem
537 966 873 1011 Monasteriorum
886 965 1165 1010 Meuianum-i
1177 994 1191 1017 ,

227 1028 349 1069 etiam
366 1025 638 1081 Regularibus
651 1024 913 1084 subjectarum
926 1050 942 1073 ,
954 1025 1006 1067 ab
1027 1023 1192 1080 Episco-

227 1099 284 1142 po
301 1085 377 1126 loci
392 1110 409 1132 ‚
422 1085 602 1130 similiter
626 1096 813 1142 tanquam
827 1083 877 1127 ad
896 1085 975 1127 hoc
996 1083 1109 1127 Sedis
1129 1084 1192 1125 A·

224 1143 427 1200 poliolicae
444 1143 661 1201 Delegato,
672 1146 848 1201 quoties,
863 1145 900 1186 Bt
912 1141 1075 1200 quando
1088 1156 1191 1197 opus

225 1202 348 1245 fuerit
363 1232 379 1254 ,
397 1202 612 1258 puniri,&
626 1205 776 1260 corrigi
803 1204 990 1247 valeant.
1019 1196 1190 1245 Confes-

223 1263 331 1305 sores
351 1264 448 1305 vero
464 1262 542 1307 five
560 1262 811 1320 Regulsres,
840 1264 919 1305 five
944 1260 1158 1306 Saeculares
1173 1291 1191 1314 ,

225 1319 598 1377 quomodocunque
622 1323 827 1379 exempti,
858 1332 938 1364 tam
966 1321 1191 1373 ordinarii,

223 1387 344 1435 quam
356 1380 667 1422 extraordinarii
686 1380 736 1423 ad
750 1379 1012 1423 consefliones
1025 1379 1188 1423 Monia-

220 1436 349 1486 lium,
362 1437 483 1480 etiam
498 1438 777 1495 Regularibus
798 1437 1061 1493 subjectarum
1080 1465 1096 1489 ,
1118 1451 1190 1482 su-

220 1496 390 1538 diendas
419 1497 648 1540 nullatenus
674 1497 864 1553 deputari
891 1497 1053 1539 valeant
1072 1522 1088 1545 ,
1119 1496 1191 1537 nist

219 1554 333 1610 prins
359 1555 410 1595 ab
442 1554 645 1607 Episcopo
664 1556 905 1595 Dioecessno
927 1552 1061 1593 idonei
1085 1551 1190 1606 judi-

219 1621 367 1653 centur
379 1638 395 1661 ,
407 1611 448 1651 δι
460 1610 794 1664 approbationem
808 1638 825 1660 ,
850 1621 935 1664 quae
949 1607 1079 1663 gratis
1093 1620 1189 1650 con·

217 1669 388 1711 cedatur
399 1693 415 1718 ,
427 1666 643 1710 obtineant
659 1696 672 1708 .
692 1669 774 1711 Sed
799 1669 838 1710 δι
854 1665 1189 1709 Administrantes

217 1727 324 1768 bona
344 1724 392 1766 ad
410 1722 608 1780 ejusmodi
625 1726 871 1769 Monasteria
897 1725 1190 1768 sanctimonia-

215 1784 317 1826 lium
332 1812 347 1835 ,
363 1792 408 1826 ut
426 1782 655 1839 prefertur,
667 1786 791 1828 etiam
809 1783 1083 1841 Regularibus
1097 1782 1189 1827 sub·

212 1841 407 1901 jectarum
419 1867 435 1890 ,
447 1843 690 1897 pertinentia
705 1870 721 1895 ,
746 1842 827 1886 five
842 1844 1070 1897 Regulares
1081 1842 1189 1886 exti-

217 1901 369 1948 terint,
385 1897 463 1942 five
476 1900 693 1942 Saeculares
714 1900 1034 1956 quomodolibet
1047 1913 1188 1944 exem-

213 1960 307 2015 pti,
336 1956 539 2011 Episcopo
558 1957 672 2007 loci,
700 1958 894 2000 adhibitis
917 1959 1041 2000 etiam
1058 1963 1188 2013 Supe-

214 2017 394 2060 rioribus
408 2011 670 2068 Regularibus
685 2040 699 2064 ,
729 2014 890 2068 singulis
917 2017 1031 2058 annis
1059 2015 1188 2058 ratio-

213 2087 285 2115 nes
300 2070 822 2126 adminillrationis,gratis
853 2082 991 2118 tamen
1015 2075 1184 2132 exigen-

215 2133 287 2174 das
303 2160 317 2182 ,
335 2131 509 2175 reddere
522 2141 739 2175 teneantur
751 2160 768 2185 ,
791 2131 844 2174 ad
858 2131 982 2191 idque
995 2133 1093 2192 juris
1117 2148 1183 2179 re-

209 2192 352 2235 mediis
366 2192 459 2248 cogi
474 2192 541 2241 ,dt
551 2190 748 2250 compelli
763 2204 935 2250 queant.
956 2197 1182 2252 Liceatque

210 2250 441 2307 Episcopo,
474 2264 526 2295 ex
548 2250 781 2295 rationabili
801 2252 916 2298 cnuth
937 2256 1178 2311 Superiores

210 2309 439 2364 Regulsres
462 2310 712 2362 admonere,
738 2323 783 2356 ut
797 2312 989 2370 ejusmodi
1005 2314 1178 2360 Confes-

211 2368 337 2420 sores,
349 2379 473 2426 atque
488 2370 846 2416 Administratores
858 2383 1073 2419 amoveant
1084 2389 1098 2419 z
1114 2374 1179 2418 iis-

210 2442 291 2486 qne
309 2428 594 2483 Superioribus
616 2430 657 2473 id
679 2431 812 2476 facere
836 2433 1181 2487 detrectantibus,

207 2497 275 2529 aut
286 2489 592 2542 negligentibus
603 2514 620 2538 ‚
646 2490 789 2535 babeat
805 2492 1030 2550 Episcopus
1052 2492 1183 2539 sewl-

206 2554 337 2589 tatem
366 2544 575 2600 prandiam
604 2546 863 2595 Cousefl'otes
887 2579 904 2605 ,
927 2554 970 2595 dt
997 2550 1180 2596 Admitti-¹

206 2601 396 2668 stratores
409 2606 644 2659 amovendi,
655 2609 818 2664 quoties
835 2611 875 2653 &
886 2610 1051 2667 quando
1073 2621 1177 2666 opus

204 2657 282 2703 eil'e
295 2660 539 2714 iudicaverit
551 2691 567 2707 .
578 2667 639 2709 Ae
652 2666 836 2710 limiliter
856 2667 974 2723 ponit
1004 2667 1175 2724 Episco-

207 2732 309 2777 pus,
334 2720 413 2764 uns
441 2732 535 2762 eum
561 2724 729 2823 ἵζω
731 2723 839 2767 ribus
874 2725 1174 2782 Regularum,

206 2790 537 2835 quarumcunque
552 2783 585 2823 Α
669 2779 864 2832 till'arntn,
879 2782 1172 2839 Prioriii'arum,

204 2837 484 2882 praectarum
495 2864 510 2888 ‚
526 2838 590 2882 vel
608 2840 911 2895 l’raepolitsrum
936 2843 1174 2887 eorumdem

204 2893 566 2945 monasteriorum,
580 2909 821 2955 quocunque
844 2901 1011 2945 nomine
1035 2901 1172 2959 sppel·

205 2954 341 2997 lentur
353 2981 367 3004 ,
382 2952 647 2996 electionibus
668 2969 738 3007 per
753 2958 791 3000 se
803 2987 819 3012 ,
834 2958 899 3002 vel
916 2973 990 3016 per
1010 2959 1165 3007 alium..

206 3011 414 3059 intercise,
429 3027 475 3054 ac
491 3012 723 3069 proefidere3
749 3016 899 3074 absque
920 3018 1002 3062 ulla
1027 3030 1165 3064 tamen

202 3070 376 3128 ipsorum
409 3071 744 3116 monasteriorum
768 3076 944 3132 impensa
959 3105 970 3117 ·
996 3081 1059 3123 Ac
1096 3079 1170 3124 de·

202 3144 310 3173 muni
328 3131 471 3174 habeat
489 3129 708 3187 Episcopus
722 3162 739 3185 ,
761 3145 953 3194 tanquam
967 3137 1081 3183 dietae
1096 3142 1169 3184 Se·

199 3190 262 3231 dis
281 3189 523 3246 Delegstus,
534 3192 814 3238 auctoritatem
838 3197 1087 3250 coercendi,
1118 3213 1165 3243 se

201 3247 387 3304 puniendi
399 3250 653 3307 quoscunque
666 3263 879 3312 exemptos
896 3266 977 3299 tsm
990 3257 1167 3302 Secula-

203 3321 287 3373 φ,
303 3308 421 3361 quim
438 3308 686 3367 Regularu,
705 3314 777 3367 qui
803 3314 843 3357 in
856 3312 998 3359 alienis
1017 3315 1163 3361 Eccle-

202 3368 289 3413 lm.
308 3377 374 3407 aut
405 3381 495 3424 quc
519 3368 681 3413 suorum
710 3370 915 3416 ordinum
929 3386 1012 3416 non
1041 3373 1163 3427 sunt,

203 3423 348 3476 absque
367 3426 552 3483 Episcopi
566 3427 747 3482 licentis,
759 3431 801 3475 ee
813 3429 853 3474 in
870 3431 1055 3475 Eecleiiis
1068 3433 1161 3485 suis,

202 3492 270 3525 sut
287 3480 443 3546 ‘suonam
460 3486 687 3537 ominum,
699 3501 780 3533 non
807 3490 935 3548 petits
957 3491 1068 3537 illius
1094 3492 1168 3536 be·

201 3540 425 3584 κόιᾶιοηο
440 3556 533 3593 ‚aut
562 3544 646 3602 ipso
664 3549 1003 3603 contradicente,
1026 3551 1164 3607 prndi-

201 3611 295 3642 csre
324 3600 659 3666 presumpserint.
676 3608 737 3650 lts
760 3617 806 3652 ut
825 3605 1022 3667 Episcopo
1037 3609 1076 3653 in
1101 3608 1165 3654 su·

201 3655 428 3715 pnstriptts
442 3662 592 3704 estibus
609 3692 624 3714 ,
637 3666 676 3708 dt
690 3665 728 3708 in
743 3669 1047 3721 prenominata·
1062 3668 1163 3713 Per-

1258 449 1336 492 que
1358 449 1503 491 poenas
1534 466 1548 490 ‚
1576 437 1637 480 uti
1670 435 1845 494 ejusdem
1863 436 1978 479 Sedis
2006 437 2225 491 Delegati,

1256 495 1479 551 procedere
1492 522 1506 545 ,
1519 510 1765 551 omnemque
1789 492 2097 550 jurisdictionem
2109 509 2226 538 exer-

1263 555 1359 597 cere
1381 553 1510 597 libere
1534 557 1573 597 &
1601 555 1719 597 licite
1747 553 1906 595 valeant
1922 553 2225 598 .Decernentes

1262 612 1312 655 fic
1325 626 1396 668 per
1413 613 1671 670 quoscunque
1694 612 1856 668 Judices
1873 613 2023 666 -quavis
2045 613 2219 656 austori-

1257 682 1338 716 tate
1351 671 1571 729 fungentes
1587 702 1600 725 ,
1617 672 1740 715 etiam
1760 669 1872 712 Sacri
1889 670 2032 713 Palatii
2046 670 2221 716 Audito-

1255 746 1321 775 res
1335 757 1350 780 ,
1362 745 1519 774 necnon
1547 734 1694 775 Sanoae
1712 730 1904 771 Romanae
1919 726 2110 771 Ecclesia
2121 731 2225 772 Car-

1259 790 1413 834 dinales
1426 817 1440 839 ,
1460 790 1614 833 sublata
1629 789 1684 832 eis
1709 789 1750 828 &
1773 801 1918 830 eorum
1931 785 2115 836 cuilibet,
2129 801 2224 844 qua·

1259 849 1321 894 vis
1352 846 1687 906 aliterjudicandi
1717 846 2064 903 &interpretandi
2090 843 2222 891 facul-

1253 918 1366 956 tate,
1379 910 1419 951 δι
1431 907 1673 950 auctoritate
1686 931 1700 954 ,
1723 904 1950 961 judicari&
1966 904 2127 949 definiri
2144 907 2220 950 de-

1239 969 1375 1019 .bere;
1391 968 1639 1023 irritumque
1650 977 1814 1023 quoque
1838 966 1880 1007 &
1904 965 2041 1016 inane,
2057 964 2083 1007 fi
2098 963 2216 1009 secus

1252 1025 1368 1080 super
1395 1027 1454 1068 his
1476 1025 1498 1067 ἃ
1524 1037 1727 1081 quoquam
1759 1023 1898 1079 quavis
1923 1023 2220 1069 auctoritate-0

1252 1086 1430 1128 scienter
1443 1114 1459 1136 ,
1477 1085 1541 1127 vei
1556 1084 1789 1140 ignoranter
1806 1083 2028 1140 contigerit
2041 1090 2221 1126 attenta-

1250 1143 1298 1187 ri.
1313 1146 1409 1187 Non
1422 1142 1670 1187 obstantibus
1683 1139 2066 1193 Constitutionibus,
2079 1143 2119 1184 δι
2134 1143 2223 1184 Or·-=

1250 1201 1528 1247 dinationibus
1554 1201 1800 1258 Apostolicis
1831 1201 1874 1244 in
1898 1201 2087 1246 savorem
2114 1215 2219 1258 qua-

1251 1275 1507 1320 rumcunque
1526 1261 1810 1319 perlbnarum,
1835 1269 1958 1319 atque
1980 1260 2224 1304 Ordinum„

1250 1331 1336 1365 tam
1366 1320 1688 1366 Mendicantium
1701 1347 1717 1372 ,
1737 1318 1858 1376 quim
1884 1335 1965 1363 non
1986 1319 2225 1362 Mendican-

1248 1380 1355 1425 tium
1378 1410 1395 1433 ,
1425 1379 1668 1426 militiarum
1693 1407 1710 1431 ,
1739 1378 1863 1422 etism
1893 1380 2022 1422 Sanc‘ti
2055 1377 2220 1438 Joannis

1250 1439 1613 1493 Hierosolymitani
1626 1467 1642 1490 ‚
1656 1438 2055 1493 Congregationum,
2075 1437 2221 1481 Socie-

1249 1494 2221 1607 mss2212‘3‘2'v‘55332122ff‘*af‘itm

1280 1567 1303 1595 e
1329 1567 1352 1594 e
1429 1567 1441 1593 ι
1578 1567 1600 1594 n
1633 1567 1656 1594 n
1838 1563 1846 1571 ·
2005 1567 2055 1595 en
2102 1582 2119 1604 ,
2174 1567 2222 1596 o-

1252 1610 1517 1653 nssteriorum
1527 1637 1541 1660 ,
1553 1613 1647 1654 Con
1654 1618 1850 1657 ventuum
1864 1638 1880 1662 ,
1904 1611 2008 1669 Capi
2014 1611 2192 1655 tulorutu
2205 1637 2221 1662 ,

1249 1668 1532 1718 Ecclesiarum,
1546 1671 1588 1712 Bt
1598 1669 1774 1712 aliorum
1786 1682 2124 1728 quorumcunque
2135 1665 2221 1715 tam

1250 1725 1507 1773 Saecularium
1520 1753 1536 1778 ,
1554 1730 1675 1782 quim
1706 1726 1973 1784 Regularium
1998 1728 2186 1772 locorum
2200 1755 2216 1779 ‚

1250 1799 1410 1831 necnon
1426 1784 1621 1838 iliorum,
1643 1784 1767 1828 etiam
1789 1785 2047 1844 juramento,
2070 1787 2222 1831 confir-

1250 1846 1422 1889 matione
1437 1844 1688 1900 Apostolica,
1704 1843 1767 1887 vel
1781 1844 1920 1902 quavis
1934 1843 2129 1889 firmitate
2140 1846 2219 1888 alia

1249 1903 1450 1947 roboratis
1478 1903 1639 1947 statutis
1658 1929 1674 1951 s
1699 1902 1764 1945 vel
1788 1899 2142 1946 consuetudinibus
2175 1919 2220 1947 e-

1248 1962 1348 2004 tiam
1365 1960 1770 2013 immemorabilibus,
1783 1963 2107 2018 exemptionibus
2118 1976 2221 2020 quo·

1248 2032 1327 2073 que
1341 2045 1355 2068 ,
1368 2018 1537 2062 induitis
1551 2047 1567 2071 ,
1589 2021 1629 2062 Gt
1644 2018 1868 2078 privilegiis
1881 2049 1895 2072 ,
1922 2021 2045 2064 etiam
2062 2022 2103 2065 in
2123 2031 2220 2066 cor-¹

1242 2090 1344 2135 pore
1354 2077 1450 2134 juris
1464 2077 1623 2129 claufis,
1637 2088 1707 2123 aut
1723 2092 1774 2122 ex
1791 2079 1905 2124 causa
1917 2081 2104 2125 &titulo
2115 2089 2219 2131 onei

1240 2135 1363 2193 roso,
1391 2137 1458 2183 vel
1486 2138 1527 2184 in
1556 2137 1696 2185 limine
1720 2136 1970 2187 fundationis
1994 2139 2219 2193 cunceffis,

1243 2199 1366 2243 etiam
1401 2198 1506 2244 Mari
1531 2201 1708 2257 Magno,
1741 2200 1805 2246 stu
1829 2200 2114 2254 Bullaaurea,
2144 2208 2216 2253 aut

1237 2258 1337 2303 aliis
1367 2257 1636 2315 nuncupatis3
1662 2258 2014 2302 Conservatorum
2039 2257 2212 2327 deputa-

1237 2319 1419 2362 tionibus
1430 2348 1445 2371 ,
1457 2331 1692 2375 eorumque,
1704 2325 1828 2376 atque
1843 2315 1929 2361 aliis
1946 2316 2139 2362 inhibitio
2148 2317 2210 2360 ni-

1239 2378 1347 2430 bus,
1378 2376 1525 2433 quibus
1558 2373 1748 2432 Episcopi
1775 2372 1937 2420 deferre
1965 2376 2129 2419 minime
2156 2385 2213 2419 te·

1244 2443 1421 2481 neantur
1433 2436 1500 2484 t&
1511 2433 1718 2491 quibusvis
1730 2434 1820 2479 aliis
1832 2463 1848 2487 ,
1872 2432 1944 2479 sub
1966 2433 2211 2491 quibuscun-

1238 2509 1317 2554 que
1338 2494 1548 2539 tenoribus
1571 2495 1614 2537 δι
1635 2491 1778 2537 formis
1801 2522 1817 2547 ,
1838 2506 1891 2537 ac
1915 2507 2011 2536 cum
2042 2491 2209 2551 quibus·

1239 2553 1299 2597 vis
1323 2579 1338 2602 ‚
1366 2553 1490 2611 etiam
1523 2550 1875 2607 durogstoriarum
1902 2552 2207 2608 derogator-iis,

1236 2609 1404 2667 aliisque
1421 2607 1713 2655 efficacioribus
1725 2638 1740 2663 ,
1757 2612 1795 2653 δι
1816 2608 1988 2653 insolitis
2000 2608 2205 2663 clausulis,

1235 2682 1396 2713 necnon
1421 2667 1679 2713 irritantibus
1702 2668 1878 2713 decretis
1893 2695 1909 2720 ,
1933 2668 2058 2713 etiam
2084 2670 2203 2712 Motu

1234 2726 2202 2843 'izzsszzzffit33:525355232355123223322:

1235 2845 1394 2889 doiibet
1408 2872 1424 2897 ,
1436 2844 1558 2887 etism
1585 2858 1657 2902 per
1672 2845 1775 2888 viam
1796 2846 2197 2898 communicationis,

1238 2902 1305 2948 seu
1321 2901 1563 2949 extensionis
1584 2903 1773 2949 concellis
1785 2931 1800 2955 ,
1825 2903 2032 2950 &iteratis
2049 2905 2202 2950 vicibus

1230 2961 2200 3070 :J’g‘ssltzssz333233'3‘1233033213‘'zssfiliz’:

1227 3037 2195 3187 23122’5152-“25352252‘0{z‘zzfztseffizlitat‘

1452 3169 1467 3193 ἱ
1993 3170 2010 3196 9

1229 3206 1310 3242 tem
1323 3214 1396 3257 per
1409 3198 1602 3245 clausulas
1621 3200 1829 3257 generales
1845 3199 1953 3243 idetn
1966 3201 2164 3257 importan
2175 3221 2187 3234 ·

1226 3266 1312 3308 tes,
1337 3260 1523 3312 mentio,
1549 3258 1614 3303 stu
1638 3259 1785 3315 quevis
1804 3257 1886 3303 alia
1909 3269 1956 3300 ex
1987 3257 2099 3302 tellio
2117 3260 2187 3301 im-

1226 3316 1356 3362 bends
1369 3344 1385 3370 ,
1400 3327 1471 3364 aut
1488 3316 1621 3377 aliqua
1635 3318 1712 3363 alia
1741 3315 1929 3376 exquilits
1969 3331 2080 3362 orma
2104 3317 2183 3361 scr-

1225 3374 1351 3420 vanda
1366 3375 1491 3432 ἀΐεις
1516 3385 1679 3422 tenores
1704 3373 1959 3435 huiusmodi,
1990 3390 2037 3419 ac
2054 3375 2077 3419 fi
2093 3377 2185 3422 de,

1224 3436 1348 3479 verbu
1373 3437 1424 3481 sd
1452 3437 1619 3481 verbum
1637 3434 1736 3480 nibil
1762 3434 1920 3491 penitus
1943 3432 2113 3488 omisso,
2143 3438 2181 3479 δι

1228 3493 1356 3537 forma
1383 3495 1423 3540 in
1441 3493 1686 3540 illistrsdits
1706 3492 1944 3547 observata,
1964 3491 2095 3538 inserti
2119 3490 2185 3554 soff

1229 3564 1350 3605 rent,
1379 3553 1635 3612 presentibus
1653 3562 1732 3610 pro
1753 3551 1936 3608 expreffis
1965 3554 2183 3606 habentes,

1223 3613 1368 3669 quibus
1392 3610 1525 3670 quoad
1546 3624 1621 3661 es,
1651 3622 1737 3667 que
1759 3610 1907 3654 eisdem
1923 3612 2179 3669 pra-sentibus

1221 3670 1515 3721 adversantur,
1546 3669 1626 3712 illis
1650 3667 1747 3714 aliis
1766 3671 1806 3713 in
1824 3669 1894 3714 suo
1910 3674 2059 3715 robore
2081 3685 2178 3728 pcr-

202 3716 392 3783 sonatan
409 3720 602 3773 praemissis
615 3724 796 3768 omnibus
818 3727 859 3769 ec
883 3726 1044 3781 lingulis
1060 3739 1159 3777 ‚sut
1220 3729 1411 3775 muniitris
1433 3752 1448 3779 ‚
1484 3726 1713 3783 specialiter
1739 3731 1774 3771 δι
1800 3730 1984 3787 expresse
2005 3730 2179 3785 dci-og..

200 3787 308 3819 circs
329 3789 376 3819 es
401 3780 695 3834 quoquomodo
720 3783 1035 3841 delinquentes,
1054 3800 1158 3843 quo·
1216 3801 1331 3843 ntus,
1357 3785 1584 3844 ceterisque
1610 3789 1821 3832 contrariis
1853 3789 2178 3847 quibuscunque.

2038 3851 2125 3892 <3ae-
