<?xml version="1.0" encoding="UTF-8"?>
<!DOCTYPE html PUBLIC "-//W3C//DTD XHTML 1.0 Transitional//EN"
    "http://www.w3.org/TR/xhtml1/DTD/xhtml1-transitional.dtd">
<html xmlns="http://www.w3.org/1999/xhtml" xml:lang="en" lang="en">
 <head>
  <title>
</title>
<meta http-equiv="Content-Type" content="text/html;charset=utf-8" />
  <meta name='ocr-system' content='tesseract 3.04.00' />
  <meta name='ocr-capabilities' content='ocr_page ocr_carea ocr_par ocr_line ocrx_word'/>
</head>
<body>
  <div class='ocr_page' id='page_1' title='image "./bullariumordinis06cath_0412.png"; bbox 0 0 2444 4192; ppageno 0'>
   <div class='ocr_carea' id='block_1_1' title="bbox 362 224 526 308">
    <p class='ocr_par' dir='ltr' id='par_1_1' title="bbox 362 224 526 308">
     <span class='ocr_line' id='line_1_1' title="bbox 362 224 526 308; baseline 0.018 -3"><span class='ocrx_word' id='word_1_1' title='bbox 362 224 526 308; x_wconf 85' lang='lat'>390</span> 
     </span>
    </p>
   </div>
   <div class='ocr_carea' id='block_1_2' title="bbox 269 345 1258 2457">
    <p class='ocr_par' dir='ltr' id='par_1_2' title="bbox 269 345 1258 2457">
     <span class='ocr_line' id='line_1_2' title="bbox 288 345 1241 405; baseline -0.005 -11"><span class='ocrx_word' id='word_1_2' title='bbox 288 353 327 394; x_wconf 68' lang='grc' dir='ltr'>ὅ(</span> <span class='ocrx_word' id='word_1_3' title='bbox 340 348 508 403; x_wconf 84' lang='lat' dir='ltr'>formis,</span> <span class='ocrx_word' id='word_1_4' title='bbox 538 365 585 395; x_wconf 86' lang='lat' dir='ltr'>ac</span> <span class='ocrx_word' id='word_1_5' title='bbox 603 364 693 395; x_wconf 87' lang='lat' dir='ltr'>cum</span> <span class='ocrx_word' id='word_1_6' title='bbox 709 345 909 405; x_wconf 68' lang='lat' dir='ltr'>quibusvis</span> <span class='ocrx_word' id='word_1_7' title='bbox 924 347 1046 390; x_wconf 85' lang='lat' dir='ltr'>etiam</span> <span class='ocrx_word' id='word_1_8' title='bbox 1071 345 1241 404; x_wconf 86' lang='lat' dir='ltr'>deroga-</span> 
     </span>
     <span class='ocr_line' id='line_1_3' title="bbox 290 405 1255 465; baseline -0.005 -13"><span class='ocrx_word' id='word_1_9' title='bbox 290 412 491 454; x_wconf 90' lang='lat' dir='ltr'>toriarum</span> <span class='ocrx_word' id='word_1_10' title='bbox 509 407 810 465; x_wconf 81' lang='lat' dir='ltr'>derogatoriis,</span> <span class='ocrx_word' id='word_1_11' title='bbox 834 405 998 462; x_wconf 88' lang='lat' dir='ltr'>aliisque</span> <span class='ocrx_word' id='word_1_12' title='bbox 1021 406 1255 449; x_wconf 85' lang='lat' dir='ltr'>efficaciori.</span> 
     </span>
     <span class='ocr_line' id='line_1_4' title="bbox 295 465 1258 521; baseline -0.003 -11"><span class='ocrx_word' id='word_1_13' title='bbox 295 471 369 512; x_wconf 85' lang='lat' dir='ltr'>bus</span> <span class='ocrx_word' id='word_1_14' title='bbox 382 498 397 521; x_wconf 88' lang='lat'>,</span> <span class='ocrx_word' id='word_1_15' title='bbox 419 470 640 512; x_wconf 85' lang='lat' dir='ltr'>&amp;insolitis</span> <span class='ocrx_word' id='word_1_16' title='bbox 654 465 858 517; x_wconf 73' lang='lat' dir='ltr'>clausulis,</span> <span class='ocrx_word' id='word_1_17' title='bbox 868 479 915 509; x_wconf 88' lang='lat' dir='ltr'>ac</span> <span class='ocrx_word' id='word_1_18' title='bbox 931 465 1205 517; x_wconf 86' lang='lat' dir='ltr'>irritantibus,</span> <span class='ocrx_word' id='word_1_19' title='bbox 1216 467 1258 507; x_wconf 77' lang='grc' dir='ltr'>δι</span> 
     </span>
     <span class='ocr_line' id='line_1_5' title="bbox 288 523 1254 580; baseline -0.002 -11"><span class='ocrx_word' id='word_1_20' title='bbox 288 528 376 570; x_wconf 87' lang='lat' dir='ltr'>aliis</span> <span class='ocrx_word' id='word_1_21' title='bbox 390 530 567 573; x_wconf 82' lang='lat' dir='ltr'><strong>decretis</strong></span> <span class='ocrx_word' id='word_1_22' title='bbox 585 528 623 569; x_wconf 91' lang='lat' dir='ltr'>in</span> <span class='ocrx_word' id='word_1_23' title='bbox 641 538 787 580; x_wconf 85' lang='lat' dir='ltr'>genere</span> <span class='ocrx_word' id='word_1_24' title='bbox 799 551 815 574; x_wconf 89' lang='lat'>,</span> <span class='ocrx_word' id='word_1_25' title='bbox 833 524 895 567; x_wconf 85' lang='lat' dir='ltr'>vel</span> <span class='ocrx_word' id='word_1_26' title='bbox 911 524 952 567; x_wconf 87' lang='lat' dir='ltr'>iu</span> <span class='ocrx_word' id='word_1_27' title='bbox 967 523 1114 580; x_wconf 90' lang='lat' dir='ltr'>specie,</span> <span class='ocrx_word' id='word_1_28' title='bbox 1130 527 1254 567; x_wconf 90' lang='lat' dir='ltr'>etiam</span> 
     </span>
     <span class='ocr_line' id='line_1_6' title="bbox 287 582 1251 645; baseline -0.002 -17"><span class='ocrx_word' id='word_1_29' title='bbox 287 588 404 629; x_wconf 85' lang='lat' dir='ltr'>Motu</span> <span class='ocrx_word' id='word_1_30' title='bbox 419 587 585 645; x_wconf 88' lang='lat' dir='ltr'>proprio</span> <span class='ocrx_word' id='word_1_31' title='bbox 597 613 612 637; x_wconf 91' lang='lat'>,</span> <span class='ocrx_word' id='word_1_32' title='bbox 634 582 1016 626; x_wconf 71' lang='lat' dir='ltr'>&amp;consistorialiter</span> <span class='ocrx_word' id='word_1_33' title='bbox 1033 609 1050 633; x_wconf 90' lang='lat'>,</span> <span class='ocrx_word' id='word_1_34' title='bbox 1077 597 1122 624; x_wconf 89' lang='lat' dir='ltr'>ae</span> <span class='ocrx_word' id='word_1_35' title='bbox 1152 585 1251 627; x_wconf 76' lang='lat' dir='ltr'>aliis</span> 
     </span>
     <span class='ocr_line' id='line_1_7' title="bbox 285 642 1250 702; baseline -0.003 -15"><span class='ocrx_word' id='word_1_36' title='bbox 285 644 595 702; x_wconf 85' lang='lat' dir='ltr'>quomodolibet</span> <span class='ocrx_word' id='word_1_37' title='bbox 624 644 668 686; x_wconf 86' lang='lat' dir='ltr'>in</span> <span class='ocrx_word' id='word_1_38' title='bbox 694 642 942 685; x_wconf 84' lang='lat' dir='ltr'>eontrarium</span> <span class='ocrx_word' id='word_1_39' title='bbox 966 642 1250 698; x_wconf 79' lang='lat' dir='ltr'>praemill’orum</span> 
     </span>
     <span class='ocr_line' id='line_1_8' title="bbox 281 699 1249 760; baseline -0.004 -14"><span class='ocrx_word' id='word_1_40' title='bbox 281 704 591 760; x_wconf 84' lang='lat' dir='ltr'>quomodolibet</span> <span class='ocrx_word' id='word_1_41' title='bbox 602 699 795 744; x_wconf 82' lang='lat' dir='ltr'>conceffis</span> <span class='ocrx_word' id='word_1_42' title='bbox 808 725 823 749; x_wconf 83' lang='lat'>,</span> <span class='ocrx_word' id='word_1_43' title='bbox 835 699 1077 744; x_wconf 83' lang='lat' dir='ltr'>confirmatis</span> <span class='ocrx_word' id='word_1_44' title='bbox 1093 731 1111 753; x_wconf 93' lang='lat'>,</span> <span class='ocrx_word' id='word_1_45' title='bbox 1133 702 1173 743; x_wconf 76' lang='grc' dir='ltr'>δι</span> <span class='ocrx_word' id='word_1_46' title='bbox 1187 702 1249 743; x_wconf 87' lang='lat' dir='ltr'>sae-</span> 
     </span>
     <span class='ocr_line' id='line_1_9' title="bbox 281 758 1247 819; baseline -0.003 -15"><span class='ocrx_word' id='word_1_47' title='bbox 281 765 368 818; x_wconf 86' lang='lat' dir='ltr'>pius</span> <span class='ocrx_word' id='word_1_48' title='bbox 384 762 578 804; x_wconf 73' lang='lat' dir='ltr'>innovatis</span> <span class='ocrx_word' id='word_1_49' title='bbox 593 792 601 800; x_wconf 93' lang='lat'>.</span> <span class='ocrx_word' id='word_1_50' title='bbox 620 760 779 819; x_wconf 83' lang='lat' dir='ltr'>Qibus</span> <span class='ocrx_word' id='word_1_51' title='bbox 790 758 998 808; x_wconf 75' lang='lat' dir='ltr'>omnibus,</span> <span class='ocrx_word' id='word_1_52' title='bbox 1017 762 1058 803; x_wconf 74' lang='grc' dir='ltr'>δι</span> <span class='ocrx_word' id='word_1_53' title='bbox 1071 760 1247 814; x_wconf 81' lang='lat' dir='ltr'>lingulis,</span> 
     </span>
     <span class='ocr_line' id='line_1_10' title="bbox 278 816 1246 876; baseline -0.003 -13"><span class='ocrx_word' id='word_1_54' title='bbox 278 820 430 863; x_wconf 85' lang='lat' dir='ltr'>etiamfi</span> <span class='ocrx_word' id='word_1_55' title='bbox 457 834 533 876; x_wconf 72' lang='grc' dir='ltr'>ρῳ</span> <span class='ocrx_word' id='word_1_56' title='bbox 558 820 725 862; x_wconf 90' lang='lat' dir='ltr'>illorum</span> <span class='ocrx_word' id='word_1_57' title='bbox 748 816 960 861; x_wconf 83' lang='lat' dir='ltr'>sufficienti</span> <span class='ocrx_word' id='word_1_58' title='bbox 982 818 1246 874; x_wconf 81' lang='lat' dir='ltr'>derogatione</span> 
     </span>
     <span class='ocr_line' id='line_1_11' title="bbox 278 875 1244 934; baseline 0 -15"><span class='ocrx_word' id='word_1_59' title='bbox 278 880 331 919; x_wconf 91' lang='lat' dir='ltr'>de</span> <span class='ocrx_word' id='word_1_60' title='bbox 345 878 439 933; x_wconf 83' lang='lat' dir='ltr'>illis,</span> <span class='ocrx_word' id='word_1_61' title='bbox 451 890 676 934; x_wconf 88' lang='lat' dir='ltr'>eorumque</span> <span class='ocrx_word' id='word_1_62' title='bbox 689 876 789 920; x_wconf 90' lang='lat' dir='ltr'>totis</span> <span class='ocrx_word' id='word_1_63' title='bbox 804 877 1016 920; x_wconf 82' lang='lat' dir='ltr'>tenoribus</span> <span class='ocrx_word' id='word_1_64' title='bbox 1030 875 1212 932; x_wconf 88' lang='lat' dir='ltr'>specialis</span> <span class='ocrx_word' id='word_1_65' title='bbox 1227 905 1244 930; x_wconf 92' lang='lat'>,</span> 
     </span>
     <span class='ocr_line' id='line_1_12' title="bbox 275 933 1244 992; baseline -0.002 -13"><span class='ocrx_word' id='word_1_66' title='bbox 275 935 462 991; x_wconf 75' lang='lat' dir='ltr'>specifica</span> <span class='ocrx_word' id='word_1_67' title='bbox 475 964 492 986; x_wconf 95' lang='lat'>,</span> <span class='ocrx_word' id='word_1_68' title='bbox 506 934 684 992; x_wconf 79' lang='lat' dir='ltr'>expreffa</span> <span class='ocrx_word' id='word_1_69' title='bbox 702 964 719 988; x_wconf 87' lang='lat'>,</span> <span class='ocrx_word' id='word_1_70' title='bbox 731 936 773 977; x_wconf 77' lang='grc' dir='ltr'>δι</span> <span class='ocrx_word' id='word_1_71' title='bbox 786 933 1011 986; x_wconf 77' lang='lat' dir='ltr'>individua,</span> <span class='ocrx_word' id='word_1_72' title='bbox 1023 949 1070 977; x_wconf 91' lang='lat' dir='ltr'>ac</span> <span class='ocrx_word' id='word_1_73' title='bbox 1081 936 1135 979; x_wconf 93' lang='lat' dir='ltr'>de</span> <span class='ocrx_word' id='word_1_74' title='bbox 1153 950 1244 978; x_wconf 90' lang='lat' dir='ltr'>ver-</span> 
     </span>
     <span class='ocr_line' id='line_1_13' title="bbox 277 991 1246 1051; baseline -0.002 -13"><span class='ocrx_word' id='word_1_75' title='bbox 277 999 330 1038; x_wconf 90' lang='lat' dir='ltr'>bo</span> <span class='ocrx_word' id='word_1_76' title='bbox 345 993 396 1051; x_wconf 74' lang='lat' dir='ltr'>ad</span> <span class='ocrx_word' id='word_1_77' title='bbox 411 995 577 1036; x_wconf 81' lang='lat' dir='ltr'>verbum</span> <span class='ocrx_word' id='word_1_78' title='bbox 591 1023 607 1046; x_wconf 94' lang='lat'>,</span> <span class='ocrx_word' id='word_1_79' title='bbox 634 1008 716 1037; x_wconf 90' lang='lat' dir='ltr'>non</span> <span class='ocrx_word' id='word_1_80' title='bbox 727 1003 865 1038; x_wconf 88' lang='lat' dir='ltr'>autem</span> <span class='ocrx_word' id='word_1_81' title='bbox 885 1009 958 1050; x_wconf 86' lang='lat' dir='ltr'>per</span> <span class='ocrx_word' id='word_1_82' title='bbox 968 991 1166 1038; x_wconf 84' lang='lat' dir='ltr'>clausulas</span> <span class='ocrx_word' id='word_1_83' title='bbox 1177 1008 1246 1049; x_wconf 87' lang='lat' dir='ltr'>ge·</span> 
     </span>
     <span class='ocr_line' id='line_1_14' title="bbox 273 1050 1246 1109; baseline -0.004 -11"><span class='ocrx_word' id='word_1_84' title='bbox 273 1054 429 1098; x_wconf 89' lang='lat' dir='ltr'>nerales</span> <span class='ocrx_word' id='word_1_85' title='bbox 445 1053 551 1096; x_wconf 90' lang='lat' dir='ltr'>idem</span> <span class='ocrx_word' id='word_1_86' title='bbox 568 1054 836 1109; x_wconf 71' lang='lat' dir='ltr'>imponantes</span> <span class='ocrx_word' id='word_1_87' title='bbox 861 1053 1014 1095; x_wconf 89' lang='lat' dir='ltr'>mentio</span> <span class='ocrx_word' id='word_1_88' title='bbox 1028 1082 1043 1104; x_wconf 88' lang='lat'>‚</span> <span class='ocrx_word' id='word_1_89' title='bbox 1058 1050 1123 1095; x_wconf 88' lang='lat' dir='ltr'>seu</span> <span class='ocrx_word' id='word_1_90' title='bbox 1143 1066 1246 1108; x_wconf 83' lang='lat' dir='ltr'>quae·</span> 
     </span>
     <span class='ocr_line' id='line_1_15' title="bbox 276 1110 1246 1167; baseline 0 -12"><span class='ocrx_word' id='word_1_91' title='bbox 276 1115 335 1157; x_wconf 80' lang='lat' dir='ltr'>vis</span> <span class='ocrx_word' id='word_1_92' title='bbox 349 1112 428 1155; x_wconf 90' lang='lat' dir='ltr'>alia</span> <span class='ocrx_word' id='word_1_93' title='bbox 442 1111 636 1167; x_wconf 80' lang='lat' dir='ltr'>expreffio</span> <span class='ocrx_word' id='word_1_94' title='bbox 651 1112 837 1156; x_wconf 87' lang='lat' dir='ltr'>habenda</span> <span class='ocrx_word' id='word_1_95' title='bbox 849 1138 864 1160; x_wconf 67' lang='lat'><em>2</em></span> <span class='ocrx_word' id='word_1_96' title='bbox 885 1120 955 1154; x_wconf 88' lang='lat' dir='ltr'>aut</span> <span class='ocrx_word' id='word_1_97' title='bbox 984 1110 1119 1165; x_wconf 87' lang='lat' dir='ltr'>aliqua</span> <span class='ocrx_word' id='word_1_98' title='bbox 1133 1111 1246 1155; x_wconf 80' lang='lat' dir='ltr'>alia..</span> 
     </span>
     <span class='ocr_line' id='line_1_16' title="bbox 277 1168 1245 1227; baseline -0.004 -12"><span class='ocrx_word' id='word_1_99' title='bbox 277 1173 472 1227; x_wconf 81' lang='lat' dir='ltr'>exquisita</span> <span class='ocrx_word' id='word_1_100' title='bbox 487 1169 621 1214; x_wconf 84' lang='lat' dir='ltr'>forma</span> <span class='ocrx_word' id='word_1_101' title='bbox 645 1171 696 1213; x_wconf 92' lang='lat' dir='ltr'>ad</span> <span class='ocrx_word' id='word_1_102' title='bbox 717 1171 792 1214; x_wconf 87' lang='lat' dir='ltr'>hoc</span> <span class='ocrx_word' id='word_1_103' title='bbox 807 1169 1000 1214; x_wconf 76' lang='lat' dir='ltr'>servanda</span> <span class='ocrx_word' id='word_1_104' title='bbox 1013 1168 1118 1212; x_wconf 87' lang='lat' dir='ltr'>foret</span> <span class='ocrx_word' id='word_1_105' title='bbox 1133 1198 1148 1221; x_wconf 92' lang='lat'>,</span> <span class='ocrx_word' id='word_1_106' title='bbox 1172 1182 1245 1212; x_wconf 87' lang='lat' dir='ltr'>eo-</span> 
     </span>
     <span class='ocr_line' id='line_1_17' title="bbox 272 1225 1244 1285; baseline -0.002 -12"><span class='ocrx_word' id='word_1_107' title='bbox 272 1246 363 1274; x_wconf 85' lang='lat' dir='ltr'>rum</span> <span class='ocrx_word' id='word_1_108' title='bbox 395 1231 575 1272; x_wconf 89' lang='lat' dir='ltr'>omnium</span> <span class='ocrx_word' id='word_1_109' title='bbox 608 1241 773 1274; x_wconf 79' lang='lat' dir='ltr'>tenores</span> <span class='ocrx_word' id='word_1_110' title='bbox 798 1225 1050 1285; x_wconf 81' lang='lat' dir='ltr'>praesentibus</span> <span class='ocrx_word' id='word_1_111' title='bbox 1067 1241 1145 1285; x_wconf 89' lang='lat' dir='ltr'>pro</span> <span class='ocrx_word' id='word_1_112' title='bbox 1156 1227 1244 1284; x_wconf 87' lang='lat' dir='ltr'>ple·</span> 
     </span>
     <span class='ocr_line' id='line_1_18' title="bbox 273 1287 1243 1345; baseline -0.006 -12"><span class='ocrx_word' id='word_1_113' title='bbox 273 1291 324 1333; x_wconf 73' lang='lat' dir='ltr'>ne</span> <span class='ocrx_word' id='word_1_114' title='bbox 340 1319 353 1341; x_wconf 91' lang='lat'>‚</span> <span class='ocrx_word' id='word_1_115' title='bbox 365 1290 404 1330; x_wconf 80' lang='grc' dir='ltr'>δι</span> <span class='ocrx_word' id='word_1_116' title='bbox 421 1287 663 1332; x_wconf 87' lang='lat' dir='ltr'>sufficienter</span> <span class='ocrx_word' id='word_1_117' title='bbox 675 1287 877 1345; x_wconf 44' lang='lat' dir='ltr'>expreffiss</span> <span class='ocrx_word' id='word_1_118' title='bbox 886 1288 927 1330; x_wconf 76' lang='grc' dir='ltr'>δι</span> <span class='ocrx_word' id='word_1_119' title='bbox 937 1287 987 1329; x_wconf 89' lang='lat' dir='ltr'>ad</span> <span class='ocrx_word' id='word_1_120' title='bbox 998 1288 1168 1331; x_wconf 83' lang='lat' dir='ltr'>verbum</span> <span class='ocrx_word' id='word_1_121' title='bbox 1183 1287 1243 1328; x_wconf 86' lang='lat' dir='ltr'>in-</span> 
     </span>
     <span class='ocr_line' id='line_1_19' title="bbox 273 1344 1242 1399; baseline -0.008 -6"><span class='ocrx_word' id='word_1_122' title='bbox 273 1352 298 1393; x_wconf 91' lang='lat' dir='ltr'>s</span> <span class='ocrx_word' id='word_1_123' title='bbox 291 1348 391 1392; x_wconf 91' lang='lat' dir='ltr'>ertis</span> <span class='ocrx_word' id='word_1_124' title='bbox 407 1347 603 1390; x_wconf 78' lang='lat' dir='ltr'>habentes</span> <span class='ocrx_word' id='word_1_125' title='bbox 614 1348 726 1398; x_wconf 91' lang='lat' dir='ltr'>,illis</span> <span class='ocrx_word' id='word_1_126' title='bbox 738 1348 838 1389; x_wconf 86' lang='lat' dir='ltr'>alias</span> <span class='ocrx_word' id='word_1_127' title='bbox 854 1347 893 1388; x_wconf 92' lang='lat' dir='ltr'>in</span> <span class='ocrx_word' id='word_1_128' title='bbox 903 1344 976 1387; x_wconf 91' lang='lat' dir='ltr'>suo</span> <span class='ocrx_word' id='word_1_129' title='bbox 987 1347 1136 1390; x_wconf 82' lang='lat' dir='ltr'>robore</span> <span class='ocrx_word' id='word_1_130' title='bbox 1151 1358 1242 1399; x_wconf 92' lang='lat' dir='ltr'>per·</span> 
     </span>
     <span class='ocr_line' id='line_1_20' title="bbox 275 1401 1245 1459; baseline -0.005 -10"><span class='ocrx_word' id='word_1_131' title='bbox 275 1404 464 1449; x_wconf 79' lang='lat' dir='ltr'>mansuris</span> <span class='ocrx_word' id='word_1_132' title='bbox 479 1435 496 1457; x_wconf 96' lang='lat'>,</span> <span class='ocrx_word' id='word_1_133' title='bbox 510 1406 585 1448; x_wconf 87' lang='lat' dir='ltr'>bac</span> <span class='ocrx_word' id='word_1_134' title='bbox 600 1408 688 1450; x_wconf 79' lang='lat' dir='ltr'>vice</span> <span class='ocrx_word' id='word_1_135' title='bbox 702 1403 911 1448; x_wconf 80' lang='lat' dir='ltr'>dumtaxat</span> <span class='ocrx_word' id='word_1_136' title='bbox 928 1401 1180 1459; x_wconf 82' lang='lat' dir='ltr'>specialiter,</span> <span class='ocrx_word' id='word_1_137' title='bbox 1204 1403 1245 1444; x_wconf 74' lang='grc' dir='ltr'>δι</span> 
     </span>
     <span class='ocr_line' id='line_1_21' title="bbox 274 1459 1245 1520; baseline -0.007 -11"><span class='ocrx_word' id='word_1_138' title='bbox 274 1462 455 1520; x_wconf 73' lang='lat' dir='ltr'>expresse</span> <span class='ocrx_word' id='word_1_139' title='bbox 471 1465 710 1520; x_wconf 82' lang='lat' dir='ltr'>derogamus</span> <span class='ocrx_word' id='word_1_140' title='bbox 727 1491 741 1516; x_wconf 93' lang='lat'>,</span> <span class='ocrx_word' id='word_1_141' title='bbox 768 1459 1002 1517; x_wconf 64' lang='lat' dir='ltr'>ceterisque</span> <span class='ocrx_word' id='word_1_142' title='bbox 1026 1461 1245 1505; x_wconf 80' lang='lat' dir='ltr'>contrariis</span> 
     </span>
     <span class='ocr_line' id='line_1_22' title="bbox 273 1519 1247 1581; baseline -0.009 -14"><span class='ocrx_word' id='word_1_143' title='bbox 273 1523 575 1581; x_wconf 81' lang='lat' dir='ltr'>quibuscunque</span> <span class='ocrx_word' id='word_1_144' title='bbox 589 1552 601 1564; x_wconf 88' lang='lat'><strong>.</strong></span> <span class='ocrx_word' id='word_1_145' title='bbox 634 1524 836 1565; x_wconf 80' lang='lat' dir='ltr'>Volumus</span> <span class='ocrx_word' id='word_1_146' title='bbox 851 1530 988 1562; x_wconf 90' lang='lat' dir='ltr'>autem</span> <span class='ocrx_word' id='word_1_147' title='bbox 998 1545 1015 1567; x_wconf 82' lang='lat'>‚</span> <span class='ocrx_word' id='word_1_148' title='bbox 1030 1519 1141 1571; x_wconf 74' lang='lat' dir='ltr'>quod</span> <span class='ocrx_word' id='word_1_149' title='bbox 1152 1532 1247 1573; x_wconf 68' lang='lat' dir='ltr'>pre.</span> 
     </span>
     <span class='ocr_line' id='line_1_23' title="bbox 274 1575 1246 1629; baseline -0.011 -4"><span class='ocrx_word' id='word_1_150' title='bbox 274 1584 405 1626; x_wconf 88' lang='lat' dir='ltr'>sentes</span> <span class='ocrx_word' id='word_1_151' title='bbox 421 1582 460 1622; x_wconf 89' lang='lat' dir='ltr'>in</span> <span class='ocrx_word' id='word_1_152' title='bbox 481 1577 618 1622; x_wconf 75' lang='lat' dir='ltr'>valvis</span> <span class='ocrx_word' id='word_1_153' title='bbox 639 1579 898 1621; x_wconf 77' lang='lat' dir='ltr'>Basilicarum</span> <span class='ocrx_word' id='word_1_154' title='bbox 925 1576 1060 1616; x_wconf 57' lang='lat' dir='ltr'>Sanni</span> <span class='ocrx_word' id='word_1_155' title='bbox 1080 1575 1246 1629; x_wconf 87' lang='lat' dir='ltr'>Joannis</span> 
     </span>
     <span class='ocr_line' id='line_1_24' title="bbox 277 1631 1246 1688; baseline -0.012 -6"><span class='ocrx_word' id='word_1_156' title='bbox 277 1644 522 1686; x_wconf 83' lang='lat' dir='ltr'>Lateranen.</span> <span class='ocrx_word' id='word_1_157' title='bbox 544 1637 586 1678; x_wconf 71' lang='grc' dir='ltr'>δε</span> <span class='ocrx_word' id='word_1_158' title='bbox 603 1635 802 1688; x_wconf 85' lang='lat' dir='ltr'>Principis</span> <span class='ocrx_word' id='word_1_159' title='bbox 822 1632 1113 1688; x_wconf 75' lang='lat' dir='ltr'>Apostolorum</span> <span class='ocrx_word' id='word_1_160' title='bbox 1137 1631 1246 1677; x_wconf 60' lang='lat' dir='ltr'>dg...</span> 
     </span>
     <span class='ocr_line' id='line_1_25' title="bbox 278 1690 1247 1748; baseline -0.006 -10"><span class='ocrx_word' id='word_1_161' title='bbox 278 1698 392 1742; x_wconf 87' lang='lat' dir='ltr'>Urbe</span> <span class='ocrx_word' id='word_1_162' title='bbox 404 1722 420 1745; x_wconf 91' lang='lat'>‚</span> <span class='ocrx_word' id='word_1_163' title='bbox 450 1707 498 1736; x_wconf 89' lang='lat' dir='ltr'>ac</span> <span class='ocrx_word' id='word_1_164' title='bbox 522 1692 563 1734; x_wconf 92' lang='lat' dir='ltr'>in</span> <span class='ocrx_word' id='word_1_165' title='bbox 590 1694 694 1736; x_wconf 80' lang='lat' dir='ltr'>Acie</span> <span class='ocrx_word' id='word_1_166' title='bbox 705 1692 849 1748; x_wconf 89' lang='lat' dir='ltr'>Campi</span> <span class='ocrx_word' id='word_1_167' title='bbox 866 1690 996 1734; x_wconf 80' lang='lat' dir='ltr'>Florae</span> <span class='ocrx_word' id='word_1_168' title='bbox 1009 1718 1025 1743; x_wconf 85' lang='lat'>,</span> <span class='ocrx_word' id='word_1_169' title='bbox 1050 1699 1095 1733; x_wconf 88' lang='lat' dir='ltr'>ut</span> <span class='ocrx_word' id='word_1_170' title='bbox 1124 1690 1247 1732; x_wconf 88' lang='lat' dir='ltr'>moris</span> 
     </span>
     <span class='ocr_line' id='line_1_26' title="bbox 276 1749 1247 1808; baseline -0.007 -10"><span class='ocrx_word' id='word_1_171' title='bbox 276 1756 329 1800; x_wconf 83' lang='lat' dir='ltr'>est</span> <span class='ocrx_word' id='word_1_172' title='bbox 345 1783 358 1805; x_wconf 86' lang='lat'>,</span> <span class='ocrx_word' id='word_1_173' title='bbox 373 1752 498 1796; x_wconf 79' lang='lat' dir='ltr'>affixoe</span> <span class='ocrx_word' id='word_1_174' title='bbox 508 1779 524 1803; x_wconf 88' lang='lat'>,</span> <span class='ocrx_word' id='word_1_175' title='bbox 549 1764 691 1796; x_wconf 87' lang='lat' dir='ltr'>omnes</span> <span class='ocrx_word' id='word_1_176' title='bbox 703 1778 718 1801; x_wconf 95' lang='lat'>,</span> <span class='ocrx_word' id='word_1_177' title='bbox 745 1765 848 1808; x_wconf 89' lang='lat' dir='ltr'>quos</span> <span class='ocrx_word' id='word_1_178' title='bbox 863 1749 942 1794; x_wconf 74' lang='lat' dir='ltr'>illa</span> <span class='ocrx_word' id='word_1_179' title='bbox 957 1757 1216 1792; x_wconf 88' lang='lat' dir='ltr'>concernunt</span> <span class='ocrx_word' id='word_1_180' title='bbox 1231 1777 1247 1803; x_wconf 92' lang='lat'>,</span> 
     </span>
     <span class='ocr_line' id='line_1_27' title="bbox 275 1807 1246 1865; baseline -0.007 -7"><span class='ocrx_word' id='word_1_181' title='bbox 275 1818 334 1858; x_wconf 91' lang='lat' dir='ltr'>ita</span> <span class='ocrx_word' id='word_1_182' title='bbox 366 1814 519 1855; x_wconf 68' lang='lat' dir='ltr'>aretem</span> <span class='ocrx_word' id='word_1_183' title='bbox 537 1840 552 1863; x_wconf 90' lang='lat'>,</span> <span class='ocrx_word' id='word_1_184' title='bbox 582 1812 623 1854; x_wconf 74' lang='grc' dir='ltr'>δι</span> <span class='ocrx_word' id='word_1_185' title='bbox 636 1810 838 1862; x_wconf 85' lang='lat' dir='ltr'>afficiant,</span> <span class='ocrx_word' id='word_1_186' title='bbox 867 1807 1037 1865; x_wconf 87' lang='lat' dir='ltr'>perinde</span> <span class='ocrx_word' id='word_1_187' title='bbox 1054 1822 1099 1852; x_wconf 91' lang='lat' dir='ltr'>ae</span> <span class='ocrx_word' id='word_1_188' title='bbox 1117 1810 1144 1852; x_wconf 86' lang='lat' dir='ltr'>fi</span> <span class='ocrx_word' id='word_1_189' title='bbox 1161 1808 1246 1851; x_wconf 91' lang='lat' dir='ltr'>uni-</span> 
     </span>
     <span class='ocr_line' id='line_1_28' title="bbox 274 1864 1246 1934; baseline -0.007 -18"><span class='ocrx_word' id='word_1_190' title='bbox 274 1873 418 1929; x_wconf 88' lang='lat' dir='ltr'>cuique</span> <span class='ocrx_word' id='word_1_191' title='bbox 430 1868 691 1926; x_wconf 80' lang='lat' dir='ltr'>personaliter</span> <span class='ocrx_word' id='word_1_192' title='bbox 705 1870 896 1912; x_wconf 83' lang='lat' dir='ltr'>intimatae</span> <span class='ocrx_word' id='word_1_193' title='bbox 910 1864 1088 1920; x_wconf 80' lang='lat' dir='ltr'>fiiiss&#39;ent3</span> <span class='ocrx_word' id='word_1_194' title='bbox 1101 1867 1246 1934; x_wconf 80' lang='lat' dir='ltr'>Qod·</span> 
     </span>
     <span class='ocr_line' id='line_1_29' title="bbox 273 1925 1244 1990; baseline -0.007 -14"><span class='ocrx_word' id='word_1_195' title='bbox 273 1946 355 1990; x_wconf 87' lang='lat' dir='ltr'>que</span> <span class='ocrx_word' id='word_1_196' title='bbox 397 1928 622 1972; x_wconf 88' lang='lat' dir='ltr'>earundem</span> <span class='ocrx_word' id='word_1_197' title='bbox 667 1928 920 1985; x_wconf 68' lang='lat' dir='ltr'>presentium</span> <span class='ocrx_word' id='word_1_198' title='bbox 982 1925 1244 1982; x_wconf 85' lang='lat' dir='ltr'>transumptis</span> 
     </span>
     <span class='ocr_line' id='line_1_30' title="bbox 271 1985 1243 2043; baseline -0.011 -8"><span class='ocrx_word' id='word_1_199' title='bbox 271 1992 396 2036; x_wconf 88' lang='lat' dir='ltr'>ctiam</span> <span class='ocrx_word' id='word_1_200' title='bbox 412 1987 604 2043; x_wconf 80' lang='lat' dir='ltr'>impreffis</span> <span class='ocrx_word' id='word_1_201' title='bbox 617 2000 735 2028; x_wconf 88' lang='lat' dir='ltr'>manu</span> <span class='ocrx_word' id='word_1_202' title='bbox 748 1985 918 2042; x_wconf 84' lang='lat' dir='ltr'>alicujus</span> <span class='ocrx_word' id='word_1_203' title='bbox 937 1985 1103 2027; x_wconf 84' lang='lat' dir='ltr'>Notat=ii</span> <span class='ocrx_word' id='word_1_204' title='bbox 1114 1986 1243 2040; x_wconf 87' lang='lat' dir='ltr'>publi.</span> 
     </span>
     <span class='ocr_line' id='line_1_31' title="bbox 274 2041 1243 2100; baseline -0.006 -8"><span class='ocrx_word' id='word_1_205' title='bbox 274 2051 310 2093; x_wconf 89' lang='lat' dir='ltr'>ci</span> <span class='ocrx_word' id='word_1_206' title='bbox 327 2046 554 2100; x_wconf 83' lang='lat' dir='ltr'>subscriptis</span> <span class='ocrx_word' id='word_1_207' title='bbox 567 2045 636 2095; x_wconf 70' lang='lat' dir='ltr'>,er</span> <span class='ocrx_word' id='word_1_208' title='bbox 649 2043 781 2099; x_wconf 72' lang='lat' dir='ltr'>rigillo</span> <span class='ocrx_word' id='word_1_209' title='bbox 794 2041 965 2097; x_wconf 77' lang='lat' dir='ltr'>persona:</span> <span class='ocrx_word' id='word_1_210' title='bbox 981 2043 1021 2084; x_wconf 90' lang='lat' dir='ltr'>in</span> <span class='ocrx_word' id='word_1_211' title='bbox 1037 2041 1243 2096; x_wconf 79' lang='lat' dir='ltr'>dignitate</span> 
     </span>
     <span class='ocr_line' id='line_1_32' title="bbox 269 2098 1247 2156; baseline -0.006 -6"><span class='ocrx_word' id='word_1_212' title='bbox 269 2101 548 2150; x_wconf 78' lang='lat' dir='ltr'>Ecclefiassica</span> <span class='ocrx_word' id='word_1_213' title='bbox 562 2101 787 2146; x_wconf 69' lang='lat' dir='ltr'>constituta:</span> <span class='ocrx_word' id='word_1_214' title='bbox 797 2100 961 2143; x_wconf 89' lang='lat' dir='ltr'>munitis</span> <span class='ocrx_word' id='word_1_215' title='bbox 974 2098 1119 2142; x_wconf 89' lang='lat' dir='ltr'>eadem</span> <span class='ocrx_word' id='word_1_216' title='bbox 1132 2114 1247 2156; x_wconf 89' lang='lat' dir='ltr'>pror-</span> 
     </span>
     <span class='ocr_line' id='line_1_33' title="bbox 271 2159 1240 2220; baseline -0.005 -12"><span class='ocrx_word' id='word_1_217' title='bbox 271 2167 332 2209; x_wconf 90' lang='lat' dir='ltr'>sus</span> <span class='ocrx_word' id='word_1_218' title='bbox 349 2161 447 2207; x_wconf 81' lang='lat' dir='ltr'>fides</span> <span class='ocrx_word' id='word_1_219' title='bbox 459 2161 728 2214; x_wconf 89' lang='lat' dir='ltr'>adhibeatur,</span> <span class='ocrx_word' id='word_1_220' title='bbox 755 2171 840 2220; x_wconf 82' lang='lat' dir='ltr'>quae</span> <span class='ocrx_word' id='word_1_221' title='bbox 855 2159 1111 2216; x_wconf 65' lang='lat' dir='ltr'>presentibus</span> <span class='ocrx_word' id='word_1_222' title='bbox 1125 2160 1240 2203; x_wconf 81' lang='lat' dir='ltr'>adhi-</span> 
     </span>
     <span class='ocr_line' id='line_1_34' title="bbox 270 2216 1153 2269; baseline -0.01 -1"><span class='ocrx_word' id='word_1_223' title='bbox 270 2225 438 2268; x_wconf 89' lang='lat' dir='ltr'>beretur</span> <span class='ocrx_word' id='word_1_224' title='bbox 447 2246 463 2269; x_wconf 67' lang='lat'>2</span> <span class='ocrx_word' id='word_1_225' title='bbox 476 2220 502 2264; x_wconf 85' lang='lat' dir='ltr'>fi</span> <span class='ocrx_word' id='word_1_226' title='bbox 518 2219 655 2264; x_wconf 81' lang='lat' dir='ltr'>forent</span> <span class='ocrx_word' id='word_1_227' title='bbox 668 2221 858 2265; x_wconf 80' lang='lat' dir='ltr'>exhibitae</span> <span class='ocrx_word' id='word_1_228' title='bbox 867 2245 882 2269; x_wconf 85' lang='lat'>‚</span> <span class='ocrx_word' id='word_1_229' title='bbox 898 2216 958 2263; x_wconf 77' lang='lat' dir='ltr'>vel</span> <span class='ocrx_word' id='word_1_230' title='bbox 969 2218 1131 2263; x_wconf 78' lang='lat' dir='ltr'>ostensoe</span> <span class='ocrx_word' id='word_1_231' title='bbox 1141 2247 1153 2259; x_wconf 91' lang='lat'><strong>.</strong></span> 
     </span>
     <span class='ocr_line' id='line_1_35' title="bbox 384 2276 1237 2336; baseline -0.008 -11"><span class='ocrx_word' id='word_1_232' title='bbox 384 2283 536 2325; x_wconf 83' lang='lat' dir='ltr'>Datum</span> <span class='ocrx_word' id='word_1_233' title='bbox 554 2281 697 2324; x_wconf 81' lang='lat' dir='ltr'>Romae</span> <span class='ocrx_word' id='word_1_234' title='bbox 707 2278 814 2336; x_wconf 90' lang='lat' dir='ltr'>apud</span> <span class='ocrx_word' id='word_1_235' title='bbox 829 2281 1015 2321; x_wconf 71' lang='lat' dir='ltr'>Sanctam</span> <span class='ocrx_word' id='word_1_236' title='bbox 1033 2276 1237 2323; x_wconf 71' lang='lat' dir='ltr'>Mariam...</span> 
     </span>
     <span class='ocr_line' id='line_1_36' title="bbox 270 2335 1236 2398; baseline -0.007 -11"><span class='ocrx_word' id='word_1_237' title='bbox 270 2342 469 2398; x_wconf 77' lang='lat' dir='ltr'>Maiorem</span> <span class='ocrx_word' id='word_1_238' title='bbox 483 2338 553 2383; x_wconf 89' lang='lat' dir='ltr'>sub</span> <span class='ocrx_word' id='word_1_239' title='bbox 566 2339 734 2383; x_wconf 79' lang='lat' dir='ltr'>Annulo</span> <span class='ocrx_word' id='word_1_240' title='bbox 750 2337 981 2388; x_wconf 71' lang='lat' dir='ltr'>piscatoris,</span> <span class='ocrx_word' id='word_1_241' title='bbox 993 2335 1061 2380; x_wconf 92' lang='lat' dir='ltr'>die</span> <span class='ocrx_word' id='word_1_242' title='bbox 1075 2349 1153 2380; x_wconf 79' lang='lat' dir='ltr'>axv</span> <span class='ocrx_word' id='word_1_243' title='bbox 1163 2351 1174 2379; x_wconf 87' lang='lat' dir='ltr'>t</span> <span class='ocrx_word' id='word_1_244' title='bbox 1185 2351 1236 2380; x_wconf 86' lang='lat' dir='ltr'>u.</span> 
     </span>
     <span class='ocr_line' id='line_1_37' title="bbox 270 2394 1236 2457; baseline -0.005 -13"><span class='ocrx_word' id='word_1_245' title='bbox 270 2400 436 2457; x_wconf 75' lang='lat' dir='ltr'>Augusti</span> <span class='ocrx_word' id='word_1_246' title='bbox 452 2411 629 2443; x_wconf 61' lang='lat' dir='ltr'>sune-xx</span> <span class='ocrx_word' id='word_1_247' title='bbox 639 2411 699 2442; x_wconf 80' lang='lat' dir='ltr'>tv.</span> <span class='ocrx_word' id='word_1_248' title='bbox 721 2394 987 2442; x_wconf 78' lang='lat' dir='ltr'>Pontificatus</span> <span class='ocrx_word' id='word_1_249' title='bbox 1000 2394 1137 2441; x_wconf 78' lang='lat' dir='ltr'>Nostri</span> <span class='ocrx_word' id='word_1_250' title='bbox 1151 2398 1236 2440; x_wconf 76' lang='lat' dir='ltr'>An·</span> 
     </span>
    </p>
   </div>
   <div class='ocr_carea' id='block_1_3' title="bbox 276 2457 550 2505">
    <p class='ocr_par' dir='ltr' id='par_1_3' title="bbox 276 2457 550 2505">
     <span class='ocr_line' id='line_1_38' title="bbox 276 2457 550 2505; baseline -0.018 0"><span class='ocrx_word' id='word_1_251' title='bbox 276 2476 329 2505; x_wconf 91' lang='lat' dir='ltr'>no</span> <span class='ocrx_word' id='word_1_252' title='bbox 342 2457 550 2503; x_wconf 81' lang='lat' dir='ltr'>secundo·</span> 
     </span>
    </p>
   </div>
   <div class='ocr_carea' id='block_1_4' title="bbox 331 2571 1245 2736">
    <p class='ocr_par' dir='ltr' id='par_1_4' title="bbox 331 2571 1245 2736">
     <span class='ocr_line' id='line_1_39' title="bbox 331 2571 1245 2635; baseline -0.005 -14"><span class='ocrx_word' id='word_1_253' title='bbox 331 2574 541 2630; x_wconf 68' lang='lat' dir='ltr'>fixe-pter</span> <span class='ocrx_word' id='word_1_254' title='bbox 556 2574 680 2632; x_wconf 71' lang='lat' dir='ltr'>Renes</span> <span class='ocrx_word' id='word_1_255' title='bbox 696 2572 921 2635; x_wconf 69' lang='lat' dir='ltr'>iupnffl-</span> <span class='ocrx_word' id='word_1_256' title='bbox 936 2574 981 2618; x_wconf 73' lang='lat' dir='ltr'>ln</span> <span class='ocrx_word' id='word_1_257' title='bbox 993 2571 1116 2620; x_wconf 74' lang='lat' dir='ltr'>Arch-</span> <span class='ocrx_word' id='word_1_258' title='bbox 1123 2584 1245 2630; x_wconf 76' lang='lat' dir='ltr'>gene·</span> 
     </span>
     <span class='ocr_line' id='line_1_40' title="bbox 388 2633 1243 2736; baseline 0.002 -61"><span class='ocrx_word' id='word_1_259' title='bbox 388 2633 475 2736; x_wconf 53' lang='lat' dir='ltr'>:ig</span> <span class='ocrx_word' id='word_1_260' title='bbox 485 2633 640 2730; x_wconf 60' lang='lat' dir='ltr'>txdaew</span> <span class='ocrx_word' id='word_1_261' title='bbox 655 2638 847 2679; x_wconf 72' lang='lat' dir='ltr'>Amano</span> <span class='ocrx_word' id='word_1_262' title='bbox 859 2633 1032 2679; x_wconf 73' lang='grc' dir='ltr'>ῠοσιιω.</span> <span class='ocrx_word' id='word_1_263' title='bbox 1053 2634 1243 2677; x_wconf 71' lang='lat' dir='ltr'>Anthen-</span> 
     </span>
    </p>
   </div>
   <div class='ocr_carea' id='block_1_5' title="bbox 758 2829 1008 2849">
    <p class='ocr_par' dir='ltr' id='par_1_5' title="bbox 758 2829 1008 2849">
     <span class='ocr_line' id='line_1_41' title="bbox 758 2829 1008 2849; baseline 0 0"><span class='ocrx_word' id='word_1_264' title='bbox 758 2829 1008 2849; x_wconf 95' lang='lat' dir='ltr'> </span> 
     </span>
    </p>
   </div>
   <div class='ocr_carea' id='block_1_6' title="bbox 1011 2829 1245 2850">
    <p class='ocr_par' dir='ltr' id='par_1_6' title="bbox 1011 2829 1245 2850">
     <span class='ocr_line' id='line_1_42' title="bbox 1011 2829 1245 2850; baseline 0 0"><span class='ocrx_word' id='word_1_265' title='bbox 1011 2829 1245 2850; x_wconf 95' lang='lat' dir='ltr'> </span> 
     </span>
    </p>
   </div>
   <div class='ocr_carea' id='block_1_7' title="bbox 430 2927 1092 3128">
    <p class='ocr_par' dir='ltr' id='par_1_7' title="bbox 430 2927 1092 3128">
     <span class='ocr_line' id='line_1_43' title="bbox 487 2927 1062 2981; baseline 0.003 -3"><span class='ocrx_word' id='word_1_266' title='bbox 487 2928 534 2978; x_wconf 84' lang='lat'>1&gt;</span> <span class='ocrx_word' id='word_1_267' title='bbox 570 2930 609 2979; x_wconf 73' lang='lat' dir='ltr'>E</span> <span class='ocrx_word' id='word_1_268' title='bbox 640 2931 686 2981; x_wconf 87' lang='lat' dir='ltr'>C</span> <span class='ocrx_word' id='word_1_269' title='bbox 722 2930 768 2979; x_wconf 76' lang='lat' dir='ltr'>R</span> <span class='ocrx_word' id='word_1_270' title='bbox 804 2927 844 2979; x_wconf 76' lang='grc' dir='ltr'><strong>Β</strong></span> <span class='ocrx_word' id='word_1_271' title='bbox 881 2929 928 2980; x_wconf 84' lang='lat' dir='ltr'>T</span> <span class='ocrx_word' id='word_1_272' title='bbox 966 2929 991 2979; x_wconf 92' lang='lat'>1</span> <span class='ocrx_word' id='word_1_273' title='bbox 1027 2928 1062 2980; x_wconf 83' lang='lat' dir='ltr'>S</span> 
     </span>
     <span class='ocr_line' id='line_1_44' title="bbox 430 3054 1092 3128; baseline 0 -22"><span class='ocrx_word' id='word_1_274' title='bbox 430 3054 479 3106; x_wconf 83' lang='lat' dir='ltr'>S.</span> <span class='ocrx_word' id='word_1_275' title='bbox 514 3055 855 3128; x_wconf 72' lang='lat' dir='ltr'>congregationis</span> <span class='ocrx_word' id='word_1_276' title='bbox 882 3055 1092 3110; x_wconf 72' lang='lat' dir='ltr'>Ceut-ilii.</span> 
     </span>
    </p>
   </div>
   <div class='ocr_carea' id='block_1_8' title="bbox 281 3185 1247 3452">
    <p class='ocr_par' dir='ltr' id='par_1_8' title="bbox 281 3185 1247 3452">
     <span class='ocr_line' id='line_1_45' title="bbox 281 3185 1245 3244; baseline -0.006 -1"><span class='ocrx_word' id='word_1_277' title='bbox 281 3187 577 3244; x_wconf 80' lang='lat' dir='ltr'>Authoritate</span> <span class='ocrx_word' id='word_1_278' title='bbox 606 3185 794 3238; x_wconf 77' lang='lat' dir='ltr'>urbani</span> <span class='ocrx_word' id='word_1_279' title='bbox 813 3190 965 3240; x_wconf 86' lang='lat' dir='ltr'>vm.</span> <span class='ocrx_word' id='word_1_280' title='bbox 1000 3187 1132 3240; x_wconf 89' lang='lat' dir='ltr'>editis</span> <span class='ocrx_word' id='word_1_281' title='bbox 1157 3185 1245 3238; x_wconf 72' lang='lat' dir='ltr'>de..-</span> 
     </span>
     <span class='ocr_line' id='line_1_46' title="bbox 347 3255 1247 3311; baseline -0.001 0"><span class='ocrx_word' id='word_1_282' title='bbox 347 3258 649 3311; x_wconf 85' lang='lat' dir='ltr'>celebratione</span> <span class='ocrx_word' id='word_1_283' title='bbox 683 3255 928 3310; x_wconf 83' lang='lat' dir='ltr'>Miss&#39;arum</span> <span class='ocrx_word' id='word_1_284' title='bbox 962 3277 1015 3311; x_wconf 89' lang='lat' dir='ltr'>ae</span> <span class='ocrx_word' id='word_1_285' title='bbox 1048 3275 1247 3310; x_wconf 75' lang='lat' dir='ltr'>earum..</span> 
     </span>
     <span class='ocr_line' id='line_1_47' title="bbox 345 3326 1245 3452; baseline 0 -72"><span class='ocrx_word' id='word_1_286' title='bbox 345 3326 569 3452; x_wconf 40' lang='lat' dir='ltr'>&amp;prende</span> <span class='ocrx_word' id='word_1_287' title='bbox 604 3326 835 3401; x_wconf 82' lang='lat' dir='ltr'>stipendiis</span> <span class='ocrx_word' id='word_1_288' title='bbox 876 3330 1004 3382; x_wconf 80' lang='lat' dir='ltr'>varia</span> <span class='ocrx_word' id='word_1_289' title='bbox 1043 3326 1245 3402; x_wconf 68' lang='lat' dir='ltr'>prescri-</span> 
     </span>
    </p>
   </div>
   <div class='ocr_carea' id='block_1_9' title="bbox 276 3517 1246 3871">
    <p class='ocr_par' dir='ltr' id='par_1_9' title="bbox 276 3517 1246 3871">
     <span class='ocr_line' id='line_1_48' title="bbox 392 3517 1236 3578; baseline 0.007 -17"><span class='ocrx_word' id='word_1_290' title='bbox 392 3521 470 3561; x_wconf 83' lang='lat' dir='ltr'>Um</span> <span class='ocrx_word' id='word_1_291' title='bbox 487 3517 581 3577; x_wconf 70' lang='lat' dir='ltr'>sepe</span> <span class='ocrx_word' id='word_1_292' title='bbox 592 3517 804 3578; x_wconf 63' lang='lat' dir='ltr'>contingat</span> <span class='ocrx_word' id='word_1_293' title='bbox 817 3547 833 3573; x_wconf 83' lang='lat'>,</span> <span class='ocrx_word' id='word_1_294' title='bbox 848 3519 888 3565; x_wconf 83' lang='lat' dir='ltr'>ln</span> <span class='ocrx_word' id='word_1_295' title='bbox 900 3517 1139 3578; x_wconf 83' lang='lat' dir='ltr'>quibusdam</span> <span class='ocrx_word' id='word_1_296' title='bbox 1155 3522 1236 3567; x_wconf 78' lang='lat' dir='ltr'>Ee·</span> 
     </span>
     <span class='ocr_line' id='line_1_49' title="bbox 411 3577 1246 3627; baseline 0.01 -9"><span class='ocrx_word' id='word_1_297' title='bbox 411 3579 536 3621; x_wconf 78' lang='lat' dir='ltr'>cletins</span> <span class='ocrx_word' id='word_1_298' title='bbox 561 3590 645 3622; x_wconf 89' lang='lat' dir='ltr'>tam</span> <span class='ocrx_word' id='word_1_299' title='bbox 883 3577 1091 3627; x_wconf 70' lang='lat' dir='ltr'>uillarum</span> <span class='ocrx_word' id='word_1_300' title='bbox 1133 3580 1246 3626; x_wconf 90' lang='lat' dir='ltr'>cele-</span> 
     </span>
     <span class='ocr_line' id='line_1_50' title="bbox 280 3633 1244 3685; baseline 0.006 -6"><span class='ocrx_word' id='word_1_301' title='bbox 280 3633 522 3680; x_wconf 81' lang='lat' dir='ltr'>brandarum</span> <span class='ocrx_word' id='word_1_302' title='bbox 536 3650 745 3682; x_wconf 82' lang='lat' dir='ltr'>numerum</span> <span class='ocrx_word' id='word_1_303' title='bbox 768 3652 816 3684; x_wconf 80' lang='lat' dir='ltr'>ea</span> <span class='ocrx_word' id='word_1_304' title='bbox 830 3640 947 3685; x_wconf 81' lang='lat' dir='ltr'>variis</span> <span class='ocrx_word' id='word_1_305' title='bbox 961 3638 1244 3685; x_wconf 64' lang='lat' dir='ltr'>defunctorum</span> 
     </span>
     <span class='ocr_line' id='line_1_51' title="bbox 280 3693 1243 3758; baseline 0.006 -20"><span class='ocrx_word' id='word_1_306' title='bbox 280 3693 455 3747; x_wconf 67' lang='lat' dir='ltr'>relictis,</span> <span class='ocrx_word' id='word_1_307' title='bbox 479 3706 546 3737; x_wconf 84' lang='lat' dir='ltr'>aut</span> <span class='ocrx_word' id='word_1_308' title='bbox 563 3696 722 3751; x_wconf 83' lang='lat' dir='ltr'>piorum</span> <span class='ocrx_word' id='word_1_309' title='bbox 734 3698 996 3756; x_wconf 70' lang='lat' dir='ltr'>elemosynis</span> <span class='ocrx_word' id='word_1_310' title='bbox 1012 3698 1243 3758; x_wconf 72' lang='lat' dir='ltr'>impolitum</span> 
     </span>
     <span class='ocr_line' id='line_1_52' title="bbox 277 3751 1239 3815; baseline 0.008 -19"><span class='ocrx_word' id='word_1_311' title='bbox 277 3751 382 3804; x_wconf 76' lang='lat' dir='ltr'>ell&#39;e,</span> <span class='ocrx_word' id='word_1_312' title='bbox 409 3763 453 3796; x_wconf 87' lang='lat' dir='ltr'>ut</span> <span class='ocrx_word' id='word_1_313' title='bbox 481 3753 563 3797; x_wconf 82' lang='lat' dir='ltr'>illis</span> <span class='ocrx_word' id='word_1_314' title='bbox 624 3768 651 3796; x_wconf 92' lang='lat' dir='ltr'>o</span> <span class='ocrx_word' id='word_1_315' title='bbox 665 3757 825 3811; x_wconf 66' lang='lat' dir='ltr'>lingulis</span> <span class='ocrx_word' id='word_1_316' title='bbox 843 3757 985 3803; x_wconf 86' lang='lat' dir='ltr'>diebus</span> <span class='ocrx_word' id='word_1_317' title='bbox 999 3758 1239 3815; x_wconf 74' lang='lat' dir='ltr'>prescriptis</span> 
     </span>
     <span class='ocr_line' id='line_1_53' title="bbox 276 3811 1240 3871; baseline 0.003 -13"><span class='ocrx_word' id='word_1_318' title='bbox 276 3822 446 3871; x_wconf 73' lang='lat' dir='ltr'>nequeas</span> <span class='ocrx_word' id='word_1_319' title='bbox 460 3811 553 3858; x_wconf 79' lang='lat' dir='ltr'>satis</span> <span class='ocrx_word' id='word_1_320' title='bbox 583 3814 639 3856; x_wconf 88' lang='lat' dir='ltr'>cri</span> <span class='ocrx_word' id='word_1_321' title='bbox 653 3813 718 3865; x_wconf 72' lang='lat'>3&amp;</span> <span class='ocrx_word' id='word_1_322' title='bbox 735 3824 867 3859; x_wconf 86' lang='lat' dir='ltr'>tamen</span> <span class='ocrx_word' id='word_1_323' title='bbox 882 3831 989 3861; x_wconf 80' lang='lat' dir='ltr'>nova</span> <span class='ocrx_word' id='word_1_324' title='bbox 1007 3832 1128 3862; x_wconf 89' lang='lat' dir='ltr'>onera</span> <span class='ocrx_word' id='word_1_325' title='bbox 1143 3817 1240 3863; x_wconf 78' lang='lat' dir='ltr'>Mis-</span> 
     </span>
    </p>
   </div>
   <div class='ocr_carea' id='block_1_10' title="bbox 898 186 1758 278">
    <p class='ocr_par' dir='ltr' id='par_1_10' title="bbox 898 186 1758 278">
     <span class='ocr_line' id='line_1_54' title="bbox 898 186 1758 278; baseline -0.001 0"><span class='ocrx_word' id='word_1_326' title='bbox 898 191 1057 278; x_wconf 74' lang='lat' dir='ltr'>Sub</span> <span class='ocrx_word' id='word_1_327' title='bbox 1117 186 1436 277; x_wconf 66' lang='lat' dir='ltr'>&#39;Urbano</span> <span class='ocrx_word' id='word_1_328' title='bbox 1505 190 1758 277; x_wconf 90' lang='lat' dir='ltr'><em>VIII.</em></span> 
     </span>
    </p>
   </div>
   <div class='ocr_carea' id='block_1_11' title="bbox 1295 346 2332 3927">
    <p class='ocr_par' dir='ltr' id='par_1_11' title="bbox 1302 346 2332 2086">
     <span class='ocr_line' id='line_1_55' title="bbox 1317 346 2290 410; baseline 0.005 -22"><span class='ocrx_word' id='word_1_329' title='bbox 1317 346 1447 390; x_wconf 86' lang='lat' dir='ltr'>sarum</span> <span class='ocrx_word' id='word_1_330' title='bbox 1465 347 1505 391; x_wconf 88' lang='lat' dir='ltr'>in</span> <span class='ocrx_word' id='word_1_331' title='bbox 1517 348 1602 392; x_wconf 86' lang='lat' dir='ltr'>dies</span> <span class='ocrx_word' id='word_1_332' title='bbox 1617 349 1876 407; x_wconf 72' lang='lat' dir='ltr'>{iistipiantur</span> <span class='ocrx_word' id='word_1_333' title='bbox 1888 379 1903 403; x_wconf 95' lang='lat'>,</span> <span class='ocrx_word' id='word_1_334' title='bbox 1926 350 2102 410; x_wconf 88' lang='lat' dir='ltr'>indeque</span> <span class='ocrx_word' id='word_1_335' title='bbox 2114 353 2183 396; x_wconf 84' lang='lat' dir='ltr'>fiat</span> <span class='ocrx_word' id='word_1_336' title='bbox 2195 382 2211 405; x_wconf 95' lang='lat'>,</span> <span class='ocrx_word' id='word_1_337' title='bbox 2244 356 2290 393; x_wconf 86' lang='lat' dir='ltr'>ut</span> 
     </span>
     <span class='ocr_line' id='line_1_56' title="bbox 1315 404 2332 464; baseline 0.005 -16"><span class='ocrx_word' id='word_1_338' title='bbox 1315 405 1539 463; x_wconf 84' lang='lat' dir='ltr'>depereant</span> <span class='ocrx_word' id='word_1_339' title='bbox 1569 411 1638 464; x_wconf 85' lang='lat' dir='ltr'>piae</span> <span class='ocrx_word' id='word_1_340' title='bbox 1666 411 1897 453; x_wconf 88' lang='lat' dir='ltr'>testantium</span> <span class='ocrx_word' id='word_1_341' title='bbox 1925 411 2156 455; x_wconf 81' lang='lat' dir='ltr'>voluntates</span> <span class='ocrx_word' id='word_1_342' title='bbox 2169 442 2184 463; x_wconf 87' lang='lat'>,</span> <span class='ocrx_word' id='word_1_343' title='bbox 2213 412 2292 453; x_wconf 88' lang='lat' dir='ltr'>ob·</span> <span class='ocrx_word' id='word_1_344' title='bbox 2315 404 2332 416; x_wconf 64' lang='lat'><strong>⁹</strong></span> 
     </span>
     <span class='ocr_line' id='line_1_57' title="bbox 1318 466 2290 520; baseline 0.003 -13"><span class='ocrx_word' id='word_1_345' title='bbox 1318 466 1447 509; x_wconf 68' lang='lat' dir='ltr'>stricta</span> <span class='ocrx_word' id='word_1_346' title='bbox 1460 466 1785 511; x_wconf 62' lang='lat' dir='ltr'>benefactoribus</span> <span class='ocrx_word' id='word_1_347' title='bbox 1807 466 1906 509; x_wconf 88' lang='lat' dir='ltr'>fides</span> <span class='ocrx_word' id='word_1_348' title='bbox 1923 469 2117 520; x_wconf 79' lang='lat' dir='ltr'>violetur,</span> <span class='ocrx_word' id='word_1_349' title='bbox 2133 470 2290 514; x_wconf 84' lang='lat' dir='ltr'>Defun-</span> 
     </span>
     <span class='ocr_line' id='line_1_58' title="bbox 1313 524 2287 581; baseline 0.002 -14"><span class='ocrx_word' id='word_1_350' title='bbox 1313 528 1475 568; x_wconf 70' lang='lat' dir='ltr'>&lt;storum</span> <span class='ocrx_word' id='word_1_351' title='bbox 1505 528 1643 569; x_wconf 84' lang='lat' dir='ltr'>animae</span> <span class='ocrx_word' id='word_1_352' title='bbox 1658 525 1850 581; x_wconf 85' lang='lat' dir='ltr'>suffragiis</span> <span class='ocrx_word' id='word_1_353' title='bbox 1870 524 2111 580; x_wconf 77' lang='lat' dir='ltr'>priventur,</span> <span class='ocrx_word' id='word_1_354' title='bbox 2142 528 2287 571; x_wconf 81' lang='lat' dir='ltr'>Eccle-</span> 
     </span>
     <span class='ocr_line' id='line_1_59' title="bbox 1311 582 2287 633; baseline -0.001 -7"><span class='ocrx_word' id='word_1_355' title='bbox 1311 585 1373 627; x_wconf 79' lang='lat' dir='ltr'>siis</span> <span class='ocrx_word' id='word_1_356' title='bbox 1398 585 1558 628; x_wconf 88' lang='lat' dir='ltr'>debitus</span> <span class='ocrx_word' id='word_1_357' title='bbox 1580 586 1843 629; x_wconf 87' lang='lat' dir='ltr'>subtrahatur</span> <span class='ocrx_word' id='word_1_358' title='bbox 1865 582 1999 626; x_wconf 82' lang='lat' dir='ltr'>cultus</span> <span class='ocrx_word' id='word_1_359' title='bbox 2014 610 2030 633; x_wconf 94' lang='lat'>,</span> <span class='ocrx_word' id='word_1_360' title='bbox 2058 598 2107 628; x_wconf 91' lang='lat' dir='ltr'>ac</span> <span class='ocrx_word' id='word_1_361' title='bbox 2136 585 2287 629; x_wconf 85' lang='lat' dir='ltr'>Christi</span> 
     </span>
     <span class='ocr_line' id='line_1_60' title="bbox 1312 641 2284 700; baseline -0.002 -14"><span class='ocrx_word' id='word_1_362' title='bbox 1312 643 1449 688; x_wconf 86' lang='lat' dir='ltr'>fideles</span> <span class='ocrx_word' id='word_1_363' title='bbox 1474 645 1587 700; x_wconf 78' lang='lat' dir='ltr'>gravi</span> <span class='ocrx_word' id='word_1_364' title='bbox 1613 642 1804 686; x_wconf 86' lang='lat' dir='ltr'>scandalo</span> <span class='ocrx_word' id='word_1_365' title='bbox 1815 642 1940 684; x_wconf 72' lang='lat' dir='ltr'>affecti</span> <span class='ocrx_word' id='word_1_366' title='bbox 1960 670 1974 694; x_wconf 92' lang='lat'>,</span> <span class='ocrx_word' id='word_1_367' title='bbox 1996 641 2234 700; x_wconf 86' lang='lat' dir='ltr'>plerumque</span> <span class='ocrx_word' id='word_1_368' title='bbox 2263 644 2284 684; x_wconf 69' lang='lat' dir='ltr'>a</span> 
     </span>
     <span class='ocr_line' id='line_1_61' title="bbox 1309 701 2280 758; baseline -0.002 -14"><span class='ocrx_word' id='word_1_369' title='bbox 1309 701 1504 745; x_wconf 86' lang='lat' dir='ltr'>fimilibus</span> <span class='ocrx_word' id='word_1_370' title='bbox 1530 702 1743 745; x_wconf 86' lang='lat' dir='ltr'>eharitatis</span> <span class='ocrx_word' id='word_1_371' title='bbox 1770 701 1960 758; x_wconf 87' lang='lat' dir='ltr'>operibus</span> <span class='ocrx_word' id='word_1_372' title='bbox 1993 701 2254 744; x_wconf 85' lang='lat' dir='ltr'>retrahantur</span> <span class='ocrx_word' id='word_1_373' title='bbox 2267 715 2280 742; x_wconf 75' lang='lat' dir='ltr'><strong><em>z</em></strong></span> 
     </span>
     <span class='ocr_line' id='line_1_62' title="bbox 1308 758 2285 815; baseline -0.005 -10"><span class='ocrx_word' id='word_1_374' title='bbox 1308 764 1497 815; x_wconf 90' lang='lat' dir='ltr'>Cumque</span> <span class='ocrx_word' id='word_1_375' title='bbox 1507 761 1569 803; x_wconf 87' lang='lat' dir='ltr'>his</span> <span class='ocrx_word' id='word_1_376' title='bbox 1581 761 1695 803; x_wconf 82' lang='lat' dir='ltr'>malis</span> <span class='ocrx_word' id='word_1_377' title='bbox 1709 761 1924 802; x_wconf 83' lang='lat' dir='ltr'>maximum</span> <span class='ocrx_word' id='word_1_378' title='bbox 1943 758 2052 802; x_wconf 87' lang='lat' dir='ltr'>inter</span> <span class='ocrx_word' id='word_1_379' title='bbox 2063 767 2207 803; x_wconf 72' lang='lat' dir='ltr'>eaetera</span> <span class='ocrx_word' id='word_1_380' title='bbox 2220 760 2285 801; x_wconf 90' lang='lat' dir='ltr'>fo-</span> 
     </span>
     <span class='ocr_line' id='line_1_63' title="bbox 1306 816 2285 874; baseline -0.003 -14"><span class='ocrx_word' id='word_1_381' title='bbox 1306 826 1488 861; x_wconf 88' lang='lat' dir='ltr'>mentum</span> <span class='ocrx_word' id='word_1_382' title='bbox 1505 821 1679 873; x_wconf 83' lang='lat' dir='ltr'>praebeat</span> <span class='ocrx_word' id='word_1_383' title='bbox 1690 847 1706 871; x_wconf 91' lang='lat'>,</span> <span class='ocrx_word' id='word_1_384' title='bbox 1731 828 1801 861; x_wconf 88' lang='lat' dir='ltr'>aut</span> <span class='ocrx_word' id='word_1_385' title='bbox 1826 816 1938 874; x_wconf 89' lang='lat' dir='ltr'>quod</span> <span class='ocrx_word' id='word_1_386' title='bbox 1967 817 2022 870; x_wconf 90' lang='lat' dir='ltr'>ii,</span> <span class='ocrx_word' id='word_1_387' title='bbox 2052 817 2123 873; x_wconf 91' lang='lat' dir='ltr'>qui</span> <span class='ocrx_word' id='word_1_388' title='bbox 2149 817 2285 861; x_wconf 78' lang='lat' dir='ltr'>Miffae</span> 
     </span>
     <span class='ocr_line' id='line_1_64' title="bbox 1305 874 2282 933; baseline -0.001 -15"><span class='ocrx_word' id='word_1_389' title='bbox 1305 876 1421 931; x_wconf 89' lang='lat' dir='ltr'>supra</span> <span class='ocrx_word' id='word_1_390' title='bbox 1434 876 1540 919; x_wconf 86' lang='lat' dir='ltr'>vires</span> <span class='ocrx_word' id='word_1_391' title='bbox 1553 876 1816 920; x_wconf 87' lang='lat' dir='ltr'>celebrandas</span> <span class='ocrx_word' id='word_1_392' title='bbox 1841 874 2057 933; x_wconf 89' lang='lat' dir='ltr'>suscipiunt</span> <span class='ocrx_word' id='word_1_393' title='bbox 2071 901 2087 925; x_wconf 87' lang='lat'>,</span> <span class='ocrx_word' id='word_1_394' title='bbox 2116 877 2282 933; x_wconf 81' lang='lat' dir='ltr'>sperent</span> 
     </span>
     <span class='ocr_line' id='line_1_65' title="bbox 1307 935 2283 991; baseline 0 -13"><span class='ocrx_word' id='word_1_395' title='bbox 1307 935 1396 978; x_wconf 82' lang='lat' dir='ltr'>illas</span> <span class='ocrx_word' id='word_1_396' title='bbox 1410 935 1523 978; x_wconf 81' lang='lat' dir='ltr'>brevi</span> <span class='ocrx_word' id='word_1_397' title='bbox 1549 936 1600 977; x_wconf 89' lang='lat' dir='ltr'>ad</span> <span class='ocrx_word' id='word_1_398' title='bbox 1624 935 1858 990; x_wconf 86' lang='lat' dir='ltr'>pauciorem</span> <span class='ocrx_word' id='word_1_399' title='bbox 1874 947 2082 977; x_wconf 89' lang='lat' dir='ltr'>numerum</span> <span class='ocrx_word' id='word_1_400' title='bbox 2105 935 2127 976; x_wconf 73' lang='lat' dir='ltr'>a</span> <span class='ocrx_word' id='word_1_401' title='bbox 2153 936 2283 991; x_wconf 88' lang='lat' dir='ltr'>Supe-</span> 
     </span>
     <span class='ocr_line' id='line_1_66' title="bbox 1307 992 2279 1051; baseline 0 -16"><span class='ocrx_word' id='word_1_402' title='bbox 1307 992 1485 1036; x_wconf 85' lang='lat' dir='ltr'>rioribus</span> <span class='ocrx_word' id='word_1_403' title='bbox 1500 993 1713 1037; x_wconf 70' lang='lat' dir='ltr'>reduetum</span> <span class='ocrx_word' id='word_1_404' title='bbox 1728 994 1778 1036; x_wconf 91' lang='lat' dir='ltr'>iri</span> <span class='ocrx_word' id='word_1_405' title='bbox 1792 1006 1809 1046; x_wconf 75' lang='lat'>3</span> <span class='ocrx_word' id='word_1_406' title='bbox 1837 1002 1908 1036; x_wconf 89' lang='lat' dir='ltr'>aut</span> <span class='ocrx_word' id='word_1_407' title='bbox 1934 992 2046 1051; x_wconf 86' lang='lat' dir='ltr'>quod</span> <span class='ocrx_word' id='word_1_408' title='bbox 2069 993 2279 1044; x_wconf 84' lang='lat' dir='ltr'>Ecclefiis,</span> 
     </span>
     <span class='ocr_line' id='line_1_67' title="bbox 1306 1051 2284 1108; baseline 0.001 -15"><span class='ocrx_word' id='word_1_409' title='bbox 1306 1051 1416 1094; x_wconf 91' lang='lat' dir='ltr'>sorte</span> <span class='ocrx_word' id='word_1_410' title='bbox 1431 1053 1696 1106; x_wconf 86' lang='lat' dir='ltr'>pecuniarum</span> <span class='ocrx_word' id='word_1_411' title='bbox 1707 1051 1913 1107; x_wconf 87' lang='lat' dir='ltr'>absumpta</span> <span class='ocrx_word' id='word_1_412' title='bbox 1923 1080 1938 1104; x_wconf 94' lang='lat'>,</span> <span class='ocrx_word' id='word_1_413' title='bbox 1961 1051 2200 1108; x_wconf 88' lang='lat' dir='ltr'>plerumque</span> <span class='ocrx_word' id='word_1_414' title='bbox 2210 1065 2284 1094; x_wconf 88' lang='lat' dir='ltr'>nu-</span> 
     </span>
     <span class='ocr_line' id='line_1_68' title="bbox 1304 1109 2282 1168; baseline 0 -16"><span class='ocrx_word' id='word_1_415' title='bbox 1304 1109 1356 1152; x_wconf 93' lang='lat' dir='ltr'>da</span> <span class='ocrx_word' id='word_1_416' title='bbox 1385 1120 1623 1155; x_wconf 85' lang='lat' dir='ltr'>remaneant</span> <span class='ocrx_word' id='word_1_417' title='bbox 1643 1124 1767 1154; x_wconf 86' lang='lat' dir='ltr'>onera</span> <span class='ocrx_word' id='word_1_418' title='bbox 1781 1109 1982 1152; x_wconf 82' lang='lat' dir='ltr'>Miffarum</span> <span class='ocrx_word' id='word_1_419' title='bbox 2012 1109 2159 1168; x_wconf 85' lang='lat' dir='ltr'>absque</span> <span class='ocrx_word' id='word_1_420' title='bbox 2187 1110 2282 1153; x_wconf 86' lang='lat' dir='ltr'>ullo</span> 
     </span>
     <span class='ocr_line' id='line_1_69' title="bbox 1303 1166 2281 1227; baseline 0.002 -18"><span class='ocrx_word' id='word_1_421' title='bbox 1303 1168 1605 1222; x_wconf 82' lang='lat' dir='ltr'>emolument03</span> <span class='ocrx_word' id='word_1_422' title='bbox 1621 1178 1689 1212; x_wconf 90' lang='lat' dir='ltr'>aut</span> <span class='ocrx_word' id='word_1_423' title='bbox 1702 1169 1812 1227; x_wconf 89' lang='lat' dir='ltr'>quod</span> <span class='ocrx_word' id='word_1_424' title='bbox 1827 1166 2086 1224; x_wconf 82' lang='lat' dir='ltr'>eleemosyua</span> <span class='ocrx_word' id='word_1_425' title='bbox 2133 1183 2183 1212; x_wconf 88' lang='lat' dir='ltr'>ro</span> <span class='ocrx_word' id='word_1_426' title='bbox 2195 1166 2281 1212; x_wconf 87' lang='lat' dir='ltr'>illis</span> 
     </span>
     <span class='ocr_line' id='line_1_70' title="bbox 1303 1226 2284 1280; baseline -0.001 -9"><span class='ocrx_word' id='word_1_427' title='bbox 1303 1227 1559 1272; x_wconf 84' lang='lat' dir='ltr'>celebrandis</span> <span class='ocrx_word' id='word_1_428' title='bbox 1574 1230 1620 1272; x_wconf 86' lang='lat' dir='ltr'>fit</span> <span class='ocrx_word' id='word_1_429' title='bbox 1639 1229 1741 1272; x_wconf 90' lang='lat' dir='ltr'>adeo</span> <span class='ocrx_word' id='word_1_430' title='bbox 1754 1228 1912 1280; x_wconf 90' lang='lat' dir='ltr'>tenuis,</span> <span class='ocrx_word' id='word_1_431' title='bbox 1935 1237 1981 1271; x_wconf 88' lang='lat' dir='ltr'>ut</span> <span class='ocrx_word' id='word_1_432' title='bbox 1994 1241 2076 1271; x_wconf 91' lang='lat' dir='ltr'>non</span> <span class='ocrx_word' id='word_1_433' title='bbox 2149 1226 2205 1271; x_wconf 72' lang='lat' dir='ltr'>ile</span> <span class='ocrx_word' id='word_1_434' title='bbox 2218 1226 2284 1270; x_wconf 87' lang='lat' dir='ltr'>in-</span> 
     </span>
     <span class='ocr_line' id='line_1_71' title="bbox 1305 1283 2282 1344; baseline -0.003 -14"><span class='ocrx_word' id='word_1_435' title='bbox 1305 1289 1519 1330; x_wconf 80' lang='lat' dir='ltr'>veniantur</span> <span class='ocrx_word' id='word_1_436' title='bbox 1535 1314 1550 1338; x_wconf 90' lang='lat'>,</span> <span class='ocrx_word' id='word_1_437' title='bbox 1579 1287 1651 1344; x_wconf 88' lang='lat' dir='ltr'>qui</span> <span class='ocrx_word' id='word_1_438' title='bbox 1675 1287 1800 1330; x_wconf 85' lang='lat' dir='ltr'>velint</span> <span class='ocrx_word' id='word_1_439' title='bbox 1816 1286 1911 1329; x_wconf 90' lang='lat' dir='ltr'>huic</span> <span class='ocrx_word' id='word_1_440' title='bbox 1923 1284 1963 1328; x_wconf 90' lang='lat' dir='ltr'>sc</span> <span class='ocrx_word' id='word_1_441' title='bbox 1982 1286 2136 1330; x_wconf 89' lang='lat' dir='ltr'>muneri</span> <span class='ocrx_word' id='word_1_442' title='bbox 2161 1283 2282 1341; x_wconf 86' lang='lat' dir='ltr'>subji-</span> 
     </span>
     <span class='ocr_line' id='line_1_72' title="bbox 1302 1343 2285 1398; baseline -0.002 -10"><span class='ocrx_word' id='word_1_443' title='bbox 1302 1357 1426 1398; x_wconf 88' lang='lat' dir='ltr'>cere,</span> <span class='ocrx_word' id='word_1_444' title='bbox 1454 1345 1496 1386; x_wconf 83' lang='lat'>&amp;</span> <span class='ocrx_word' id='word_1_445' title='bbox 1514 1346 1701 1389; x_wconf 86' lang='lat' dir='ltr'>redditus</span> <span class='ocrx_word' id='word_1_446' title='bbox 1717 1343 1927 1393; x_wconf 63' lang='lat' dir='ltr'>Recidit,</span> <span class='ocrx_word' id='word_1_447' title='bbox 1952 1355 2023 1389; x_wconf 93' lang='lat' dir='ltr'>aut</span> <span class='ocrx_word' id='word_1_448' title='bbox 2048 1343 2285 1390; x_wconf 72' lang='lat' dir='ltr'>monasterii</span> 
     </span>
     <span class='ocr_line' id='line_1_73' title="bbox 1303 1403 2282 1460; baseline -0.001 -15"><span class='ocrx_word' id='word_1_449' title='bbox 1303 1403 1411 1447; x_wconf 88' lang='lat' dir='ltr'>adeo</span> <span class='ocrx_word' id='word_1_450' title='bbox 1428 1404 1567 1458; x_wconf 83' lang='lat' dir='ltr'>exigui</span> <span class='ocrx_word' id='word_1_451' title='bbox 1580 1430 1595 1453; x_wconf 87' lang='lat'><strong>‚</strong></span> <span class='ocrx_word' id='word_1_452' title='bbox 1635 1412 1680 1446; x_wconf 90' lang='lat' dir='ltr'>ut</span> <span class='ocrx_word' id='word_1_453' title='bbox 1698 1403 1943 1448; x_wconf 83' lang='lat' dir='ltr'>Sacerdotes</span> <span class='ocrx_word' id='word_1_454' title='bbox 1963 1417 2041 1460; x_wconf 89' lang='lat' dir='ltr'>pro</span> <span class='ocrx_word' id='word_1_455' title='bbox 2071 1403 2282 1446; x_wconf 83' lang='lat' dir='ltr'>neceflaria</span> 
     </span>
     <span class='ocr_line' id='line_1_74' title="bbox 1308 1460 2283 1505; baseline -0.003 0"><span class='ocrx_word' id='word_1_456' title='bbox 1308 1465 1374 1505; x_wconf 90' lang='lat' dir='ltr'>sua</span> <span class='ocrx_word' id='word_1_457' title='bbox 1390 1462 1675 1505; x_wconf 79' lang='lat' dir='ltr'>sustentatione</span> <span class='ocrx_word' id='word_1_458' title='bbox 1701 1466 1819 1504; x_wconf 83' lang='lat' dir='ltr'>novis</span> <span class='ocrx_word' id='word_1_459' title='bbox 1845 1462 1883 1503; x_wconf 90' lang='lat' dir='ltr'>se</span> <span class='ocrx_word' id='word_1_460' title='bbox 1903 1460 2094 1505; x_wconf 88' lang='lat' dir='ltr'>oneribus</span> <span class='ocrx_word' id='word_1_461' title='bbox 2104 1461 2283 1503; x_wconf 81' lang='lat' dir='ltr'>obstrin-</span> 
     </span>
     <span class='ocr_line' id='line_1_75' title="bbox 1307 1518 2279 1573; baseline 0 -14"><span class='ocrx_word' id='word_1_462' title='bbox 1307 1531 1405 1573; x_wconf 85' lang='lat' dir='ltr'>gere</span> <span class='ocrx_word' id='word_1_463' title='bbox 1448 1518 1752 1572; x_wconf 79' lang='lat' dir='ltr'>compellantur</span> <span class='ocrx_word' id='word_1_464' title='bbox 1772 1531 1787 1561; x_wconf 72' lang='grc' dir='ltr'><em>ε</em></span> <span class='ocrx_word' id='word_1_465' title='bbox 1830 1520 1955 1559; x_wconf 85' lang='lat' dir='ltr'>Sacra</span> <span class='ocrx_word' id='word_1_466' title='bbox 1997 1518 2279 1573; x_wconf 77' lang='lat' dir='ltr'>congregatio</span> 
     </span>
     <span class='ocr_line' id='line_1_76' title="bbox 1307 1573 2284 1630; baseline 0.003 -14"><span class='ocrx_word' id='word_1_467' title='bbox 1307 1575 1438 1617; x_wconf 88' lang='lat' dir='ltr'>Card.</span> <span class='ocrx_word' id='word_1_468' title='bbox 1452 1578 1587 1617; x_wconf 80' lang='lat' dir='ltr'>Cone.</span> <span class='ocrx_word' id='word_1_469' title='bbox 1603 1573 1719 1618; x_wconf 81' lang='lat' dir='ltr'>Trid.</span> <span class='ocrx_word' id='word_1_470' title='bbox 1731 1575 2012 1630; x_wconf 75' lang='lat' dir='ltr'>interpretum</span> <span class='ocrx_word' id='word_1_471' title='bbox 2025 1574 2284 1619; x_wconf 79' lang='lat' dir='ltr'>animadver-</span> 
     </span>
     <span class='ocr_line' id='line_1_77' title="bbox 1307 1628 2284 1689; baseline 0.003 -14"><span class='ocrx_word' id='word_1_472' title='bbox 1307 1642 1415 1684; x_wconf 91' lang='lat' dir='ltr'>tens,</span> <span class='ocrx_word' id='word_1_473' title='bbox 1427 1628 1620 1676; x_wconf 64' lang='lat' dir='ltr'>facturam</span> <span class='ocrx_word' id='word_1_474' title='bbox 1637 1632 1675 1676; x_wconf 90' lang='lat' dir='ltr'>se</span> <span class='ocrx_word' id='word_1_475' title='bbox 1688 1645 1776 1676; x_wconf 87' lang='lat' dir='ltr'>rem</span> <span class='ocrx_word' id='word_1_476' title='bbox 1791 1634 1884 1676; x_wconf 88' lang='lat' dir='ltr'>Deo</span> <span class='ocrx_word' id='word_1_477' title='bbox 1893 1634 2170 1689; x_wconf 81' lang='lat' dir='ltr'>gratiflimam,</span> <span class='ocrx_word' id='word_1_478' title='bbox 2185 1635 2284 1678; x_wconf 88' lang='lat' dir='ltr'>cha-</span> 
     </span>
     <span class='ocr_line' id='line_1_78' title="bbox 1307 1691 2281 1748; baseline 0.002 -13"><span class='ocrx_word' id='word_1_479' title='bbox 1307 1692 1499 1748; x_wconf 81' lang='lat' dir='ltr'>ritatique</span> <span class='ocrx_word' id='word_1_480' title='bbox 1511 1704 1559 1734; x_wconf 88' lang='lat' dir='ltr'>ac</span> <span class='ocrx_word' id='word_1_481' title='bbox 1570 1692 1738 1747; x_wconf 75' lang='lat' dir='ltr'>Justitioe</span> <span class='ocrx_word' id='word_1_482' title='bbox 1753 1692 1926 1736; x_wconf 67' lang='lat' dir='ltr'>maxime</span> <span class='ocrx_word' id='word_1_483' title='bbox 1940 1691 2248 1737; x_wconf 83' lang='lat' dir='ltr'>consentaneam</span> <span class='ocrx_word' id='word_1_484' title='bbox 2265 1720 2281 1744; x_wconf 67' lang='lat'><em>2</em></span> 
     </span>
     <span class='ocr_line' id='line_1_79' title="bbox 1307 1749 2284 1807; baseline 0.003 -13"><span class='ocrx_word' id='word_1_485' title='bbox 1307 1751 1332 1794; x_wconf 85' lang='lat' dir='ltr'>fi</span> <span class='ocrx_word' id='word_1_486' title='bbox 1358 1763 1434 1807; x_wconf 88' lang='lat' dir='ltr'>pro</span> <span class='ocrx_word' id='word_1_487' title='bbox 1449 1751 1603 1793; x_wconf 77' lang='lat' dir='ltr'>viribus</span> <span class='ocrx_word' id='word_1_488' title='bbox 1616 1749 1771 1807; x_wconf 79' lang='lat' dir='ltr'>satagat</span> <span class='ocrx_word' id='word_1_489' title='bbox 1785 1751 1892 1794; x_wconf 91' lang='lat' dir='ltr'>hunc</span> <span class='ocrx_word' id='word_1_490' title='bbox 1905 1752 2163 1796; x_wconf 87' lang='lat' dir='ltr'>teterrimum</span> <span class='ocrx_word' id='word_1_491' title='bbox 2179 1753 2284 1797; x_wconf 86' lang='lat' dir='ltr'>abu-</span> 
     </span>
     <span class='ocr_line' id='line_1_80' title="bbox 1307 1808 2282 1866; baseline 0.005 -15"><span class='ocrx_word' id='word_1_492' title='bbox 1307 1808 1395 1851; x_wconf 88' lang='lat' dir='ltr'>sum</span> <span class='ocrx_word' id='word_1_493' title='bbox 1409 1808 1433 1851; x_wconf 81' lang='grc' dir='ltr'>ὲ</span> <span class='ocrx_word' id='word_1_494' title='bbox 1446 1809 1672 1853; x_wconf 81' lang='lat' dir='ltr'>Christiana</span> <span class='ocrx_word' id='word_1_495' title='bbox 1689 1808 1910 1866; x_wconf 87' lang='lat' dir='ltr'>Republica</span> <span class='ocrx_word' id='word_1_496' title='bbox 1919 1810 2158 1855; x_wconf 82' lang='lat' dir='ltr'>convellere</span> <span class='ocrx_word' id='word_1_497' title='bbox 2174 1836 2190 1862; x_wconf 80' lang='lat'>‚</span> <span class='ocrx_word' id='word_1_498' title='bbox 2220 1820 2282 1856; x_wconf 86' lang='lat' dir='ltr'>at-</span> 
     </span>
     <span class='ocr_line' id='line_1_81' title="bbox 1306 1868 2279 1924; baseline 0.004 -13"><span class='ocrx_word' id='word_1_499' title='bbox 1306 1882 1387 1924; x_wconf 88' lang='lat' dir='ltr'>que</span> <span class='ocrx_word' id='word_1_500' title='bbox 1415 1868 1625 1911; x_wconf 90' lang='lat' dir='ltr'>eradicare</span> <span class='ocrx_word' id='word_1_501' title='bbox 1639 1880 1654 1911; x_wconf 72' lang='grc' dir='ltr'><strong><em>ε</em></strong></span> <span class='ocrx_word' id='word_1_502' title='bbox 1684 1871 1752 1913; x_wconf 85' lang='lat' dir='ltr'>SS.</span> <span class='ocrx_word' id='word_1_503' title='bbox 1784 1868 1835 1910; x_wconf 90' lang='lat' dir='ltr'>D.</span> <span class='ocrx_word' id='word_1_504' title='bbox 1851 1871 1907 1911; x_wconf 86' lang='lat' dir='ltr'>N.</span> <span class='ocrx_word' id='word_1_505' title='bbox 1923 1870 2080 1914; x_wconf 83' lang='lat' dir='ltr'>Urbani</span> <span class='ocrx_word' id='word_1_506' title='bbox 2095 1869 2279 1915; x_wconf 75' lang='lat' dir='ltr'>Divina..</span> 
     </span>
     <span class='ocr_line' id='line_1_82' title="bbox 1307 1925 2282 1984; baseline 0.001 -14"><span class='ocrx_word' id='word_1_507' title='bbox 1307 1926 1573 1971; x_wconf 77' lang='lat' dir='ltr'>Providentia</span> <span class='ocrx_word' id='word_1_508' title='bbox 1587 1927 1664 1970; x_wconf 87' lang='lat' dir='ltr'>PP.</span> <span class='ocrx_word' id='word_1_509' title='bbox 1684 1928 1804 1969; x_wconf 75' lang='lat' dir='ltr'>viu.</span> <span class='ocrx_word' id='word_1_510' title='bbox 1836 1928 2086 1971; x_wconf 85' lang='lat' dir='ltr'>authoritate</span> <span class='ocrx_word' id='word_1_511' title='bbox 2108 1926 2177 1971; x_wconf 83' lang='lat' dir='ltr'>fibi</span> <span class='ocrx_word' id='word_1_512' title='bbox 2193 1925 2282 1984; x_wconf 89' lang='lat' dir='ltr'>spe-</span> 
     </span>
     <span class='ocr_line' id='line_1_83' title="bbox 1305 1984 2279 2085; baseline 0.005 -58"><span class='ocrx_word' id='word_1_513' title='bbox 1305 1985 1471 2085; x_wconf 57' lang='lat' dir='ltr'>ciialditer</span> <span class='ocrx_word' id='word_1_514' title='bbox 1513 1986 1709 2029; x_wconf 84' lang='lat' dir='ltr'>attributa</span> <span class='ocrx_word' id='word_1_515' title='bbox 1721 2009 1737 2034; x_wconf 87' lang='lat'>,</span> <span class='ocrx_word' id='word_1_516' title='bbox 1780 1984 2030 2044; x_wconf 87' lang='lat' dir='ltr'>infrascripta</span> <span class='ocrx_word' id='word_1_517' title='bbox 2071 1987 2279 2032; x_wconf 71' lang='lat' dir='ltr'>Decreta.»</span> 
     </span>
     <span class='ocr_line' id='line_1_84' title="bbox 1307 2043 1466 2086; baseline -0.013 0"><span class='ocrx_word' id='word_1_518' title='bbox 1307 2058 1331 2086; x_wconf 94' lang='lat' dir='ltr'>e</span> <span class='ocrx_word' id='word_1_519' title='bbox 1362 2058 1371 2084; x_wconf 83' lang='lat' dir='ltr'>r</span> <span class='ocrx_word' id='word_1_520' title='bbox 1406 2043 1437 2086; x_wconf 92' lang='lat' dir='ltr'>it</span> <span class='ocrx_word' id='word_1_521' title='bbox 1454 2070 1466 2084; x_wconf 87' lang='lat'><strong>.</strong></span> 
     </span>
    </p>

    <p class='ocr_par' dir='ltr' id='par_1_12' title="bbox 1295 2102 2283 2974">
     <span class='ocr_line' id='line_1_85' title="bbox 1421 2102 2283 2165; baseline 0.006 -22"><span class='ocrx_word' id='word_1_522' title='bbox 1421 2102 1480 2146; x_wconf 84' lang='lat' dir='ltr'>Ac</span> <span class='ocrx_word' id='word_1_523' title='bbox 1491 2102 1641 2158; x_wconf 71' lang='lat' dir='ltr'>primo,</span> <span class='ocrx_word' id='word_1_524' title='bbox 1654 2102 1830 2148; x_wconf 60' lang='lat' dir='ltr'>districte</span> <span class='ocrx_word' id='word_1_525' title='bbox 1853 2104 2067 2160; x_wconf 87' lang='lat' dir='ltr'>prohibet,</span> <span class='ocrx_word' id='word_1_526' title='bbox 2079 2111 2203 2165; x_wconf 85' lang='lat' dir='ltr'>atque</span> <span class='ocrx_word' id='word_1_527' title='bbox 2225 2105 2283 2149; x_wconf 89' lang='lat' dir='ltr'>in-</span> 
     </span>
     <span class='ocr_line' id='line_1_86' title="bbox 1306 2161 2282 2221; baseline 0.005 -18"><span class='ocrx_word' id='word_1_528' title='bbox 1306 2161 1471 2205; x_wconf 89' lang='lat' dir='ltr'>terdicit</span> <span class='ocrx_word' id='word_1_529' title='bbox 1487 2186 1503 2210; x_wconf 68' lang='lat' dir='ltr'>a</span> <span class='ocrx_word' id='word_1_530' title='bbox 1517 2161 1568 2204; x_wconf 78' lang='grc' dir='ltr'>οὲ</span> <span class='ocrx_word' id='word_1_531' title='bbox 1588 2163 1774 2221; x_wconf 85' lang='lat' dir='ltr'>Episcopi</span> <span class='ocrx_word' id='word_1_532' title='bbox 1788 2165 1828 2207; x_wconf 91' lang='lat' dir='ltr'>in</span> <span class='ocrx_word' id='word_1_533' title='bbox 1842 2164 2079 2208; x_wconf 84' lang='lat' dir='ltr'>Dioeeesana</span> <span class='ocrx_word' id='word_1_534' title='bbox 2096 2162 2282 2221; x_wconf 76' lang='lat' dir='ltr'>synode,</span> 
     </span>
     <span class='ocr_line' id='line_1_87' title="bbox 1301 2220 2276 2279; baseline 0.003 -17"><span class='ocrx_word' id='word_1_535' title='bbox 1301 2230 1370 2263; x_wconf 88' lang='lat' dir='ltr'>aut</span> <span class='ocrx_word' id='word_1_536' title='bbox 1383 2220 1612 2264; x_wconf 86' lang='lat' dir='ltr'>Generalcs</span> <span class='ocrx_word' id='word_1_537' title='bbox 1626 2223 1667 2263; x_wconf 90' lang='lat' dir='ltr'>in</span> <span class='ocrx_word' id='word_1_538' title='bbox 1681 2222 1884 2277; x_wconf 86' lang='lat' dir='ltr'>Capitulis</span> <span class='ocrx_word' id='word_1_539' title='bbox 1897 2223 2156 2279; x_wconf 69' lang='lat' dir='ltr'>generalibus</span> <span class='ocrx_word' id='word_1_540' title='bbox 2167 2249 2184 2272; x_wconf 84' lang='lat'>‚</span> <span class='ocrx_word' id='word_1_541' title='bbox 2207 2222 2276 2266; x_wconf 77' lang='lat' dir='ltr'>sel</span> 
     </span>
     <span class='ocr_line' id='line_1_88' title="bbox 1298 2278 2279 2336; baseline 0.001 -14"><span class='ocrx_word' id='word_1_542' title='bbox 1298 2278 1398 2324; x_wconf 74' lang='lat' dir='ltr'>alias</span> <span class='ocrx_word' id='word_1_543' title='bbox 1410 2291 1581 2336; x_wconf 85' lang='lat' dir='ltr'>quoquo</span> <span class='ocrx_word' id='word_1_544' title='bbox 1592 2278 1720 2322; x_wconf 88' lang='lat' dir='ltr'>modo</span> <span class='ocrx_word' id='word_1_545' title='bbox 1733 2279 1929 2324; x_wconf 88' lang='lat' dir='ltr'>reducant</span> <span class='ocrx_word' id='word_1_546' title='bbox 1939 2294 2067 2324; x_wconf 88' lang='lat' dir='ltr'>onera</span> <span class='ocrx_word' id='word_1_547' title='bbox 2079 2279 2164 2324; x_wconf 85' lang='lat' dir='ltr'>ulla</span> <span class='ocrx_word' id='word_1_548' title='bbox 2182 2281 2279 2325; x_wconf 80' lang='lat' dir='ltr'>Mis-</span> 
     </span>
     <span class='ocr_line' id='line_1_89' title="bbox 1298 2336 2281 2398; baseline 0.002 -18"><span class='ocrx_word' id='word_1_549' title='bbox 1298 2336 1430 2381; x_wconf 83' lang='lat' dir='ltr'>sarum</span> <span class='ocrx_word' id='word_1_550' title='bbox 1441 2337 1776 2382; x_wconf 80' lang='lat' dir='ltr'>celebrandarum</span> <span class='ocrx_word' id='word_1_551' title='bbox 1787 2365 1805 2391; x_wconf 89' lang='lat'>,</span> <span class='ocrx_word' id='word_1_552' title='bbox 1821 2350 1892 2383; x_wconf 81' lang='lat' dir='ltr'>aut</span> <span class='ocrx_word' id='word_1_553' title='bbox 1906 2339 1991 2395; x_wconf 79' lang='lat' dir='ltr'>post</span> <span class='ocrx_word' id='word_1_554' title='bbox 2005 2339 2113 2383; x_wconf 86' lang='lat' dir='ltr'>idem</span> <span class='ocrx_word' id='word_1_555' title='bbox 2123 2338 2281 2398; x_wconf 79' lang='lat' dir='ltr'>Conci-</span> 
     </span>
     <span class='ocr_line' id='line_1_90' title="bbox 1295 2396 2278 2452; baseline -0.002 -10"><span class='ocrx_word' id='word_1_556' title='bbox 1295 2397 1395 2442; x_wconf 88' lang='lat' dir='ltr'>lium</span> <span class='ocrx_word' id='word_1_557' title='bbox 1411 2398 1589 2452; x_wconf 81' lang='lat' dir='ltr'>impostta</span> <span class='ocrx_word' id='word_1_558' title='bbox 1600 2423 1616 2447; x_wconf 83' lang='lat'>,</span> <span class='ocrx_word' id='word_1_559' title='bbox 1646 2406 1717 2440; x_wconf 88' lang='lat' dir='ltr'>aut</span> <span class='ocrx_word' id='word_1_560' title='bbox 1748 2397 1788 2441; x_wconf 91' lang='lat' dir='ltr'>in</span> <span class='ocrx_word' id='word_1_561' title='bbox 1820 2397 1960 2442; x_wconf 89' lang='lat' dir='ltr'>limine</span> <span class='ocrx_word' id='word_1_562' title='bbox 1991 2396 2278 2452; x_wconf 72' lang='lat' dir='ltr'>fiandationis3</span> 
     </span>
     <span class='ocr_line' id='line_1_91' title="bbox 1306 2454 2278 2514; baseline 0.001 -14"><span class='ocrx_word' id='word_1_563' title='bbox 1306 2454 1375 2501; x_wconf 84' lang='lat' dir='ltr'>sed</span> <span class='ocrx_word' id='word_1_564' title='bbox 1389 2471 1465 2514; x_wconf 89' lang='lat' dir='ltr'>pro</span> <span class='ocrx_word' id='word_1_565' title='bbox 1473 2456 1534 2498; x_wconf 87' lang='lat' dir='ltr'>his</span> <span class='ocrx_word' id='word_1_566' title='bbox 1546 2457 1733 2500; x_wconf 87' lang='lat' dir='ltr'>omnibus</span> <span class='ocrx_word' id='word_1_567' title='bbox 1747 2457 1989 2504; x_wconf 84' lang='lat' dir='ltr'>reducendis</span> <span class='ocrx_word' id='word_1_568' title='bbox 2001 2484 2017 2507; x_wconf 78' lang='lat'>,</span> <span class='ocrx_word' id='word_1_569' title='bbox 2041 2465 2113 2501; x_wconf 90' lang='lat' dir='ltr'>aut</span> <span class='ocrx_word' id='word_1_570' title='bbox 2130 2457 2278 2501; x_wconf 86' lang='lat' dir='ltr'>mode·</span> 
     </span>
     <span class='ocr_line' id='line_1_92' title="bbox 1301 2514 2279 2574; baseline -0.001 -14"><span class='ocrx_word' id='word_1_571' title='bbox 1301 2515 1439 2560; x_wconf 85' lang='lat' dir='ltr'>randis</span> <span class='ocrx_word' id='word_1_572' title='bbox 1451 2543 1468 2566; x_wconf 88' lang='lat'>,</span> <span class='ocrx_word' id='word_1_573' title='bbox 1497 2514 1566 2558; x_wconf 85' lang='lat' dir='ltr'>vel</span> <span class='ocrx_word' id='word_1_574' title='bbox 1599 2514 1901 2559; x_wconf 84' lang='lat' dir='ltr'>commutandis</span> <span class='ocrx_word' id='word_1_575' title='bbox 1929 2517 1980 2560; x_wconf 90' lang='lat' dir='ltr'>ad</span> <span class='ocrx_word' id='word_1_576' title='bbox 1996 2514 2279 2574; x_wconf 79' lang='lat' dir='ltr'>Apostolieam</span> 
     </span>
     <span class='ocr_line' id='line_1_93' title="bbox 1304 2574 2279 2633; baseline 0 -15"><span class='ocrx_word' id='word_1_577' title='bbox 1304 2574 1448 2618; x_wconf 88' lang='lat' dir='ltr'>Sedem</span> <span class='ocrx_word' id='word_1_578' title='bbox 1460 2584 1696 2617; x_wconf 86' lang='lat' dir='ltr'>recurratur</span> <span class='ocrx_word' id='word_1_579' title='bbox 1706 2598 1722 2624; x_wconf 85' lang='lat'>,</span> <span class='ocrx_word' id='word_1_580' title='bbox 1736 2586 1825 2631; x_wconf 74' lang='lat' dir='ltr'>quoe</span> <span class='ocrx_word' id='word_1_581' title='bbox 1836 2601 1851 2627; x_wconf 86' lang='lat'>,</span> <span class='ocrx_word' id='word_1_582' title='bbox 1881 2588 1930 2620; x_wconf 89' lang='lat' dir='ltr'>re</span> <span class='ocrx_word' id='word_1_583' title='bbox 1942 2575 2160 2633; x_wconf 72' lang='lat' dir='ltr'>diligenter</span> <span class='ocrx_word' id='word_1_584' title='bbox 2176 2588 2279 2631; x_wconf 85' lang='lat' dir='ltr'>per·</span> 
     </span>
     <span class='ocr_line' id='line_1_94' title="bbox 1305 2631 2275 2703; baseline 0 -27"><span class='ocrx_word' id='word_1_585' title='bbox 1305 2631 1460 2691; x_wconf 68' lang='lat' dir='ltr'>spe-Ra,</span> <span class='ocrx_word' id='word_1_586' title='bbox 1483 2632 1524 2674; x_wconf 88' lang='lat' dir='ltr'>id</span> <span class='ocrx_word' id='word_1_587' title='bbox 1538 2631 1716 2685; x_wconf 77' lang='lat' dir='ltr'>statuet,</span> <span class='ocrx_word' id='word_1_588' title='bbox 1744 2631 1853 2690; x_wconf 89' lang='lat' dir='ltr'>quod</span> <span class='ocrx_word' id='word_1_589' title='bbox 1876 2634 2004 2703; x_wconf 59' lang='lat' dir='ltr'>magis</span> <span class='ocrx_word' id='word_1_590' title='bbox 2030 2635 2070 2679; x_wconf 90' lang='lat' dir='ltr'>in</span> <span class='ocrx_word' id='word_1_591' title='bbox 2091 2634 2275 2678; x_wconf 81' lang='lat' dir='ltr'>nomino</span> 
     </span>
     <span class='ocr_line' id='line_1_95' title="bbox 1306 2689 2277 2750; baseline 0.001 -15"><span class='ocrx_word' id='word_1_592' title='bbox 1306 2690 1499 2748; x_wconf 78' lang='lat' dir='ltr'>expedire</span> <span class='ocrx_word' id='word_1_593' title='bbox 1512 2691 1793 2745; x_wconf 86' lang='lat' dir='ltr'>arbitrabitur,</span> <span class='ocrx_word' id='word_1_594' title='bbox 1812 2689 1994 2750; x_wconf 83' lang='lat' dir='ltr'>alioqum</span> <span class='ocrx_word' id='word_1_595' title='bbox 2004 2691 2277 2743; x_wconf 64' lang='lat' dir='ltr'>reduaiones,</span> 
     </span>
     <span class='ocr_line' id='line_1_96' title="bbox 1304 2748 2280 2808; baseline 0 -13"><span class='ocrx_word' id='word_1_596' title='bbox 1304 2750 1608 2795; x_wconf 87' lang='lat' dir='ltr'>moderationes</span> <span class='ocrx_word' id='word_1_597' title='bbox 1620 2778 1635 2803; x_wconf 93' lang='lat'>,</span> <span class='ocrx_word' id='word_1_598' title='bbox 1660 2752 1702 2793; x_wconf 70' lang='lat' dir='ltr'>dt</span> <span class='ocrx_word' id='word_1_599' title='bbox 1718 2751 2061 2796; x_wconf 84' lang='lat' dir='ltr'>commutationes</span> <span class='ocrx_word' id='word_1_600' title='bbox 2075 2748 2280 2808; x_wconf 80' lang='lat' dir='ltr'>hujusmo-</span> 
     </span>
     <span class='ocr_line' id='line_1_97' title="bbox 1303 2806 2280 2867; baseline -0.003 -12"><span class='ocrx_word' id='word_1_601' title='bbox 1303 2810 1378 2862; x_wconf 89' lang='lat' dir='ltr'>di,</span> <span class='ocrx_word' id='word_1_602' title='bbox 1408 2809 1433 2852; x_wconf 83' lang='lat' dir='ltr'>fi</span> <span class='ocrx_word' id='word_1_603' title='bbox 1465 2822 1566 2865; x_wconf 85' lang='lat' dir='ltr'>quas</span> <span class='ocrx_word' id='word_1_604' title='bbox 1595 2818 1740 2852; x_wconf 76' lang='lat' dir='ltr'>contra</span> <span class='ocrx_word' id='word_1_605' title='bbox 1756 2807 1875 2867; x_wconf 78' lang='lat' dir='ltr'>liujus</span> <span class='ocrx_word' id='word_1_606' title='bbox 1888 2808 2173 2866; x_wconf 83' lang='lat' dir='ltr'>prohibitionis</span> <span class='ocrx_word' id='word_1_607' title='bbox 2188 2806 2280 2853; x_wconf 87' lang='lat' dir='ltr'>for·</span> 
     </span>
     <span class='ocr_line' id='line_1_98' title="bbox 1303 2865 2278 2926; baseline 0 -13"><span class='ocrx_word' id='word_1_608' title='bbox 1303 2881 1412 2913; x_wconf 90' lang='lat' dir='ltr'>marn</span> <span class='ocrx_word' id='word_1_609' title='bbox 1425 2865 1512 2910; x_wconf 81' lang='lat' dir='ltr'>fieri</span> <span class='ocrx_word' id='word_1_610' title='bbox 1526 2866 1748 2925; x_wconf 79' lang='lat' dir='ltr'>contigerit</span> <span class='ocrx_word' id='word_1_611' title='bbox 1759 2893 1775 2919; x_wconf 85' lang='lat'>,</span> <span class='ocrx_word' id='word_1_612' title='bbox 1785 2868 1955 2912; x_wconf 88' lang='lat' dir='ltr'>omnino</span> <span class='ocrx_word' id='word_1_613' title='bbox 1967 2866 2098 2913; x_wconf 85' lang='lat' dir='ltr'>nullas</span> <span class='ocrx_word' id='word_1_614' title='bbox 2113 2895 2128 2922; x_wconf 83' lang='lat'>,</span> <span class='ocrx_word' id='word_1_615' title='bbox 2156 2876 2278 2926; x_wconf 85' lang='lat' dir='ltr'>atque</span> 
     </span>
     <span class='ocr_line' id='line_1_99' title="bbox 1304 2925 1672 2974; baseline -0.014 0"><span class='ocrx_word' id='word_1_616' title='bbox 1304 2929 1445 2974; x_wconf 87' lang='lat' dir='ltr'>inanes</span> <span class='ocrx_word' id='word_1_617' title='bbox 1459 2925 1646 2970; x_wconf 84' lang='lat' dir='ltr'>decernit</span> <span class='ocrx_word' id='word_1_618' title='bbox 1659 2953 1672 2969; x_wconf 83' lang='grc'><strong>.</strong></span> 
     </span>
    </p>

    <p class='ocr_par' dir='ltr' id='par_1_13' title="bbox 1297 2983 2277 3882">
     <span class='ocr_line' id='line_1_100' title="bbox 1425 2983 2277 3044; baseline 0 -14"><span class='ocrx_word' id='word_1_619' title='bbox 1425 2986 1610 3035; x_wconf 86' lang='lat' dir='ltr'>Deinde,</span> <span class='ocrx_word' id='word_1_620' title='bbox 1625 2984 1693 3029; x_wconf 93' lang='lat' dir='ltr'>ubi</span> <span class='ocrx_word' id='word_1_621' title='bbox 1708 2997 1786 3042; x_wconf 88' lang='lat' dir='ltr'>pro</span> <span class='ocrx_word' id='word_1_622' title='bbox 1801 2983 1983 3044; x_wconf 85' lang='lat' dir='ltr'>pluribus</span> <span class='ocrx_word' id='word_1_623' title='bbox 1999 2985 2140 3038; x_wconf 74' lang='lat' dir='ltr'>Minis,</span> <span class='ocrx_word' id='word_1_624' title='bbox 2151 2986 2277 3031; x_wconf 88' lang='lat' dir='ltr'>etiam</span> 
     </span>
     <span class='ocr_line' id='line_1_101' title="bbox 1304 3042 2276 3105; baseline -0.003 -14"><span class='ocrx_word' id='word_1_625' title='bbox 1304 3042 1482 3105; x_wconf 80' lang='lat' dir='ltr'>ejusdem</span> <span class='ocrx_word' id='word_1_626' title='bbox 1510 3044 1719 3102; x_wconf 77' lang='lat' dir='ltr'>qualitatis</span> <span class='ocrx_word' id='word_1_627' title='bbox 1732 3072 1749 3097; x_wconf 93' lang='lat'>,</span> <span class='ocrx_word' id='word_1_628' title='bbox 1779 3043 2034 3090; x_wconf 81' lang='lat' dir='ltr'>celebrandis</span> <span class='ocrx_word' id='word_1_629' title='bbox 2058 3045 2176 3105; x_wconf 83' lang='lat' dir='ltr'>plura</span> <span class='ocrx_word' id='word_1_630' title='bbox 2208 3044 2276 3089; x_wconf 80' lang='lat' dir='ltr'>ni-</span> 
     </span>
     <span class='ocr_line' id='line_1_102' title="bbox 1304 3104 2275 3173; baseline 0 -25"><span class='ocrx_word' id='word_1_631' title='bbox 1304 3105 1449 3163; x_wconf 84' lang='lat' dir='ltr'>pendia</span> <span class='ocrx_word' id='word_1_632' title='bbox 1462 3132 1477 3159; x_wconf 93' lang='lat'>,</span> <span class='ocrx_word' id='word_1_633' title='bbox 1489 3113 1850 3163; x_wconf 80' lang='lat' dir='ltr'>quantumcunque</span> <span class='ocrx_word' id='word_1_634' title='bbox 1862 3105 2085 3173; x_wconf 63' lang='lat' dir='ltr'>incongrua</span> <span class='ocrx_word' id='word_1_635' title='bbox 2097 3132 2113 3160; x_wconf 87' lang='lat'>,</span> <span class='ocrx_word' id='word_1_636' title='bbox 2137 3105 2178 3149; x_wconf 70' lang='lat' dir='ltr'>dt</span> <span class='ocrx_word' id='word_1_637' title='bbox 2189 3104 2275 3149; x_wconf 79' lang='lat' dir='ltr'>exi-</span> 
     </span>
     <span class='ocr_line' id='line_1_103' title="bbox 1305 3160 2273 3222; baseline -0.001 -15"><span class='ocrx_word' id='word_1_638' title='bbox 1305 3178 1406 3222; x_wconf 74' lang='lat' dir='ltr'>gua,</span> <span class='ocrx_word' id='word_1_639' title='bbox 1437 3162 1517 3208; x_wconf 79' lang='lat' dir='ltr'>live</span> <span class='ocrx_word' id='word_1_640' title='bbox 1529 3164 1580 3207; x_wconf 88' lang='lat' dir='ltr'>ab</span> <span class='ocrx_word' id='word_1_641' title='bbox 1597 3176 1705 3217; x_wconf 88' lang='lat' dir='ltr'>una,</span> <span class='ocrx_word' id='word_1_642' title='bbox 1733 3164 1812 3208; x_wconf 77' lang='lat' dir='ltr'>live</span> <span class='ocrx_word' id='word_1_643' title='bbox 1839 3166 1864 3211; x_wconf 74' lang='lat' dir='ltr'>a</span> <span class='ocrx_word' id='word_1_644' title='bbox 1894 3162 2076 3221; x_wconf 81' lang='lat' dir='ltr'>pluribus</span> <span class='ocrx_word' id='word_1_645' title='bbox 2097 3160 2273 3219; x_wconf 84' lang='lat' dir='ltr'>personis</span> 
     </span>
     <span class='ocr_line' id='line_1_104' title="bbox 1306 3219 2273 3273; baseline -0.002 -6"><span class='ocrx_word' id='word_1_646' title='bbox 1306 3223 1458 3268; x_wconf 88' lang='lat' dir='ltr'>collata</span> <span class='ocrx_word' id='word_1_647' title='bbox 1473 3221 1635 3268; x_wconf 84' lang='lat' dir='ltr'>fuerunt</span> <span class='ocrx_word' id='word_1_648' title='bbox 1647 3248 1663 3273; x_wconf 84' lang='lat'><strong>‚</strong></span> <span class='ocrx_word' id='word_1_649' title='bbox 1677 3232 1745 3266; x_wconf 90' lang='lat' dir='ltr'>aut</span> <span class='ocrx_word' id='word_1_650' title='bbox 1757 3221 2022 3268; x_wconf 79' lang='lat' dir='ltr'>conferentur</span> <span class='ocrx_word' id='word_1_651' title='bbox 2037 3221 2077 3267; x_wconf 90' lang='lat' dir='ltr'>in</span> <span class='ocrx_word' id='word_1_652' title='bbox 2092 3219 2273 3267; x_wconf 81' lang='lat' dir='ltr'>futurum</span> 
     </span>
     <span class='ocr_line' id='line_1_105' title="bbox 1305 3277 2275 3335; baseline -0.004 -6"><span class='ocrx_word' id='word_1_653' title='bbox 1305 3283 1597 3329; x_wconf 79' lang='lat' dir='ltr'>Sacerdotibus</span> <span class='ocrx_word' id='word_1_654' title='bbox 1613 3309 1629 3335; x_wconf 87' lang='lat'>,</span> <span class='ocrx_word' id='word_1_655' title='bbox 1646 3280 1835 3327; x_wconf 83' lang='lat' dir='ltr'>Eccleliis</span> <span class='ocrx_word' id='word_1_656' title='bbox 1848 3282 1937 3333; x_wconf 75' lang='lat' dir='ltr'>,es</span> <span class='ocrx_word' id='word_1_657' title='bbox 1968 3277 2083 3326; x_wconf 86' lang='lat' dir='ltr'>itulis</span> <span class='ocrx_word' id='word_1_658' title='bbox 2096 3307 2111 3334; x_wconf 89' lang='lat'>,</span> <span class='ocrx_word' id='word_1_659' title='bbox 2125 3278 2275 3325; x_wconf 84' lang='lat' dir='ltr'>Colle-</span> 
     </span>
     <span class='ocr_line' id='line_1_106' title="bbox 1302 3294 2272 3401; baseline -0.002 -15"><span class='ocrx_word' id='word_1_660' title='bbox 1302 3344 1380 3400; x_wconf 75' lang='lat' dir='ltr'>giis</span> <span class='ocrx_word' id='word_1_661' title='bbox 1391 3371 1407 3397; x_wconf 90' lang='lat'>,</span> <span class='ocrx_word' id='word_1_662' title='bbox 1419 3340 1696 3401; x_wconf 80' lang='lat' dir='ltr'>Hospitalibus</span> <span class='ocrx_word' id='word_1_663' title='bbox 1711 3366 1727 3392; x_wconf 83' lang='lat'>‚</span> <span class='ocrx_word' id='word_1_664' title='bbox 1743 3294 2010 3386; x_wconf 54' lang='lat' dir='ltr'>societatibus</span> <span class='ocrx_word' id='word_1_665' title='bbox 2028 3366 2044 3392; x_wconf 88' lang='lat'>,</span> <span class='ocrx_word' id='word_1_666' title='bbox 2066 3338 2272 3384; x_wconf 76' lang='lat' dir='ltr'>Monaste-</span> 
     </span>
     <span class='ocr_line' id='line_1_107' title="bbox 1303 3396 2274 3457; baseline -0.004 -11"><span class='ocrx_word' id='word_1_667' title='bbox 1303 3402 1377 3447; x_wconf 87' lang='lat' dir='ltr'>riis</span> <span class='ocrx_word' id='word_1_668' title='bbox 1390 3430 1406 3455; x_wconf 83' lang='lat'>‚</span> <span class='ocrx_word' id='word_1_669' title='bbox 1422 3401 1707 3447; x_wconf 79' lang='lat' dir='ltr'>conventibus</span> <span class='ocrx_word' id='word_1_670' title='bbox 1720 3425 1735 3451; x_wconf 84' lang='lat'>‚</span> <span class='ocrx_word' id='word_1_671' title='bbox 1751 3396 2172 3457; x_wconf 68' lang='lat' dir='ltr'>congregationibus,</span> <span class='ocrx_word' id='word_1_672' title='bbox 2186 3398 2274 3442; x_wconf 90' lang='lat' dir='ltr'>Do-</span> 
     </span>
     <span class='ocr_line' id='line_1_108' title="bbox 1301 3455 2274 3518; baseline -0.008 -12"><span class='ocrx_word' id='word_1_673' title='bbox 1301 3460 1434 3506; x_wconf 82' lang='lat' dir='ltr'>mibus</span> <span class='ocrx_word' id='word_1_674' title='bbox 1446 3486 1464 3514; x_wconf 87' lang='lat'>,</span> <span class='ocrx_word' id='word_1_675' title='bbox 1477 3474 1525 3505; x_wconf 89' lang='lat' dir='ltr'>ac</span> <span class='ocrx_word' id='word_1_676' title='bbox 1540 3459 1639 3506; x_wconf 89' lang='lat' dir='ltr'>loeis</span> <span class='ocrx_word' id='word_1_677' title='bbox 1654 3459 1728 3518; x_wconf 87' lang='lat' dir='ltr'>piis</span> <span class='ocrx_word' id='word_1_678' title='bbox 1741 3455 2039 3516; x_wconf 85' lang='lat' dir='ltr'>quibuscunque</span> <span class='ocrx_word' id='word_1_679' title='bbox 2054 3467 2139 3501; x_wconf 85' lang='lat' dir='ltr'>tam</span> <span class='ocrx_word' id='word_1_680' title='bbox 2153 3456 2274 3504; x_wconf 72' lang='lat' dir='ltr'>secu.</span> 
     </span>
     <span class='ocr_line' id='line_1_109' title="bbox 1297 3515 2274 3577; baseline -0.002 -12"><span class='ocrx_word' id='word_1_681' title='bbox 1297 3518 1465 3575; x_wconf 84' lang='lat' dir='ltr'>laribus,</span> <span class='ocrx_word' id='word_1_682' title='bbox 1505 3515 1882 3577; x_wconf 52' lang='lat' dir='ltr'>ufflmssessularibus</span> <span class='ocrx_word' id='word_1_683' title='bbox 1898 3544 1913 3570; x_wconf 92' lang='lat'>,</span> <span class='ocrx_word' id='word_1_684' title='bbox 1932 3518 2022 3560; x_wconf 76' lang='lat' dir='ltr'>sae.</span> <span class='ocrx_word' id='word_1_685' title='bbox 2034 3517 2274 3576; x_wconf 68' lang='lat' dir='ltr'>Congrege-</span> 
     </span>
     <span class='ocr_line' id='line_1_110' title="bbox 1304 3575 2272 3633; baseline -0.003 -9"><span class='ocrx_word' id='word_1_686' title='bbox 1304 3581 1365 3624; x_wconf 88' lang='lat' dir='ltr'>tio</span> <span class='ocrx_word' id='word_1_687' title='bbox 1378 3578 1490 3624; x_wconf 89' lang='lat' dir='ltr'>subo</span> <span class='ocrx_word' id='word_1_688' title='bbox 1521 3577 1732 3624; x_wconf 77' lang='lat' dir='ltr'>testatione</span> <span class='ocrx_word' id='word_1_689' title='bbox 1743 3575 1877 3619; x_wconf 75' lang='lat' dir='ltr'>Divini</span> <span class='ocrx_word' id='word_1_690' title='bbox 1901 3575 2050 3633; x_wconf 81' lang='lat' dir='ltr'>judicii</span> <span class='ocrx_word' id='word_1_691' title='bbox 2077 3576 2243 3621; x_wconf 88' lang='lat' dir='ltr'>mandat</span> <span class='ocrx_word' id='word_1_692' title='bbox 2255 3605 2272 3631; x_wconf 86' lang='lat'>,</span> 
     </span>
     <span class='ocr_line' id='line_1_111' title="bbox 1306 3632 2273 3697; baseline -0.008 -14"><span class='ocrx_word' id='word_1_693' title='bbox 1306 3653 1352 3683; x_wconf 89' lang='lat' dir='ltr'>ae</span> <span class='ocrx_word' id='word_1_694' title='bbox 1369 3638 1549 3697; x_wconf 69' lang='lat' dir='ltr'>precipit</span> <span class='ocrx_word' id='word_1_695' title='bbox 1561 3665 1577 3692; x_wconf 88' lang='lat'>,</span> <span class='ocrx_word' id='word_1_696' title='bbox 1597 3646 1641 3681; x_wconf 85' lang='lat' dir='ltr'>ut</span> <span class='ocrx_word' id='word_1_697' title='bbox 1654 3633 1837 3680; x_wconf 64' lang='lat' dir='ltr'>absolute</span> <span class='ocrx_word' id='word_1_698' title='bbox 1852 3645 1913 3678; x_wconf 90' lang='lat' dir='ltr'>tot</span> <span class='ocrx_word' id='word_1_699' title='bbox 1927 3632 2045 3679; x_wconf 64' lang='lat' dir='ltr'>Misso</span> <span class='ocrx_word' id='word_1_700' title='bbox 2059 3634 2273 3682; x_wconf 83' lang='lat' dir='ltr'>celebren-</span> 
     </span>
     <span class='ocr_line' id='line_1_112' title="bbox 1303 3694 2271 3756; baseline -0.003 -14"><span class='ocrx_word' id='word_1_701' title='bbox 1303 3709 1373 3743; x_wconf 89' lang='lat' dir='ltr'>tur</span> <span class='ocrx_word' id='word_1_702' title='bbox 1386 3726 1401 3752; x_wconf 86' lang='lat'>‚</span> <span class='ocrx_word' id='word_1_703' title='bbox 1428 3706 1530 3756; x_wconf 87' lang='lat' dir='ltr'>quot</span> <span class='ocrx_word' id='word_1_704' title='bbox 1542 3694 1592 3741; x_wconf 85' lang='lat' dir='ltr'>ad</span> <span class='ocrx_word' id='word_1_705' title='bbox 1610 3695 1810 3739; x_wconf 88' lang='lat' dir='ltr'>rationem</span> <span class='ocrx_word' id='word_1_706' title='bbox 1825 3695 2029 3739; x_wconf 66' lang='lat' dir='ltr'>attribute</span> <span class='ocrx_word' id='word_1_707' title='bbox 2041 3694 2271 3753; x_wconf 83' lang='lat' dir='ltr'>eleemosy-</span> 
     </span>
     <span class='ocr_line' id='line_1_113' title="bbox 1300 3748 2270 3814; baseline -0.006 -11"><span class='ocrx_word' id='word_1_708' title='bbox 1300 3771 1359 3803; x_wconf 69' lang='grc' dir='ltr'>ιιι</span> <span class='ocrx_word' id='word_1_709' title='bbox 1372 3756 1604 3814; x_wconf 66' lang='lat' dir='ltr'>prescripta</span> <span class='ocrx_word' id='word_1_710' title='bbox 1620 3748 1763 3799; x_wconf 84' lang='lat' dir='ltr'>suerint</span> <span class='ocrx_word' id='word_1_711' title='bbox 1780 3765 1796 3808; x_wconf 77' lang='lat'>3</span> <span class='ocrx_word' id='word_1_712' title='bbox 1812 3755 1865 3799; x_wconf 87' lang='lat' dir='ltr'>ita</span> <span class='ocrx_word' id='word_1_713' title='bbox 1879 3763 1923 3798; x_wconf 89' lang='lat' dir='ltr'>ut</span> <span class='ocrx_word' id='word_1_714' title='bbox 1937 3754 2118 3813; x_wconf 86' lang='lat' dir='ltr'>alioquin</span> <span class='ocrx_word' id='word_1_715' title='bbox 2132 3753 2160 3798; x_wconf 94' lang='lat' dir='ltr'>ii</span> <span class='ocrx_word' id='word_1_716' title='bbox 2177 3782 2193 3809; x_wconf 82' lang='lat'>,</span> <span class='ocrx_word' id='word_1_717' title='bbox 2219 3752 2270 3798; x_wconf 77' lang='lat' dir='ltr'>sd</span> 
     </span>
     <span class='ocr_line' id='line_1_114' title="bbox 1300 3810 2271 3882; baseline -0.004 -21"><span class='ocrx_word' id='word_1_718' title='bbox 1300 3829 1402 3876; x_wconf 87' lang='lat' dir='ltr'>quos</span> <span class='ocrx_word' id='word_1_719' title='bbox 1413 3814 1620 3876; x_wconf 77' lang='lat' dir='ltr'>pertinet,</span> <span class='ocrx_word' id='word_1_720' title='bbox 1646 3814 1717 3859; x_wconf 74' lang='lat' dir='ltr'>sslae</span> <span class='ocrx_word' id='word_1_721' title='bbox 1746 3812 1987 3871; x_wconf 78' lang='lat' dir='ltr'>obligationi</span> <span class='ocrx_word' id='word_1_722' title='bbox 2017 3810 2271 3882; x_wconf 66' lang='lat' dir='ltr'>nonsatissa-</span> 
     </span>
    </p>

    <p class='ocr_par' dir='ltr' id='par_1_14' title="bbox 2079 3882 2216 3927">
     <span class='ocr_line' id='line_1_115' title="bbox 2079 3882 2216 3927; baseline 0.007 -12"><span class='ocrx_word' id='word_1_723' title='bbox 2079 3882 2186 3916; x_wconf 87' lang='lat' dir='ltr'>etant</span> <span class='ocrx_word' id='word_1_724' title='bbox 2199 3885 2216 3927; x_wconf 77' lang='lat'>3</span> 
     </span>
    </p>
   </div>
  </div>
 </body>
</html>
