2444 4192
899 173 965 253 S
964 172 1069 254 ub
1127 174 1341 256 Sixto
1407 167 1488 256 V
1490 232 1504 247 .

213 313 378 362 Urinam
401 310 442 354 dt
464 308 731 357 eruditionem
745 313 1064 362 admirarentur.
1100 324 1152 364 Et

213 373 372 432 quidem
397 370 642 427 multiplices
666 374 781 416 saneti
792 372 885 415 Viri
900 375 1151 419 lucubratio-

211 444 279 477 nes
292 456 306 479 ,
318 431 357 471 &
370 429 557 484 praeclara
578 430 721 487 scripta
737 459 752 483 ,
766 444 851 487 quae
866 432 998 475 adhuc
1013 434 1153 489 magni

209 488 393 535 Ecclefiae
407 488 656 542 utilitate,&
672 503 750 532 non
776 488 970 532 mediocri
994 492 1070 532 Dei
1084 491 1152 533 be-

208 545 357 594 neficio
373 556 514 590 extant
527 574 542 599 ,
566 562 727 606 quaeque
740 549 780 590 δι
794 545 931 589 nostrae
944 577 960 598 ,
987 549 1027 588 δι
1042 548 1151 600 supe-

208 606 361 648 riorum
376 615 538 649 aetatum
554 609 626 650 viri
641 605 786 652 eruditi
812 605 940 647 multo
959 602 1151 648 cum'fru-

206 666 272 706 ctu
286 662 438 720 semper
467 664 677 721 legerunt,
705 666 743 707 ὃ(
772 676 1015 720 magnopere
1040 677 1150 705 com-

206 722 434 779 probfirunt
446 733 646 780 ‚quantus
660 725 729 768 ille
752 724 789 766 in
811 723 1038 778 'theologia
1063 721 1150 765 fue·

202 781 284 833 rit,
303 781 393 824 satis
408 781 641 826 declarant.
667 785 726 826 Ea
738 783 842 826 enim
856 782 979 825 divini
1001 781 1148 838 ingenii

200 837 262 881 sui
293 839 539 883 monimenta
570 841 732 898 posteris
774 841 931 897 reliquit
957 868 970 891 ,
1005 840 1146 894 quibus

202 896 491 952 perdifficiles,
520 900 561 940 δι
591 900 727 944 multis
750 899 1060 943 obscuritatibus
1090 899 1148 941 in-

201 954 354 997 volutae
367 957 757 1015 quaefliones‚magna
771 958 1016 1015 optimorum
1031 971 1147 1012 argu-

198 1021 431 1057 mentorum
453 1016 570 1071 copia
581 1045 595 1068 ,
610 1018 672 1060 vis
688 1045 703 1069 ,
715 1018 755 1059 δι
767 1016 908 1060 ordine
924 1015 1150 1066 enucleate,

202 1084 249 1113 ac
277 1070 457 1115 dilucide
493 1074 746 1129 explicantur
769 1103 783 1127 ,
813 1074 906 1119 fidei
929 1075 1151 1120 Catholicae

199 1129 350 1172 veritas
377 1130 623 1183 illustratur,
647 1133 860 1189 perniciosi
882 1147 1041 1176 errores
1065 1162 1081 1184 ,
1112 1134 1150 1174 &

196 1184 373 1242 profanae
396 1187 560 1230 haereses
584 1192 875 1246 profligantur,
902 1194 1025 1248 &piae
1056 1190 1149 1232 fide.

196 1243 294 1286 lium
327 1254 481 1286 mentes
509 1245 560 1286 ad
583 1248 661 1288 Dei
674 1261 882 1300 amorem,
914 1251 955 1291 δι
979 1247 1150 1292 coelestis

194 1301 326 1359 patrie
338 1299 577 1345 desiderium
590 1304 884 1348 admirabiliter
897 1307 1149 1349 inflamman-

196 1370 297 1404 tur.
327 1360 420 1403 Fuit
444 1362 550 1404 enim
577 1362 618 1405 in
634 1365 780 1407 Sancto
797 1367 1079 1408 Bonaventura
1104 1362 1146 1404 id

197 1419 460 1475 praecipuum,
475 1421 515 1462 δι
530 1418 726 1477 singulare
738 1449 753 1473 ,
779 1433 823 1468 ut
844 1436 923 1466 non
939 1422 1067 1466 solum
1080 1435 1147 1464 ar-

198 1476 460 1532 gumentandi
476 1477 716 1532 subtilitate,
743 1481 915 1525 docendi
938 1480 1147 1530 facilitate,

198 1533 417 1580 definiendi
445 1534 607 1580 solertia
641 1538 838 1595 prestaret
865 1569 880 1592 ,
915 1538 981 1582 sed
1012 1537 1146 1582 divini

198 1593 370 1694 quadam
384 1595 535 1638 animos
559 1598 820 1652 permovendi
841 1602 882 1641 vi
893 1598 1143 1641 excellerer:

228 1667 250 1695 c
274 1653 378 1696 enim
405 1653 618 1696 scribendo
643 1669 734 1697 cum
749 1656 896 1700 stimma
920 1657 1145 1700 eruditione

197 1723 336 1767 parem
363 1710 526 1767 pietatis
552 1711 735 1757 ardorem
750 1714 991 1772 conjungit,
1024 1725 1067 1757 ut
1086 1714 1145 1757 le·

132 1789 141 1793 -
197 1770 346 1811 &torem
362 1768 549 1812 docendo
563 1781 722 1814 moveat
738 1800 752 1824 ,
765 1775 805 1816 δι
824 1776 862 1815 in
879 1773 1039 1816 intimos
1062 1774 1145 1815 ani·

201 1828 256 1870 mi
273 1824 440 1869 recessus
459 1827 676 1880 illabatur,
704 1844 750 1874 ac
763 1832 939 1889 denique
965 1832 1151 1889 Seraphi-

203 1884 262 1928 cis
288 1884 519 1939 quibusdam
542 1887 685 1930 aculeis
710 1903 782 1932 cor
806 1901 1049 1946 compungat
1067 1918 1083 1941 ,
1112 1892 1152 1932 δι

189 1942 304 1985 ‘mira
321 1943 551 1985 devotionis
564 1943 783 1990 dulcedine
802 1948 1151 2003 perfundat,quam

204 2000 299 2043 sane
315 2000 486 2056 gratiam
499 2028 512 2052 ,
529 2000 567 2042 in
581 2002 664 2058 ejus
687 2017 758 2046 ore
771 2034 786 2056 ,
812 2008 851 2047 δι
864 2005 1021 2047 calamo
1035 2005 1153 2048 diffu-

202 2058 284 2102 sam
300 2059 496 2102 admirans
514 2061 768 2105 Praedeceffor
783 2063 1058 2106 nosterSixtus
1074 2064 1150 2104 IV.

209 2115 416 2165 Pontifex,
427 2116 531 2159 illud
544 2118 679 2162 dicere
695 2134 775 2162 non
790 2122 1015 2173 dubitavit,
1026 2121 1150 2177 Spiri-

202 2183 294 2218 tum
323 2177 506 2217 Sanctum
527 2176 566 2216 in
580 2189 629 2217 eo
653 2177 834 2219 locutum
860 2179 1010 2220 videri.
1041 2182 1148 2220 Cum

200 2231 328 2290 igitur
344 2229 458 2272 servo
478 2228 585 2273 fideli
601 2241 679 2274 tam
694 2234 819 2276 multa
834 2263 847 2284 ‚
873 2236 913 2277 δι
927 2234 1147 2290 praeclara..

197 2293 223 2337 ὲ
242 2289 419 2332 Domino
432 2288 583 2332 talenta
598 2290 718 2335 essent
732 2293 884 2336 credita
897 2322 911 2343 ‚
938 2302 980 2336 ut
1000 2293 1079 2334 illis
1096 2292 1147 2334 ad

196 2350 386 2392 Fratrum
399 2347 614 2391 utilitatem
629 2351 876 2402 exercendis,
886 2353 926 2394 8ι
941 2352 1147 2407 negotian-

198 2406 286 2456 dis,
302 2405 477 2449 coelestis
489 2406 626 2462 gratia
643 2410 849 2454 thesauros
865 2409 1145 2466 amplificaret,

198 2466 340 2510 divino
353 2465 518 2508 consilio
532 2492 547 2516 ,
575 2468 615 2509 δι
629 2465 778 2512 summo
796 2470 921 2512 totius
952 2468 1008 2511 fui
1027 2468 1145 2509 Ordi.

198 2525 260 2567 nis
273 2521 488 2574 consensu,
505 2526 643 2568 Romae
671 2528 850 2573 Minister
869 2527 1078 2572 Generalis
1092 2525 1144 2568 se-

195 2585 345 2640 ptimus
358 2582 443 2638 post
457 2585 623 2627 Beatum
644 2587 895 2632 Franciscum
918 2587 972 2630 esi
988 2587 1112 2629 faetus
1129 2616 1143 2638 ,

195 2654 277 2697 quo
306 2641 346 2684 in
366 2639 488 2684 officii
515 2656 678 2688 munere
698 2660 780 2689 non
811 2646 939 2690 solum
971 2645 1144 2702 pruden-

195 2702 297 2742 tiam
309 2727 324 2750 ,
338 2699 584 2754 vigilantiam
596 2730 611 2753 ,
639 2703 931 2748 solicitudinem
944 2705 1115 2761 praeslitit
1132 2733 1146 2756 ,

195 2757 264 2800 sed
282 2765 399 2798 tanto
411 2755 591 2800 fraternae
605 2761 814 2804 charitatis
831 2764 976 2806 ardore
988 2762 1147 2814 exarsit,

201 2822 396 2871 tantaque
416 2815 648 2858 Christianae
661 2818 898 2864 humilitatis
921 2821 1148 2864 demiffione

198 2873 411 2917 Fratribus
432 2872 661 2924 inservivit,
690 2884 736 2918 ut
763 2878 802 2920 in
832 2878 998 2921 eoillud
1012 2879 1147 2922 Salva·

198 2934 305 2975 toris
318 2930 722 2994 agnosceretur=Qi
739 2935 865 2991 major
888 2937 941 2980 est
958 2937 996 2980 in
1018 2938 1145 2989 vobis,

195 2990 246 3032 sit
276 2989 400 3032 vester
423 2990 600 3034 Minister
619 3019 631 3032 .
657 2991 766 3048 Quin
795 2995 834 3036 δι
858 2995 927 3048 piae
948 2998 1146 3039 memoriae

123 3084 125 3087 Α
193 3045 461 3092 Praedecessor
477 3049 612 3092 noster
641 3051 831 3095 Clemens
848 3053 952 3106 Papa
975 3055 1049 3096 1V.
1078 3055 1145 3109 qui

188 3105 372 3165 'sanctum
407 3108 548 3151 Virum
576 3109 696 3152 valde
712 3108 883 3162 dilexit,
903 3113 944 3153 ἃ.
963 3110 1047 3166 eius
1072 3110 1145 3154 do-

199 3165 323 3208 &rina
345 3165 512 3210 mirifice
525 3165 584 3234 ,ἢ
598 3167 818 3212 delectatus
831 3200 846 3221 ,
859 3179 903 3212 ut
918 3178 997 3212 tam
1010 3167 1147 3214 excel-

198 3221 282 3267 lens
299 3225 430 3268 virtus
443 3252 457 3276 ,
482 3227 522 3268 ἃ.
535 3226 747 3282 prudentia
771 3229 821 3271 ad
837 3228 1052 3272 multorum
1066 3230 1146 3273 uti·

201 3279 355 3339 litatem
385 3285 519 3328 latiori
550 3284 589 3327 in
620 3296 1029 3342 campoexcurreret,
1061 3287 1146 3330 infi-

205 3349 322 3394 gnem
346 3341 634 3387 Eboracensem
672 3346 1068 3401 Archiepiscopatum
1108 3346 1144 3388 ei

207 3394 353 3459 obtulit
363 3401 475 3458 „lue
490 3403 589 3446 vero
607 3418 699 3446 cum
726 3401 796 3447 sei
813 3406 1031 3456 Seraphicae
1054 3418 1147 3459 pau·

205 3456 371 3507 pertatis
393 3461 602 3516 complexu
630 3461 770 3506 divelli
799 3477 882 3507 non
908 3462 1024 3507 facile
1037 3471 1144 3518 pate-

204 3514 547 3579 retuffioblatam
563 3520 797 3577 dignitatem
824 3521 997 3565 modeste
1027 3530 1143 3578 atque

205 3569 412 3636 humiliter
424 3576 637 3622 recusavit.
661 3581 863 3626 Caetertim
878 3595 971 3625 cum
987 3583 1142 3635 Grego-

204 3629 370 3694 erXg
390 3631 576 3689 >Summus
606 3637 791 3683 Pontifex
821 3640 874 3682 ob
905 3639 1145 3696 graviffimas

205 3685 440 3729 Chrlsttanae
455 3691 697 3747 Reipublicae
722 3697 855 3741 causas
882 3697 1148 3742 Concilium,

206 3744 667 3848 Genethzlrehffigdunum
693 3755 887 3800 indixiffet
908 3785 923 3809 ,
953 3754 1149 3814 Virosque

1949 204 2049 278 29
2067 206 2097 256 1¹

1212 320 1417 362 sanctitate
1441 345 1457 367 ,
1481 308 1661 359 doctrina
1685 314 1700 361 2'
1727 309 1916 368 sapientia
1943 324 2163 372 praestantes

1210 375 1487 431 perquireret,
1511 384 1684 424 quorum
1713 369 1840 422 forti,
1862 376 1901 413 δι
1918 374 2022 416 fideli
2038 384 2161 431 opera

1213 432 1263 472 ad
1279 432 1338 471 rei
1352 428 1532 468 maximae
1545 427 1841 478 tractationem,
1856 442 1979 485 atque
1989 435 2162 486 explica-

1211 490 1366 530 tionem
1381 493 1591 534 uteretur,
1617 484 1701 526 duo
1730 486 1768 526 in
1786 488 1924 540 primis
1955 490 2163 533 clariffima

1211 546 1321 586 illius
1334 543 1459 586 aetatis
1474 542 1624 583 lumina
1642 570 1656 593 ,
1670 544 1693 584 ὲ
1708 544 1862 586 duobus
1878 545 2159 591 florentiffimis

1210 602 1434 645 Ordinibus
1454 600 1787 654 Praedicatorum,
1804 604 1843 644 δι
1859 603 2066 646 Minorum
2090 606 2164 647 de-

1210 661 1311 716 legit
1340 663 1503 704 sanctos
1530 660 1724 703 rhomam
1744 665 1780 703 &
1810 663 2166 713 Bonaventuram,

1209 733 1312 776 quos
1340 719 1390 762 ad
1406 718 1444 761 fe
1458 719 1516 760 ire
1531 717 1654 773 jusiit:
1684 720 1763 763 Sed
1793 734 1881 761 cum
1908 721 2066 764 alterin
2083 722 2166 777 ipso

1209 779 1351 822 itinere
1363 779 1403 820 in
1415 776 1599 819 morbum
1616 778 1950 833 incidiffet,atque
1964 780 2014 821 ad
2030 782 2164 836 gloriae

1206 851 1393 879 coronam
1409 833 1582 879 feliciter
1595 835 1784 880 evolasset
1805 865 1819 888 ,
1838 839 2163 881 S-Bonaventura

1208 895 1451 952 Lugdunum
1467 892 1951 948 profeaus,humaniffime
1974 908 2162 954 exceptus

1211 955 1265 997 est
1278 959 1301 999 ὲ
1321 956 1508 997 Romano
1525 951 1721 995 Pontifice
1737 954 1940 1007 Gregorio
1955 983 1969 1006 ,
1995 957 2060 1012 qui
2085 957 2155 1000 in.»

1210 1013 1293 1067 eius
1311 1013 1462 1055 virtute
1478 1013 1518 1053 &
1532 1010 1790 1066 sapientia-,ita
1807 1012 2102 1067 acquiescebat,
2115 1023 2161 1056 ut

1211 1072 1387 1115 concilii
1409 1070 1515 1114 reete
1541 1069 1735 1126 dirigendi
1764 1099 1777 1122 ,
1802 1072 1842 1112 δι
1860 1071 2159 1114 administrandi

1211 1140 1349 1186 partes
1361 1131 1398 1172 ei
1420 1128 1616 1184 praecipue
1632 1129 1864 1172 tribuendas
1879 1130 1955 1171 etse
1967 1131 2163 1174 decerne·

1209 1199 1273 1231 ret
1287 1218 1297 1228 .
1313 1192 1448 1244 Quare
1467 1202 1514 1231 ex
1531 1188 1688 1242 publica
1703 1189 1887 1231 Ecclefiae
1903 1189 2078 1232 utilitate
2092 1219 2108 1238 ,
2121 1190 2161 1231 δι

1211 1248 1439 1290 necessitate
1450 1273 1464 1295 ,
1479 1257 1521 1288 ut
1536 1246 1676 1303 majori
1692 1261 1781 1290 cum
1795 1247 1993 1303 dignitate
2010 1275 2024 1297 ,
2049 1250 2088 1290 δι
2100 1261 2162 1288 au-

1209 1306 1399 1347 &oritate
1419 1304 1598 1346 Concilii
1625 1304 1743 1347 rebus
1759 1319 1835 1346 non
1851 1304 1978 1347 solum
1996 1304 2163 1348 interes-

1206 1363 1265 1404 set
1282 1390 1295 1414 ,
1321 1362 1387 1403 led
1414 1360 1586 1415 praesset
1600 1390 1616 1412 ‚
1642 1362 1775 1403 statuit
1796 1361 2001 1403 lucernam
2017 1362 2161 1405 arden-

1206 1429 1288 1463 tem
1313 1421 1352 1462 &
1378 1419 1582 1462 lucentem
1609 1420 1723 1474 supra
1738 1417 1937 1462 excelsum
1963 1421 2155 1463 candela-

1205 1478 1320 1522 brum
1346 1491 1522 1535 ponere,
1551 1486 1596 1521 ut
1622 1478 1664 1521 in
1686 1478 1822 1522 Domo
1837 1478 1914 1519 Dei
1941 1480 2063 1536 magis
2096 1479 2161 1522 lu-

1207 1547 1345 1581 ceret.

1323 1597 1466 1652 Itaque
1482 1598 1664 1639 Sanctum
1688 1598 2011 1643 Bonaventuram
2025 1599 2160 1641 nullos

1207 1655 1378 1697 honores
1394 1665 1647 1710 appetentem
1663 1683 1675 1705 ,
1693 1655 1910 1710 fugientem
1923 1657 2075 1714 potitis,
2092 1658 2159 1699 sed

1204 1714 1349 1756 Christi
1370 1715 1534 1756 Vieario
1560 1714 1933 1768 obtemperantem,
1951 1715 2161 1771 nullosque

1211 1786 1284 1827 pro
1319 1773 1495 1816 Ecclesia
1523 1772 1677 1814 labores
1703 1771 1832 1816 subire
1850 1774 2125 1818 recusantem...
2144 1802 2158 1825 ,

1211 1840 1397 1884 tanquam
1425 1831 1464 1871 in
1493 1833 1616 1872 totius
1646 1831 1765 1871 Orbis
1780 1832 2159 1873 terraetheatroin.»

1210 1888 1360 1932 sacrum
1377 1887 1659 1931 Cardinalium
1673 1888 1922 1945 Collegium,
1938 1890 1977 1929 δι
1990 1889 2029 1929 in
2049 1887 2164 1944 Epis-

1212 1960 1408 2001 coporum
1430 1946 1615 1988 ordinem
1644 1945 1771 1988 statim
1802 1948 2042 2003 cooptavit:
2071 1961 2161 1987 nam

1212 2001 1397 2044 Ecclesiae
1410 2004 1620 2044 Albanensi
1649 2001 1759 2043 illum
1786 2005 1958 2057 praefecit
1976 2006 2068 2060 ,qui
2086 2007 2162 2046 ho-

1211 2074 1280 2103 nos
1293 2058 1581 2114 antiquioribus
1600 2059 1848 2112 Presbyteris
1871 2061 2158 2104 Cardinalibus

1210 2119 1330 2161 tribui
1347 2116 1446 2160 solet
1463 2147 1474 2157 .
1494 2119 1589 2176 Qu
1607 2116 1679 2158 ille
1710 2117 1943 2172 ampliffima
1964 2118 2161 2174 dignitate

1208 2178 1342 2218 aue'tus
1356 2174 1581 2216 universam
1595 2176 1636 2217 in
1657 2175 1731 2216 Dei
1754 2176 1937 2230 gloriam,
1956 2178 1995 2218 δι
2011 2177 2159 2219 Eccle-

1210 2233 1266 2274 siae
1281 2232 1497 2274 utilitatem
1508 2233 1847 2281 contulit,etenim
1864 2236 1901 2276 in
1919 2234 2032 2276 rebus
2046 2237 2161 2278 Con-

1210 2291 1291 2333 cilii
1304 2289 1437 2333 arduis
1452 2305 1620 2346 operam
1639 2291 1846 2346 egregiam
1865 2294 2038 2348 praestitit
2053 2326 2067 2345 ‚
2080 2298 2160 2337 Ca·

1209 2349 1403 2392 tholicam
1443 2347 1562 2391 fidem
1601 2348 1905 2394 constantissime
1945 2352 2159 2404 defendit,

1208 2421 1350 2464 pravas
1364 2407 1572 2462 opiniones
1604 2408 1798 2450 acerrime
1817 2410 2005 2453 refutavit
2021 2442 2037 2463 ,
2057 2410 2159 2468 ejus-

1206 2468 1377 2523 demque
1390 2466 1615 2519 prudentia,
1625 2467 1822 2518 doctrina,
1833 2467 2053 2521 sanctitate,
2066 2485 2166 2511 ora-

1205 2527 1396 2576 tionibus,
1408 2526 1598 2580 Gregorii
1615 2524 1819 2568 Pontificis
1837 2526 2043 2580 pastoralis
2068 2528 2160 2569 soli-

1205 2584 1350 2628 citudo
1381 2584 1596 2639 tantopere
1627 2582 1760 2637 adjuta
1800 2583 1853 2627 est
1883 2614 1899 2637 ,
1930 2595 1972 2629 ut
2002 2584 2159 2628 sublato

1206 2658 1276 2700 per
1322 2642 1396 2684 Dei
1441 2643 1753 2684 misericordiam
1798 2642 2014 2687 schismatis
2056 2644 2159 2686 diffi-

1207 2702 1277 2744 dio
1289 2732 1304 2753 ,
1322 2701 1495 2744 Michael
1523 2700 1769 2756 Palaeologus
1783 2704 2015 2745 Graecorum
2031 2706 2157 2757 lmpe-

1208 2772 1319 2804 rator
1332 2790 1349 2811 ,
1374 2760 1682 2814 Orientalesique
1707 2762 1887 2804 nationes
1901 2789 1915 2811 ,
1929 2761 1977 2805 ad
1991 2760 2158 2815 Aposto-

1207 2820 1292 2862 licae
1304 2818 1418 2862 Sedis
1431 2818 1704 2861 obedientiam
1718 2845 1731 2866 ,
1746 2821 1942 2862 unitatem
1952 2849 1967 2870 ,
1977 2833 2158 2862 commu-

1207 2880 1445 2932 nionemque
1459 2876 1668 2919 redierint:
1685 2889 1730 2916 ac
1745 2876 1917 2930 denique
1935 2878 2074 2931 dignus
2088 2879 2156 2920 ha-

1206 2936 1309 2978 bitus
1322 2936 1376 2979 est
1389 2961 1403 2984 ,
1419 2948 1534 2990 quem
1548 2933 1677 2976 Graeci
1699 2934 1887 2987 Eutychi!
1914 2936 2073 2976 nomine
2087 2950 2154 2988 ap-

1206 2994 1410 3051 pellarent
1423 3021 1434 3033 .
1463 2994 1615 3035 Merito
1638 2991 1761 3044 igitur
1774 3005 1864 3032 cum
1881 2991 2001 3046 paulo
2017 2991 2152 3046 postin

1205 3052 1346 3094 eodem
1361 3050 1555 3093 Concilio
1569 3047 1796 3090 fortiffimus
1811 3049 1957 3092 Christi
1981 3050 2152 3092 Athleta

1204 3126 1252 3154 ex
1278 3109 1393 3164 hujus
1414 3108 1504 3148 vitae
1527 3108 1848 3163 peregrinatione
1872 3111 1921 3151 ad
1946 3106 2151 3150 coelestem

1204 3169 1374 3226 patriam
1399 3164 1624 3220 emigrasset
1637 3196 1653 3217 ,
1674 3180 1818 3209 omnes
1841 3166 1926 3222 ejus
1955 3177 2153 3208 mortem.»

1205 3227 1440 3276 doluerunt,
1454 3238 1594 3267 omnes
1607 3238 1863 3267 communem
1880 3226 2063 3279 jacturam
2079 3224 2151 3266 de·

1205 3285 1448 3341 plordrunt,
1476 3297 1615 3326 omnes
1639 3283 1746 3326 illius
1773 3282 1887 3326 funus
1903 3284 2086 3338 lacrymis
2111 3284 2152 3323 &

1204 3344 1391 3387 laudibus
1416 3341 1640 3394 ornairunt3
1666 3342 1730 3385 sed
1759 3356 1856 3384 unus
1885 3351 2026 3397 praeter
2040 3351 2153 3382 caetc·

1204 3404 1361 3446 rosViri
1372 3400 1589 3444 stnetiffimi
1606 3402 1727 3442 vitam
1743 3399 1998 3452 integerrime
2010 3403 2151 3453 auam,

1204 3476 1334 3505 mores
1373 3459 1665 3515 probatissimos
1691 3484 1705 3504 ,
1738 3459 1895 3501 labores
1920 3459 2146 3514 permultos

1205 3533 1280 3574 pro
1309 3517 1484 3561 Ecclesia
1507 3517 1706 3569 susceptos
1728 3543 1743 3565 ,
1764 3517 1985 3559 dofftrinam
2008 3517 2046 3558 in
2075 3518 2147 3559 illo

1204 3578 1288 3631 ipso
1308 3575 1493 3618 Concilio
1513 3574 1724 3630 spectatam
1741 3575 1902 3631 ,insigni
1915 3575 2147 3619 laudatione

1208 3634 1401 3677 verissime
1422 3633 1645 3675 celebravit
1666 3660 1678 3673 .
1703 3634 1742 3674 ls
1766 3631 1838 3676 fuit
1862 3637 1931 3690 piae
1950 3632 2147 3676 memoriae

1206 3696 1350 3736 Petrus
1374 3691 1599 3735 Cardinalis
1622 3694 1645 3736 ὲ
1671 3691 1900 3736 Tarantasia
1928 3694 1987 3734 vir
2016 3692 2144 3733 erudi-

1206 3754 1318 3796 tione
1356 3753 1394 3794 &
1417 3751 1636 3794 Christiana
1672 3750 1904 3806 eloquentia
1939 3749 2112 3808 praestans
2126 3772 2141 3794 α

1635 3809 1711 3851 Oo
1743 3824 1764 3852 2
2023 3813 2090 3856 qut
