2444 4192
346 271 461 379 76

284 420 465 470 fcffionis
494 428 784 483 immemores,
810 446 889 488 qua
911 435 1157 490 contemptis
1186 435 1264 476 ho-

284 487 488 539 noribus,
515 489 679 546 abjectis
694 491 851 534 divitiis
866 522 882 544 ,
908 492 1127 548 spretisque
1157 493 1262 535 deli·

283 545 352 586 tiis
365 575 382 597 ,
395 548 573 590 arbitrio
586 551 755 604 proprio
769 552 981 607 subjugato
1006 551 1176 593 alterius
1192 551 1257 593 di-

282 604 386 646 tioni
408 633 424 656 ,
450 619 567 650 retro
594 609 812 664 respiciunt
855 611 908 651 ad
938 621 1120 652 aratrum
1137 624 1256 652 manu

280 661 394 706 miffa
406 694 421 718 ,
447 667 547 710 dum
563 668 867 722 precipitanter
881 679 1006 710 ruunt
1034 669 1074 710 in
1089 669 1250 724 litigio·

278 736 372 766 rum
383 724 608 776 anfractus,
639 724 851 768 causarum
872 726 1104 783 strepitibus
1129 728 1167 770 se
1185 730 1248 769 in-

278 786 451 826 volvunt
466 813 480 835 ‚
503 786 543 825 &
567 794 683 825 extra
709 785 1077 829 administrationes
1093 786 1248 842 proprii

275 842 442 884 Ordinis
458 842 600 883 solium
615 842 850 886 Praelaturae
867 845 1141 888 conscendere
1158 858 1246 886 mo·

273 899 454 950 liuntur,
478 899 740 944 electionibus
753 928 767 951 ‚
790 902 1159 958 postulationibus,
1176 901 1241 943 seu

266 957 565 1013 provifionibus
591 958 645 1001 de
677 959 716 1003 se
732 960 772 1002 in
784 958 987 1005 discordia
1000 958 1239 1007 celebratis,

267 1016 499 1070 improvide
526 1018 746 1073 prestando
759 1018 996 1063 consensum
1010 1049 1024 1072 ,
1041 1016 1245 1075 praebendi

267 1073 459 1116 assensum
482 1076 505 1117 ἆ
530 1075 601 1118 suo
630 1078 854 1131 Superiore
865 1091 1153 1133 nonuunquam
1173 1089 1245 1117 ex·

267 1132 380 1175 torti
418 1132 587 1176 licentia
628 1135 777 1189 potius,
804 1136 927 1191 quam
951 1138 1123 1180 obtenta
1140 1161 1155 1183 ,
1184 1147 1234 1177 ex

264 1207 348 1248 quo
360 1194 583 1236 animarum
596 1194 638 1234 &
650 1193 924 1237 Ecclefiarum
934 1194 1146 1251 dispendia
1161 1207 1242 1236 no-

263 1254 411 1294 scimus
441 1251 699 1308 proveniffe,
725 1254 1029 1310 &proventura
1049 1252 1241 1311 majora...

262 1311 303 1353 in
318 1321 438 1354 antes
456 1312 733 1354 verifimiliter
743 1312 1033 1357 formidamus.

381 1370 586 1415 Volentes
602 1372 728 1427 igitur
742 1373 841 1417 huic
855 1371 982 1429 pesti,
1008 1370 1165 1417 salubri
1179 1385 1244 1415 re-

262 1429 404 1473 medio
413 1430 541 1475 obvia
549 1447 593 1475 re
606 1463 623 1485 ,
647 1432 830 1486 praesenti
847 1429 1144 1478 constitutione
1157 1433 1242 1474 san·

262 1491 393 1531 cimus
406 1517 421 1541 ,
450 1501 495 1533 ut
512 1491 644 1535 nullus
659 1490 893 1547 Religiosus
910 1492 1250 1542 Praedicatorum,

261 1550 476 1591 Minorum
491 1579 509 1601 ‚
539 1552 820 1596 Eremitarum
846 1553 887 1594 S.
903 1551 1144 1609 Augustini,
1158 1565 1247 1593 nec-

266 1622 351 1651 non
375 1608 418 1648 &
443 1610 731 1663 quorumlibet
774 1610 1100 1654 Mendicantium
1122 1610 1248 1653 Ordi-

265 1680 360 1709 num
376 1667 567 1712 electioni
581 1696 596 1718 ,
613 1669 905 1725 postulationi,
917 1669 1134 1725 provifioni
1148 1696 1164 1719 ,
1182 1669 1250 1711 seu

265 1726 476 1768 vocationi
502 1726 557 1770 de
571 1727 609 1771 se
627 1727 738 1770 factae
767 1730 808 1772 in
832 1727 1068 1783 discordia,
1095 1728 1145 1771 ad
1173 1728 1249 1772 ali·

263 1798 386 1840 quam
401 1797 517 1828 extra
530 1787 587 1829 sui
599 1788 767 1830 Ordinis
785 1790 1248 1833 administrationisPrae·

264 1843 443 1887 laturam
454 1846 642 1902 praellare
657 1846 774 1903 poffit
789 1846 1153 1899 affensum,etiamfi
1170 1849 1256 1890 Ma·

263 1901 391 1956 gistri,
407 1906 595 1957 Ministri‚
609 1906 675 1948 seu
685 1907 837 1949 Prioris
849 1933 864 1955 ,
875 1908 1146 1952 Generalium
1161 1907 1252 1950 suo·

264 1974 357 2003 rum
395 1962 601 2005 Ordinum
625 1993 642 2015 ,
668 1975 739 2007 aut
769 1962 1014 2010 inferiorum
1055 1966 1251 2012 Praelato-

266 2033 359 2063 rum
374 2019 536 2065 suorum
549 2023 718 2066 licentia
736 2023 802 2068 vel
819 2023 987 2069 affensus
1000 2026 1217 2070 accederet
1230 2052 1245 2075 ,

262 2077 411 2134 absque
445 2080 615 2124 licentia
645 2085 764 2126 sedis
794 2084 1039 2137 Apostolicar
1067 2083 1248 2136 speciali,

258 2135 435 2178 faciente
466 2140 628 2190 plenam
657 2142 699 2179 δι
727 2137 952 2193 expressam
980 2139 1034 2181 de
1050 2138 1226 2181 constitu

259 2196 376 2237 tione
394 2193 622 2251 hujusmodi
639 2197 891 2241 mentionem
904 2226 918 2240 .
950 2200 1242 2242 Decet-nentes

257 2254 425 2297 irritum
448 2255 528 2299 διε.

386 2312 482 2353 Dat.
500 2314 641 2355 Romae
653 2311 762 2369 apud
785 2310 827 2353 S.
846 2311 1013 2355 Petrum
1043 2313 1120 2355 IV.
1149 2312 1244 2357 Kal.

255 2368 412 2429 Aprilis
428 2398 444 2422 ,
475 2370 744 2416 pontificatus
762 2370 887 2414 nostri
909 2372 1030 2415 Anno
1045 2373 1125 2414 111.

319 2486 530 2545 Regestum
571 2489 748 2533 Vatia-an.
780 2486 899 2545 epss.
923 2502 993 2533 aa.
1026 2487 1245 2547 Waddr'ng.

375 2557 472 2591 tm.
486 2560 529 2599 5.
547 2550 697 2593 Annal·
705 2545 791 2608 fil·
805 2551 906 2606 583.

260 2833 467 2894 Diffidia
487 2836 709 2888 Refiores
730 2837 1020 2890 parochiales
1050 2840 1167 2890 inter
1184 2859 1244 2871 -·

335 2906 386 2959 ἅ
424 2909 515 2958 FF.
540 2909 865 2961 Praedicatores
893 2945 910 2968 ‚
943 2927 997 2960 ac
1033 2913 1244 2962 Minores

335 2977 879 3039 obversantia.0ecretali
899 2980 1242 3034 Constitutione

339 3053 703 3175 ῗὲῗρῖἶῗᾏῖῗ
721 3055 768 3174 ΞΖ
786 3052 1242 3193 3221’2‘2‘03332?

338 3191 422 3244 bus
443 3192 582 3245 liber&
601 3231 617 3255 ,
649 3197 693 3245 in
715 3195 927 3248 Ecclefiis
958 3197 1070 3248 vero
1106 3202 1242 3251 Paro·

341 3265 563 3318 chialibus
590 3284 680 3317 non
696 3266 775 3318 nisa
794 3268 851 3319 de
883 3270 1046 3322 harum
1078 3270 1242 3322 Refic-

340 3354 447 3388 rum
476 3335 693 3390 consensu
715 3337 979 3423 (Episcopo
997 3377 1013 3402 ,
1047 3344 1122 3394 vel
1156 3346 1242 3395 Su·

338 3410 517 3475 periore
533 3412 727 3462 Proelato
742 3413 873 3462 aliter
892 3430 984 3462 non
1003 3411 1241 3484 disponen-

342 3483 423 3537 te)
457 3483 701 3548 praedieare
730 3482 851 3552 poll'e
868 3483 1073 3537 declarat
1092 3520 1107 3544 ‚
1137 3502 1241 3536 con·

343 3542 550 3603 felliones
598 3568 784 3605 econtra
821 3557 865 3605 in
887 3554 1173 3607 Dioecefibus
1195 3554 1244 3607 fi·

341 3633 399 3667 ne
431 3621 791 3677 ordinariorum
824 3628 1005 3679 licentia
1021 3627 1241 3687 audires,

342 3686 477 3740 dieti·
515 3695 747 3747 Fratribus
781 3699 1022 3766 prohibet:
1052 3698 1240 3750 liberam

341 3758 386 3809 in
420 3777 580 3812 eorum
615 3768 824 3818 Eccleliis
860 3767 1140 3838 sepulturam
1163 3769 1241 3821 de·

338 3830 517 3893 clarat,
534 3852 587 3884 ac
610 3835 882 3888 Restoribus
903 3842 1241 3893 parochialibus

334 3918 424 3955 non
443 3904 524 3956 nili
549 3922 765 3975 quartam
790 3909 1129 3963 obventionum
1157 3917 1240 3963 Fu·

765 271 928 362 Sub
992 267 1390 387 Bonifacio
1459 272 1616 360 VI
1645 270 1767 359 II.

1391 434 1620 485 neralium
1655 446 1837 502 partem
1869 427 2026 480 deberi
2053 425 2226 488 sancit3
2246 446 2299 477 ac

1390 506 1592 555 Praelatis
1638 500 1947 556 Eccleliarum
2006 515 2294 551 memoratos

1387 576 1572 630 Fratres
1598 573 1895 627 commendat
1914 607 1927 619 .

1370 718 1808 772 BONIFACIUS
1846 714 2221 768 EPISCOPUS

1497 845 1677 890 δεινος
1710 847 1970 889 Seavoauu
2006 842 2086 883 Der
2101 869 2115 883 .

1433 1018 1504 1060 Aa
1517 1028 1759 1075 perpetuam
1790 1022 1852 1062 rei
1886 1019 2143 1062 memoriam.

1391 1134 1504 1184 Uper
1527 1132 1790 1176 cathedram
1815 1130 2129 1188 praeeminentiae
2154 1129 2290 1186 pasto-

1410 1192 1539 1244 ralis,
1564 1190 1704 1234 divin&
1729 1190 1970 1247 disponente
1996 1189 2254 1234 clementis..-
2271 1216 2288 1240 ,

1303 1250 1518 1295 constituti
1532 1279 1547 1303 ‚
1564 1252 1635 1294 etfi
1652 1249 1796 1295 multis
1811 1253 1852 1294 ἃ.
1864 1251 2032 1300 arduis,
2046 1263 2130 1306 qua:
2146 1249 2186 1290 in
2204 1261 2294 1289 am-

1304 1311 1419 1366 plum
1438 1313 1633 1354 Romanae
1646 1309 1784 1353 Curiae
1811 1310 1978 1354 alveum
1994 1309 2173 1365 undique
2189 1321 2291 1351 con-

1305 1369 1466 1424 fluunt,
1488 1370 1596 1428 quali
1624 1381 1782 1414 torrens
1798 1399 1812 1423 ‚
1837 1382 2139 1428 praegravemur
2166 1379 2294 1423 nego-

1303 1430 1373 1472 tiis
1386 1460 1403 1482 ,
1417 1433 1527 1475 curis
1541 1431 1771 1474 excitemur
1789 1430 2012 1474 innumeris
2029 1454 2044 1476 ,
2060 1443 2082 1470 c
2105 1428 2155 1483 =gi
2165 1428 2293 1469 tatio-

1311 1488 1429 1533 nibus
1443 1490 1631 1547 plurimis
1652 1490 1924 1534 distrahamur
1935 1501 1952 1542 3
1971 1488 2079 1530 circa
2095 1487 2136 1530 id
2155 1494 2292 1528 tamen

1308 1546 1569 1595 ferventibus
1589 1550 1697 1594 votis
1717 1549 1967 1593 intendimus
1981 1576 1997 1600 ,
2025 1559 2215 1590 vacamus
2231 1545 2295 1586 in-

1309 1608 1478 1653 stantius
1492 1639 1507 1663 ‚
1522 1625 1571 1654 ac
1591 1607 1772 1666 operosae
1794 1608 1970 1653 studium
1997 1602 2290 1649 sollicitudinis

1309 1669 1570 1725 impartimur
1581 1698 1597 1722 ,
1611 1679 1657 1712 ut
1681 1668 1732 1713 ad
1749 1668 1880 1713 divini
1897 1665 2079 1712 nominis
2093 1664 2287 1722 gloriam,

1309 1726 1606 1773 exaltationem
1632 1726 1868 1771 Catholicae
1899 1724 2016 1771 Fidei
2045 1752 2061 1776 ‚
2085 1725 2127 1766 δι
2153 1720 2294 1789 prose-

1307 1790 1415 1830 &um
1446 1786 1630 1832 fidelium
1656 1786 1889 1831 animarum
1917 1782 2128 1842 (praecifis
2145 1780 2294 1823 radici-

1319 1857 1385 1889 tus
1401 1847 1653 1891 dissidiorum
1669 1841 1862 1903 vepribus
1877 1875 1894 1899 ‚
1916 1847 1956 1888 δι
1972 1843 2202 1900 litigiorum
2219 1853 2293 1881 an-

1315 1903 1507 1949 fractibus
1519 1906 1692 1949 omnino
1705 1905 1908 1949 subdu-stis
1925 1903 2066 1962 )inter
2082 1898 2290 1944 Ecclefia-

1312 1978 1402 2008 rum
1422 1966 1635 2011 Antistites
1660 1965 1710 2007 ad
1727 1978 1873 2008 curam
1886 1991 1902 2015 ,
1926 1963 1968 2004 δι
1983 1961 2167 2014 regimen
2200 1970 2294 2010 gre-

1308 2025 1372 2078 gis
1393 2026 1605 2067 Dominici
1621 2023 1841 2076 deputatos
1853 2046 1869 2068 ,
1895 2016 2142 2072 caeterasque
2155 2013 2293 2083 persq.

1309 2093 1381 2121 nas
1395 2107 1411 2130 ‚
1425 2093 1526 2135 quas
1542 2079 1664 2122 Ordo
1689 2076 1911 2121 clericalis
1941 2073 2148 2128 includit,
2180 2082 2292 2131 pacr's

1308 2136 1591 2195 tranquillitas
1611 2136 1751 2193 vigeat
1765 2167 1783 2189 ,
1807 2138 1951 2180 fervor
1964 2134 2178 2179 charitatis
2191 2133 2293 2177 exaek·

1302 2194 1407 2238 stuet
1427 2224 1443 2247 ‚
1456 2195 1682 2239 invalescat
1705 2195 1943 2238 eoncordia
1959 2195 2107 2243 unitas,
2125 2197 2285 2236 animo-

1300 2265 1393 2294 rum
1414 2253 1608 2296 identitas
1623 2255 1852 2308 perseveret
1868 2281 1880 2295 .
1897 2251 2059 2294 Scimus
2072 2252 2182 2308 enim
2198 2281 2214 2303 ,
2246 2252 2287 2293 &

1308 2325 1358 2354 ex
1373 2311 1580 2356 evidentia
1598 2309 1692 2354 facti
1715 2311 1952 2369 colligimus
1968 2336 1984 2360 ,
2002 2311 2112 2367 quod
2129 2311 2287 2354 nonnisi

1306 2372 1347 2412 in
1363 2371 1472 2426 pacis
1487 2380 1691 2429 tempore,
1705 2373 1808 2415 bene
1821 2370 1977 2415 colitur
1992 2370 2102 2425 pacis
2117 2373 2286 2413 Auctor:

1308 2432 1396 2472 Nec
1415 2429 1671 2485 ignoramus,
1688 2430 1803 2488 quod
1816 2428 2071 2473 diffenfiones
2087 2428 2158 2482 3&
2170 2429 2283 2473 s'can-

1307 2486 1401 2530 dala
1417 2488 1552 2544 pravis
1577 2488 1732 2533 actibus
1747 2489 1905 2534 aditum
1920 2498 2146 2546 praeparant
2160 2514 2175 2537 ,
2189 2502 2281 2532 ran-

1308 2559 1429 2591 cores
1442 2545 1590 2591 &odia
1606 2545 1824 2602 suscitant,
1853 2548 2065 2593 &illicitis
2089 2547 2281 2592 moribus

1307 2606 1446 2652 ausum
1470 2611 1649 2658 praebent
1664 2635 1676 2649 .

1423 2667 1490 2711 Ab
1501 2666 1604 2711 olim
1622 2665 1818 2723 fiquidem
1844 2666 1953 2711 inter
1987 2665 2182 2711 Proelatos
2199 2696 2215 2721 ,
2246 2667 2288 2711 &

1309 2724 1605 2779 Rerres‚stu
1621 2725 1896 2775 Sacerdotes,
1927 2739 1974 2768 sc
1998 2725 2189 2769 Clericos
2208 2728 2289 2770 Pa-

1309 2783 1556 2832 rochialium
1573 2782 1847 2830 Ecclefiarum
1863 2798 1937 2843 per
1949 2782 2130 2829 diversas
2143 2785 2285 2828 mundi

1307 2844 1546 2894 Provincias
1558 2844 1804 2890 constitutos
1817 2858 1866 2890 ex
1882 2858 1962 2888 una
1985 2846 2163 2902 parte,&
2180 2847 2285 2889 Prae-

1301 2905 1559 2959 dicatorum,
1586 2906 1628 2948 δι
1655 2904 1863 2950 Minorum
1895 2903 2095 2950 ordinum
2113 2906 2279 2948 Fratres

1301 2978 1351 3011 ex
1367 2963 1534 3024 altera(
1548 2965 1659 3021 pacis
1683 2964 1833 3008 amulo
1849 2963 1979 3009 satore
1995 2963 2153 3006 zizania
2181 2977 2283 3019 pro-

1301 3036 1471 3070 curante
1491 3024 1653 3083 )gravis
1670 3025 1710 3068 δι
1724 3022 1954 3082 periculosa
1979 3022 2182 3068 discordia
2207 3035 2279 3065 ex·

1301 3083 1390 3129 titit
1404 3081 1591 3129 suscitata
1608 3112 1623 3138 ,
1644 3082 1761 3142 super
1776 3081 2134 3143 predicationibus
2150 3096 2283 3138 popu-

1302 3142 1352 3189 lis
1366 3138 1563 3188 faciendis
1576 3171 1590 3193 ,
1609 3156 1755 3189 eorum
1772 3140 2089 3190 confessionibus
2110 3141 2282 3186 audien-

1303 3202 1369 3247 dis
1384 3232 1398 3256 ‚
1438 3203 1695 3260 poenitentiis
1729 3201 1986 3259 iniungendis
2019 3200 2169 3245 eisdem
2193 3229 2208 3253 ‚
2242 3202 2283 3242 Bt

1302 3263 1555 3308 tumulandis
1579 3260 1862 3308 defunctorum
1892 3260 2133 3317 corporibus
2162 3286 2176 3310 ,
2207 3260 2275 3317 qui

1302 3324 1407 3381 apud
1436 3326 1622 3369 Fratrum
1657 3320 1834 3380 ipsorum
1866 3319 2062 3364 Eccleilas
2092 3321 2171 3364 sive
2185 3319 2289 3363 loca

1300 3383 1524 3430 noscuntur
1537 3382 1689 3441 eligere
1716 3378 1969 3440 sepulturam
1989 3408 1999 3421 .

1420 3447 1506 3490 Nos
1528 3450 1664 3487 sutem
1690 3438 1713 3499 (
1726 3440 1781 3498 pii
1797 3437 1929 3483 Patris
1947 3452 2060 3482 more
2091 3437 2276 3482 laudabi-

1303 3503 1366 3563 li)
1396 3502 1559 3549 molest&
1572 3499 1745 3545 ferentes
1762 3498 2023 3543 incommoda
2055 3496 2242 3543 filiorum
2261 3525 2276 3550 ,

1302 3564 1547 3609 reducentes
1574 3558 1625 3603 ad
1653 3561 1800 3605 exacta:
1823 3557 2163 3602 considerationis
2177 3571 2276 3602 exa-

1301 3636 1395 3667 men
1421 3651 1438 3677 ‚
1480 3635 1528 3667 se
1553 3618 1660 3664 intra
1690 3616 1864 3675 pectoris
1891 3617 2061 3663 claustra
2094 3614 2275 3661 sollicite

1301 3682 1583 3730 revolventes,
1598 3681 1721 3737 quarn
1736 3680 1783 3722 fit
1800 3676 1919 3736 plena
1936 3675 2274 3735 periculis,quam

1298 3740 1439 3785 onusta
1453 3738 1672 3797 dispendiis
1687 3768 1701 3793 ,
1717 3738 1918 3796 quinique
1947 3738 1988 3781 in
2010 3738 2168 3780 Divinoe
2182 3738 2273 3780 Ma-

1303 3799 1450 3857 jestatis
1483 3798 1700 3855 conspeetu
1717 3798 1912 3844 reddatur
1939 3799 2056 3841 exosa
2071 3794 2272 3841 discordia

1299 3858 1550 3916 supradicis:
1568 3861 1607 3902 ἀ
1622 3870 1839 3916 propterea
1857 3857 2118 3902 intendentes
2136 3864 2272 3914 pater-

1302 3936 1357 3965 ηπ
1379 3918 1665 3965 sollicitudinis
1683 3919 1813 3964 studio
1841 3918 1955 3963 illam
1983 3914 2144 4018 prorlius
2163 3912 2273 3957 evel-

2112 3988 2180 4018 cre
2200 4002 2216 4029 ‚
