2444 4192
754 238 921 324 Sub
983 238 1428 324 Alexandro
1492 238 1536 321 I
1557 237 1661 324 V.

188 395 385 445 --tentibus
413 396 559 438 mente
581 386 693 448 vigili
718 391 1028 440 conservanda,
1062 388 1127 432 sed
1143 391 1193 432 ab

203 457 286 502 illis
316 453 519 511 potissime
543 481 557 505 ‚
593 463 695 509 quos
729 462 805 504 pro
835 448 959 490 caufis
997 449 1192 506 legitimis

200 523 373 572 oportet
388 510 612 569 aliquando
643 511 682 552 sc
708 508 759 550 de
775 504 851 548 suis
870 509 1158 552 Conventibus
1175 536 1190 561 ,

199 573 306 617 ficut
331 572 576 615 obedientiae
592 569 718 612 virtus
734 566 864 621 exigit
877 593 892 615 ,
923 567 1161 611 absentare.

198 625 203 630 ’
317 633 426 675 Sane
453 627 641 673 nonnulli
681 640 730 669 ex
777 626 985 669 Fratribus
1018 626 1186 668 Ordinis

198 690 321 735 vestri
336 718 350 742 ,
367 691 436 747 qui
460 685 774 733 venerabilibus
792 684 1003 728 Fratribus
1018 684 1183 737 nostris,

195 750 530 806 Archiepiscopis
545 777 558 801 ‚
573 748 614 789 δι
628 746 841 801 Episcopis
858 745 910 788 de
923 743 1081 787 Ordine
1098 745 1183 799 ipso

191 807 369 866 suscepti
389 836 404 859 ,
422 811 673 866 quandoque
688 804 727 846 in
746 805 891 847 Socios
906 803 1185 860 deputantur,

195 868 271 912 illa
302 895 317 916 ,
347 879 471 924 prout
513 865 745 921 accepimus
773 892 788 915 ‚
818 866 1058 920 praesumunt
1085 860 1185 919 saep‘c

197 928 489 977 committere,
520 937 607 982 quae
634 924 673 966 in
695 922 874 979 ejusdem
892 923 1058 965 Ordinis
1075 926 1185 965 scan-

198 986 339 1030 dalum
352 1014 366 1037 ,
379 987 420 1028 δι
435 986 474 1028 in
490 987 646 1028 suarum
662 992 838 1040 vergunt
852 982 1083 1037 perieulum
1100 982 1185 1024 ani-

193 1058 358 1089 marum
370 1072 384 1087 .
399 1048 510 1088 Cum
527 1045 665 1100 itaque
680 1043 795 1097 super
820 1042 899 1086 hoc
918 1057 988 1099 per
1003 1041 1184 1086 Sedeim

192 1103 478 1161 Apostolicam
517 1102 669 1147 deceat
698 1100 917 1146 salubriter
944 1100 1183 1156 provideri,

194 1166 287 1208 Nos
313 1163 534 1208 devotioni
564 1163 699 1207 vestrae
735 1162 985 1207 auctoritate
1010 1161 1182 1219 praescn·

196 1223 299 1267 tium
328 1222 517 1266 duximus
541 1220 884 1273 concedendum,
913 1221 1023 1278 quod
1040 1219 1183 1277 finguli

194 1278 371 1325 vestrum
397 1279 494 1323 illos
523 1292 575 1324 ex
589 1280 801 1324 Fratribus
826 1281 976 1324 eisdem
992 1309 1007 1333 ,
1023 1280 1076 1323 de
1091 1279 1184 1336 qui·

191 1340 271 1385 bus
288 1340 535 1384 auctoritate
564 1338 795 1383 litterarum
825 1341 942 1384 Sedis
973 1338 1183 1395 Apostoli·

192 1413 279 1453 σε,
303 1398 373 1443 seu
404 1402 655 1456 Legatorum
681 1397 794 1452 eius,
822 1399 941 1443 dictis
958 1398 1182 1455 Archiepi·

192 1457 328 1515 stopis
341 1486 357 1512 ,
371 1459 410 1502 δι
430 1458 641 1515 Episcopis
658 1459 714 1502 en
729 1456 939 1516 provisum
953 1485 968 1509 ,
987 1458 1149 1502 visitare
1161 1485 1178 1509 ,

191 1519 407 1577 corrigere
423 1546 438 1571 ,
450 1528 574 1576 atque
589 1520 716 1562 etiam
732 1547 747 1570 ‚
763 1532 848 1561 nou
863 1519 1054 1563 obstante
1083 1532 1177 1563 con-

193 1578 443 1623 tradictione
460 1577 622 1637 aliqua,
642 1577 787 1636 poffint
815 1578 867 1621 ad
886 1578 1063 1622 eundem
1094 1580 1180 1622 Or-

188 1634 331 1683 dinem
350 1652 581 1688 revocare,
614 1639 672 1682 ita
702 1649 839 1683 tamen
857 1668 871 1693 ,
899 1637 1012 1697 quod
1028 1641 1054 1682 si
1072 1638 1180 1694 post·

195 1697 376 1742 modum
401 1697 498 1742 dieti
529 1699 839 1754 Archiepiscopi
865 1724 881 1747 ,
918 1699 960 1741 δι
990 1696 1179 1755 Episcopi

191 1756 300 1812 apud
318 1771 392 1800 vos
408 1783 423 1807 ,
443 1756 507 1799 vel
525 1756 707 1814 aliquem
732 1755 908 1816 vestrum
933 1772 1008 1814 pro
1035 1757 1183 1800 haben·-

189 1816 256 1861 dis
286 1817 327 1861 in
358 1814 558 1862 societate
586 1817 767 1875 ipsorum
793 1817 885 1861 aliis
914 1817 1074 1861 idoneis
1092 1819 1181 1861 Fra.

194 1875 330 1920 tribus
356 1875 553 1921 duxerint
572 1877 859 1930 insistendum,
888 1892 1028 1922 eorum
1046 1878 1084 1920 in
1106 1878 1180 1920 hac

250 1946 315 1979 rte
327 1935 532 1982 desiderio
547 1939 735 1983 annuatis
754 1965 769 1989 ,
797 1937 1024 1982 dummodo
1050 1937 1090 1980 id
1109 1951 1184 1979 vo-

223 1993 257 2036 is
271 1996 632 2045 &conveniens‚&
647 1998 873 2056 expediens
892 1998 1183 2054 videatur-Cg-

193 2061 334 2094 tcrum
359 2066 432 2108 per
458 2054 604 2095 literas
637 2056 899 2109 Apostolicas
928 2059 1008 2112 jam
1022 2058 1177 2099 obten-

193 2119 282 2162 tas,
317 2112 381 2154 vel
398 2111 662 2167 imposterum
677 2111 923 2154 obtinendas
944 2139 959 2161 ,
985 2124 1071 2167 quae
1083 2111 1179 2153 dea

190 2167 455 2226 presentibus
479 2170 641 2221 plenam
656 2196 670 2217 ‚
698 2170 740 2207 ἃ.
765 2167 986 2220 expressam
1017 2181 1096 2208 non
1111 2165 1177 2207 fe-

190 2228 327 2272 cerint
356 2224 636 2270 mentionem,
664 2221 800 2262 nullos
818 2222 872 2263 de
891 2221 1102 2262 Fratribus
1117 2222 1176 2274 ip-

189 2282 271 2328 fius
285 2281 453 2326 Ordinis
468 2279 648 2338 praefatis
667 2278 1055 2336 Archiepis‘copis,&
1077 2277 1181 2333 Epi·

190 2341 322 2399 scopis
336 2370 352 2394 ‚
373 2340 412 2384 in
436 2342 578 2385 Socios
593 2340 815 2381 teneamini
846 2338 1050 2392 deputare
1066 2365 1081 2388 ,
1105 2334 1178 2380 nifi

193 2403 275 2447 hoc
290 2400 490 2446 honestati
514 2398 714 2452 Ordinis,
741 2400 778 2441 δι
799 2396 966 2441 illorum
981 2395 1101 2441 saluti
1118 2396 1180 2439 vi-

194 2459 344 2506 deritis
358 2461 554 2518 expedire
567 2489 579 2501 .

307 2523 460 2566 Datum
493 2517 681 2565 Laterani
714 2518 852 2562 Idibus
868 2516 998 2574 Maji,
1015 2514 1185 2560 Pontifi-

195 2578 310 2624 cstt'is
339 2579 462 2623 nostri
485 2583 608 2623 Anno
623 2579 841 2622 secundo.

255 2644 466 2699 speculum
483 2641 633 2683 Minor.
646 2637 815 2681 troffo.
835 2637 1001 2693 Rodrtq.
1025 2636 1182 2680 nonar.

299 2695 461 2760 sokn-
477 2698 549 2740 col.
559 2711 591 2740 1.
611 2696 835 2755 diste-epam
849 2704 891 2739 ἐκ
913 2701 1043 2751 Data,
1056 2695 1185 2739 Wad-

314 2758 423 2827 ding.
437 2767 579 2813 ηιμ.
597 2759 742 2802 annal.
746 2755 861 2818 fil.4
867 2772 885 2812 3
895 2768 936 2809 3.

195 2945 498 3015 sepulturam
539 2946 757 2994 Fratrum
797 2943 1043 2994 Minorum
1071 2948 1094 3004 (
1113 2961 1188 2992 ex-

264 3015 630 3066 communicatis
646 3050 662 3074 ,
680 3013 934 3064 interdictis
949 3050 966 3074 ‚
982 3028 1066 3066 aut
1085 3012 1187 3066 usu·

266 3088 399 3209 ‘rint-iis
424 3086 667 3156 exceptis)
698 3084 917 3136 omnibus
949 3086 1184 3139 liberam.»

302 3172 477 3209 eccrmt
494 3193 508 3207 .

134 3269 136 3274 ’
197 3290 703 3343 ALEXANDER
742 3289 1184 3346 anscerus

384 3423 563 3466 Snuvus
595 3420 853 3464 Senvonum
886 3420 968 3462 Dei
985 3449 998 3462 .

209 3536 375 3586 «Uknu
389 3540 506 3584 1⁵1·qu
519 3568 535 3592 ‚
552 3540 744 3583 Gener-ali
759 3568 773 3591 ‚
801 3539 856 3591 ά·
875 3536 1189 3583 Ηουίηεὶαὶὶὄω

261 3597 490 3656 Minssre's,
522 3611 569 3643 ae
594 3600 685 3641 aliis
714 3599 934 3643 Fratribus
969 3599 1130 3643 Ordinis

321 3661 521 3704 morum
535 3688 550 3711 ,
562 3660 744 3718 filatem
757 3685 773 3708 ,
800 3659 851 3707 (9⁵
875 3659 1068 3716 Apostoli-

461 3732 547 3763 εισι
577 3716 891 3762 Benediffionem
905 3746 919 3760 .

324 3834 406 3875 Um
421 3834 445 3876 ἃ
457 3838 588 3884 Nobis
605 3840 762 3897 petitur
777 3863 790 3886 ,
803 3836 913 3894 quod
930 3837 1076 3896 justum
1093 3837 1151 3882 est
1162 3864 1177 3886 s

1256 394 1377 447 quim
1401 392 1504 433 ordo
1519 394 1645 447 exigit
1673 393 1840 436 rationis
1854 401 1939 447 ‚Aut
1971 400 2012 441 id
2028 415 2098 456 per
2113 404 2227 447 solli*

1254 450 1481 492 citudinem
1496 451 1619 493 officii
1636 452 1758 492 nostri
1786 454 1838 494 ad
1867 456 2050 499 debitum
2079 447 2234 513 perduc

1252 520 1372 551 catur
1383 508 1567 552 effectum
1581 538 1592 548 .
1613 511 1864 564 Eapropter,
1877 513 2013 555 dilecti
2029 518 2070 556 in
2091 521 2234 561 Domi-

1251 582 1308 611 no
1327 567 1445 618 Filii,
1467 569 1604 610 vestris
1627 567 1733 620 iustis
1751 570 2086 625 postulationibus
2110 588 2230 630 grato

1248 638 1547 670 concurrentes
1571 625 1718 669 affensu
1734 654 1748 676 ,
1773 627 2020 682 sepulturam
2036 633 2236 675 Ecclesia-

1246 701 1339 730 rum
1356 686 1574 730 vestrarum
1593 686 1762 730 liberam
1787 686 1864 730 effe
1878 690 2139 732 decernimus
2156 719 2169 742 ,
2185 702 2231 734 ut

1243 762 1384 790 eorum
1398 747 1641 798 devotioni,
1655 749 1694 789 8ι
1709 758 1903 790 extremae
1921 748 2139 797 voluntati,
2164 751 2233 804 qui

1246 805 1286 850 se
1310 809 1348 849 in
1383 805 1464 847 illis
1491 804 1651 861 sepeliri
1683 806 2033 855 deliberaverint,
2066 807 2134 849 nifi
2155 823 2228 851 ex·

1248 864 1565 916 communicati,
1598 864 1662 907 vel
1692 867 1897 909 interdicti
1926 865 2080 909 fuerint
2110 896 2124 918 ‚
2156 877 2226 913 aut

1244 928 1368 969 etiam
1390 923 1544 980 publici
1572 924 1771 976 usurarii,
1798 926 1932 968 nullus
1947 925 2135 977 oblinat,
2153 925 2229 970 sal-

1246 985 1298 1030 vi
1325 998 1459 1028 tamen
1486 982 1635 1037 justitia
1666 984 1831 1028 illarum
1856 986 2130 1028 Ecclesiarum
2160 1015 2177 1037 ,
2207 986 2230 1029 i

1245 1045 1393 1103 quibus
1408 1056 1669 1087 moi-tuorum
1686 1058 1863 1102 corpora
1894 1042 2145 1088 assumuntur
2160 1074 2173 1086 .

1363 1101 1476 1147 Nulli
1499 1118 1599 1159 ergo
1617 1105 1827 1146 lto-ninum
1851 1106 1929 1147 ἃς.
1962 1105 2101 1148 nostrae
2114 1106 2234 1148 eon··

1246 1164 1465 1210 stitutionis
1480 1164 1559 1205 &c-
1575 1162 1616 1206 si
1638 1165 1728 1218 quis
1742 1165 1820 1207 &c-

1364 1226 1514 1266 Datum
1543 1224 1734 1266 Laterani
1751 1224 1889 1266 Idibus
1911 1220 2231 1282 Maji‚1>ontifi2

1243 1283 1360 1330 cattis
1374 1283 1502 1325 nostri
1519 1284 1641 1325 Anno
1654 1283 1847 1326 Secundo
1857 1310 1869 1323 .

1304 1402 1513 1463 Speculum
1527 1402 1852 1447 Minontrabla.
1867 1401 2234 1458 Wadd1‘ng.nm.4.'

1365 1464 1514 1506 Annal.
1513 1459 1625 1518 fol.4
1629 1474 1648 1516 3
1658 1475 1678 1516 3
1686 1488 1699 1501 .

1246 1704 1486 1757 Fratribus
1506 1698 1772 1770 Minoribus
1802 1700 1849 1750 in
1868 1699 2020 1751 Miffis
2039 1700 2234 1769 privatis

1315 1776 1393 1829 seu
1423 1778 1595 1828 votivis
1613 1772 1670 1823 de
1703 1773 1883 1842 Spiritu
1917 1772 2087 1824 Sanfio
2107 1809 2121 1830 ,
2159 1771 2238 1821 vel

1313 1849 1373 1900 de
1393 1850 1647 1917 B.Virgine
1665 1845 1897 1911 hymnum
1925 1845 2231 1914 Angelicum,

1320 1921 1400 1972 seu
1432 1920 1587 1971 Gloria
1619 1921 1665 1967 in
1698 1915 1874 1983 exceffis
1902 1914 2056 1965 diccrc
2083 1910 2231 1963 indul-

1317 2008 1401 2065 get
1415 2030 1430 2045 .

1311 2123 1739 2169 ALEXANDER
1778 2117 2160 2172 EPISCOPUS

1428 2234 1605 2271 suavus
1640 2233 1898 2275 Senvoaun
1933 2237 2047 2276 Det-⁴

1246 2344 1415 2392 Dilems
1434 2341 1552 2389 min
1567 2372 1583 2395 ‚
1602 2342 1797 2399 ministris
1830 2346 2165 2395 movim-imbus,
2181 2346 2231 2400 ἃ

1321 2403 1542 2451 fratribus
1572 2403 1761 2458 univi-»fis
1788 2407 1946 2447 Ordt'nis
1966 2409 2166 2450 Fratrum

1399 2467 1611 2510 Minorunu
1626 2460 1823 2517 ,filutem
1852 2464 1908 2515 ό·
1926 2463 2086 2523 Aposto-

1498 2523 1616 2565 ticam
1642 2521 1958 2566 Beni-aimonem
1970 2552 1982 2564 .

1346 2642 1454 2690 Rem
1482 2644 1594 2702 gravi
1623 2647 1738 2690 orbis
1752 2644 2025 2698 sarcina,sub
2056 2643 2238 2700 imposita

1368 2706 1602 2748 necestitate
1623 2707 1833 2763 pastoralis
1860 2705 1984 2748 officii
2002 2734 2017 2757 ‚
2044 2705 2143 2747 dum
2159 2716 2235 2759 pro

1246 2767 1456 2811 communi
1485 2764 1614 2809 salute
1642 2763 1823 2810 fidelium
1851 2768 1890 2809 in
1909 2763 2121 2808 commisso
2148 2766 2237 2805 Νο-

1248 2826 1311 2869 bis
1328 2826 1552 2868 ministerio
1581 2825 1821 2882 satagimus,
1851 2839 1944 2868 cum
1964 2828 2136 2868 Manna
2158 2820 2236 2864 {bl-

1248 2885 1467 2929 licitudine
1487 2888 1600 2928 circa
1618 2887 1791 2941 plurima
1824 2882 2049 2928 forinsecus
2063 2893 2236 2926 contur-

1248 2946 1423 2997 bamur,
1441 2947 1498 2988 ita
1529 2958 1572 2988 ut
1589 2947 1722 2990 Nobis
1740 2948 1806 2987 vix
1831 2945 1914 2986 diei
1944 2945 2090 2986 horam
2121 2939 2239 3000 poili·

1248 3020 1336 3049 mus
1353 3004 1563 3061 subripere
1578 3034 1592 3056 ‚
1607 3019 1685 3062 qua
1710 3003 1955 3047 intrinsecus
1972 3004 2098 3046 beatae
2113 3001 2234 3059 quie-

1249 3066 1302 3109 tis
1329 3079 1519 3108 vacemus
1545 3067 1640 3108 ocio
1679 3064 1729 3107 ad
1758 3063 1885 3120 pedes
1913 3063 2075 3107 Domini
2101 3074 2232 3104 cum..

1248 3127 1410 3178 Μανίας
1426 3135 1597 3182 propter
1612 3125 1724 3180 quod
1748 3123 1881 3181 juvari
1896 3123 1974 3180 piis
1988 3122 2233 3166 devotarum

1248 3188 1484 3227 orationum
1511 3184 1705 3240 suffragiis
1736 3181 2228 3240 plurimumindigemus.

1248 3245 1342 3287 Hoc
1370 3243 1567 3300 liquidem
1599 3243 1736 3286 dilecti
1767 3243 1862 3286 Filii
1894 3241 2161 3287 parisienses,
2189 3237 2233 3278 &

1252 3302 1650 3360 quamplurimorum
1692 3303 1875 3345 locorum
1909 3304 2072 3344 Fratres
2115 3294 2233 3340 vestri

1252 3364 1423 3408 Ordinis
1437 3393 1452 3414 ‚
1469 3374 1661 3420 tanquam
1687 3362 1920 3404 devotionis
1938 3360 2059 3410 Filii,
2084 3357 2138 3398 de
2156 3357 2235 3400 Pa-

1255 3424 1328 3467 tris
1366 3422 1488 3466 vestri
1514 3423 1641 3466 salute
1667 3420 1845 3464 sollicite
1868 3419 2134 3463 attendentes
2158 3415 2232 3458 ssa-

1254 3493 1426 3528 tuerunt
1440 3512 1453 3534 ‚
1469 3492 1512 3524 ut
1528 3482 1712 3540 qualibet
1726 3480 1979 3524 hebdomada
1992 3477 2136 3534 finguli
2158 3489 2230 3517 eo-

1251 3558 1342 3588 rum
1369 3542 1609 3587 Sacerdotes
1637 3555 1757 3584 unam
1797 3539 1952 3582 Miffam
1982 3538 2036 3582 de
2074 3536 2230 3593 Spiritu

1250 3604 1425 3654 saneto,
1455 3602 1519 3645 vel
1548 3603 1600 3644 de
1625 3603 1667 3643 B.
1688 3600 1861 3655 Virgine
1886 3600 1927 3642 in
1957 3600 2118 3653 privato
2143 3624 2156 3646 ,
2187 3596 2228 3635 &

1248 3666 1493 3706 Conventus
1509 3673 1623 3704 totus
1647 3658 1911 3712 solemniter,
1939 3661 1979 3701 &
2007 3672 2083 3715 pro
2097 3654 2228 3699 nostra

1244 3720 1375 3765 salute
1390 3751 1405 3773 ‚
1418 3735 1463 3762 ac
1478 3721 1630 3768 nostre,
1649 3720 1691 3761 &
1709 3719 1897 3763 Ecclefiae
1916 3722 2027 3762 bono
2042 3721 2143 3760 statu
2156 3726 2226 3755 ce·

1243 3781 1409 3824 lebrent
1425 3807 1440 3829 ,
1462 3781 1502 3821 81
1526 3780 1627 3822 alias
1657 3788 1898 3822 caeterarum
1923 3781 2154 3819 orationum
2171 3770 2227 3810 sa.

1240 3839 1409 3883 crificiis
1435 3840 1540 3894 apud
1584 3842 1749 3883 Patrem
1789 3839 1988 3880 luminum
2030 3827 2224 3884 interpel-

338 3893 379 3933 &
403 3891 610 3945 honestum
637 3929 653 3956 ,
678 3907 764 3944 tam
793 3899 916 3953 vigor
942 3899 1175 3957 aequitatisa
1236 3899 1350 3946 lent.
1371 3900 1492 3946 Unde
1508 3903 1599 3945 Nos
1614 3900 1655 3943 in
1672 3901 1748 3941 hac
1778 3909 1892 3954 parte
1906 3895 2083 3952 ipsorum
2098 3890 2224 3929 devo-

314 3954 421 3996 Tom0
433 3949 498 3998 Vt.

1686 3960 1722 4002 E
1753 3971 1776 4002 2
2082 3948 2161 4001 150⁹
