<?xml version="1.0" encoding="UTF-8"?>
<!DOCTYPE html PUBLIC "-//W3C//DTD XHTML 1.0 Transitional//EN"
    "http://www.w3.org/TR/xhtml1/DTD/xhtml1-transitional.dtd">
<html xmlns="http://www.w3.org/1999/xhtml" xml:lang="en" lang="en">
 <head>
  <title>
</title>
<meta http-equiv="Content-Type" content="text/html;charset=utf-8" />
  <meta name='ocr-system' content='tesseract 3.04.00' />
  <meta name='ocr-capabilities' content='ocr_page ocr_carea ocr_par ocr_line ocrx_word'/>
</head>
<body>
  <div class='ocr_page' id='page_1' title='image "./bullariumordinis06cath_0564.png"; bbox 0 0 2444 4192; ppageno 0'>
   <div class='ocr_carea' id='block_1_1' title="bbox 287 248 450 335">
    <p class='ocr_par' dir='ltr' id='par_1_1' title="bbox 287 248 450 335">
     <span class='ocr_line' id='line_1_1' title="bbox 287 248 450 335; baseline -0.018 0"><span class='ocrx_word' id='word_1_1' title='bbox 287 248 450 335; x_wconf 72' lang='lat'>542</span> 
     </span>
    </p>
   </div>
   <div class='ocr_carea' id='block_1_2' title="bbox 196 370 1190 1496">
    <p class='ocr_par' dir='ltr' id='par_1_2' title="bbox 213 370 1190 489">
     <span class='ocr_line' id='line_1_2' title="bbox 213 370 1190 431; baseline -0.001 -13"><span class='ocrx_word' id='word_1_2' title='bbox 213 385 435 418; x_wconf 87' lang='lat' dir='ltr'>evocatum</span> <span class='ocrx_word' id='word_1_3' title='bbox 447 372 679 425; x_wconf 63' lang='lat' dir='ltr'>occiderit}</span> <span class='ocrx_word' id='word_1_4' title='bbox 700 370 976 415; x_wconf 82' lang='lat' dir='ltr'>verberaverit</span> <span class='ocrx_word' id='word_1_5' title='bbox 992 403 1009 426; x_wconf 90' lang='lat'>,</span> <span class='ocrx_word' id='word_1_6' title='bbox 1026 374 1190 431; x_wconf 73' lang='lat' dir='ltr'>dejece-</span> 
     </span>
     <span class='ocr_line' id='line_1_3' title="bbox 214 431 749 489; baseline -0.007 -13"><span class='ocrx_word' id='word_1_7' title='bbox 214 435 271 476; x_wconf 85' lang='lat' dir='ltr'>rit</span> <span class='ocrx_word' id='word_1_8' title='bbox 282 461 300 483; x_wconf 91' lang='lat'>‚</span> <span class='ocrx_word' id='word_1_9' title='bbox 315 434 379 475; x_wconf 89' lang='lat' dir='ltr'>seu</span> <span class='ocrx_word' id='word_1_10' title='bbox 395 431 724 489; x_wconf 87' lang='lat' dir='ltr'>perterrefecerit</span> <span class='ocrx_word' id='word_1_11' title='bbox 737 458 749 469; x_wconf 83' lang='lat'><strong>·</strong></span> 
     </span>
    </p>

    <p class='ocr_par' dir='ltr' id='par_1_3' title="bbox 197 489 1189 1364">
     <span class='ocr_line' id='line_1_4' title="bbox 337 489 1188 551; baseline 0.001 -17"><span class='ocrx_word' id='word_1_12' title='bbox 337 494 476 551; x_wconf 76' lang='lat' dir='ltr'>Qve</span> <span class='ocrx_word' id='word_1_13' title='bbox 498 493 697 536; x_wconf 84' lang='lat' dir='ltr'>Ecclefias</span> <span class='ocrx_word' id='word_1_14' title='bbox 710 520 726 541; x_wconf 94' lang='lat'>,</span> <span class='ocrx_word' id='word_1_15' title='bbox 751 489 884 540; x_wconf 73' lang='lat' dir='ltr'>aedeS,</span> <span class='ocrx_word' id='word_1_16' title='bbox 917 491 1063 536; x_wconf 89' lang='lat' dir='ltr'>aliasve</span> <span class='ocrx_word' id='word_1_17' title='bbox 1093 507 1156 536; x_wconf 86' lang='lat' dir='ltr'>res</span> <span class='ocrx_word' id='word_1_18' title='bbox 1173 521 1188 545; x_wconf 89' lang='lat'>,</span> 
     </span>
     <span class='ocr_line' id='line_1_5' title="bbox 216 549 1189 608; baseline 0 -15"><span class='ocrx_word' id='word_1_19' title='bbox 216 549 300 594; x_wconf 89' lang='lat' dir='ltr'>five</span> <span class='ocrx_word' id='word_1_20' title='bbox 312 555 495 608; x_wconf 81' lang='lat' dir='ltr'>publicas</span> <span class='ocrx_word' id='word_1_21' title='bbox 508 581 523 604; x_wconf 85' lang='lat'>,</span> <span class='ocrx_word' id='word_1_22' title='bbox 538 554 617 594; x_wconf 83' lang='lat' dir='ltr'>five</span> <span class='ocrx_word' id='word_1_23' title='bbox 629 553 806 606; x_wconf 86' lang='lat' dir='ltr'>privatas</span> <span class='ocrx_word' id='word_1_24' title='bbox 819 549 956 593; x_wconf 87' lang='lat' dir='ltr'>Officii</span> <span class='ocrx_word' id='word_1_25' title='bbox 975 563 1046 595; x_wconf 89' lang='lat' dir='ltr'>aut</span> <span class='ocrx_word' id='word_1_26' title='bbox 1063 554 1189 596; x_wconf 83' lang='lat' dir='ltr'>Mini-</span> 
     </span>
     <span class='ocr_line' id='line_1_6' title="bbox 216 607 1188 667; baseline 0.003 -16"><span class='ocrx_word' id='word_1_27' title='bbox 216 610 395 654; x_wconf 80' lang='lat' dir='ltr'>ssrorum</span> <span class='ocrx_word' id='word_1_28' title='bbox 413 610 737 667; x_wconf 79' lang='lat' dir='ltr'>expugnaverit,</span> <span class='ocrx_word' id='word_1_29' title='bbox 752 607 941 653; x_wconf 80' lang='lat' dir='ltr'>invaserit</span> <span class='ocrx_word' id='word_1_30' title='bbox 953 637 968 660; x_wconf 92' lang='lat'>,</span> <span class='ocrx_word' id='word_1_31' title='bbox 995 612 1188 656; x_wconf 86' lang='lat' dir='ltr'>incende-</span> 
     </span>
     <span class='ocr_line' id='line_1_7' title="bbox 213 667 1188 726; baseline 0.002 -15"><span class='ocrx_word' id='word_1_32' title='bbox 213 670 269 711; x_wconf 81' lang='lat' dir='ltr'>rit</span> <span class='ocrx_word' id='word_1_33' title='bbox 283 698 299 722; x_wconf 84' lang='lat'>‚</span> <span class='ocrx_word' id='word_1_34' title='bbox 311 669 553 726; x_wconf 82' lang='lat' dir='ltr'>expilaverit</span> <span class='ocrx_word' id='word_1_35' title='bbox 566 698 581 720; x_wconf 87' lang='lat'>‚</span> <span class='ocrx_word' id='word_1_36' title='bbox 593 679 663 711; x_wconf 92' lang='lat' dir='ltr'>aut</span> <span class='ocrx_word' id='word_1_37' title='bbox 678 667 805 712; x_wconf 86' lang='lat' dir='ltr'>libros</span> <span class='ocrx_word' id='word_1_38' title='bbox 818 697 834 721; x_wconf 86' lang='lat'>,</span> <span class='ocrx_word' id='word_1_39' title='bbox 847 668 1009 714; x_wconf 80' lang='lat' dir='ltr'>litteras</span> <span class='ocrx_word' id='word_1_40' title='bbox 1022 698 1038 722; x_wconf 86' lang='lat'>,</span> <span class='ocrx_word' id='word_1_41' title='bbox 1051 675 1188 713; x_wconf 65' lang='lat' dir='ltr'>aut‘to·</span> 
     </span>
     <span class='ocr_line' id='line_1_8' title="bbox 212 729 1185 785; baseline 0.001 -15"><span class='ocrx_word' id='word_1_42' title='bbox 212 730 357 771; x_wconf 83' lang='lat' dir='ltr'>ritates</span> <span class='ocrx_word' id='word_1_43' title='bbox 368 729 636 785; x_wconf 83' lang='lat' dir='ltr'>,exemplaria</span> <span class='ocrx_word' id='word_1_44' title='bbox 648 754 663 776; x_wconf 93' lang='lat'>,</span> <span class='ocrx_word' id='word_1_45' title='bbox 677 729 913 782; x_wconf 84' lang='lat' dir='ltr'>protocolla</span> <span class='ocrx_word' id='word_1_46' title='bbox 926 759 944 782; x_wconf 88' lang='lat'>,</span> <span class='ocrx_word' id='word_1_47' title='bbox 969 731 1155 785; x_wconf 81' lang='lat' dir='ltr'>exempla</span> <span class='ocrx_word' id='word_1_48' title='bbox 1170 760 1185 782; x_wconf 89' lang='lat'><strong>‚</strong></span> 
     </span>
     <span class='ocr_line' id='line_1_9' title="bbox 208 786 1185 844; baseline 0.004 -17"><span class='ocrx_word' id='word_1_49' title='bbox 208 786 427 844; x_wconf 86' lang='lat' dir='ltr'>scripturas</span> <span class='ocrx_word' id='word_1_50' title='bbox 441 818 457 841; x_wconf 91' lang='lat'>‚</span> <span class='ocrx_word' id='word_1_51' title='bbox 471 788 606 831; x_wconf 82' lang='lat' dir='ltr'>aliave</span> <span class='ocrx_word' id='word_1_52' title='bbox 619 787 882 831; x_wconf 88' lang='lat' dir='ltr'>instrumenta</span> <span class='ocrx_word' id='word_1_53' title='bbox 896 820 912 841; x_wconf 88' lang='lat'>,</span> <span class='ocrx_word' id='word_1_54' title='bbox 926 789 1007 832; x_wconf 88' lang='lat' dir='ltr'>five</span> <span class='ocrx_word' id='word_1_55' title='bbox 1024 790 1185 844; x_wconf 81' lang='lat' dir='ltr'>publica</span> 
     </span>
     <span class='ocr_line' id='line_1_10' title="bbox 210 845 1184 903; baseline 0.001 -15"><span class='ocrx_word' id='word_1_56' title='bbox 210 845 292 890; x_wconf 80' lang='lat' dir='ltr'>five</span> <span class='ocrx_word' id='word_1_57' title='bbox 314 847 471 903; x_wconf 88' lang='lat' dir='ltr'>privata</span> <span class='ocrx_word' id='word_1_58' title='bbox 481 873 497 896; x_wconf 89' lang='lat'>,</span> <span class='ocrx_word' id='word_1_59' title='bbox 511 848 742 902; x_wconf 89' lang='lat' dir='ltr'>ubicunque</span> <span class='ocrx_word' id='word_1_60' title='bbox 755 845 896 903; x_wconf 90' lang='lat' dir='ltr'>pofita,</span> <span class='ocrx_word' id='word_1_61' title='bbox 908 847 1184 899; x_wconf 80' lang='lat' dir='ltr'>combusserit,</span> 
     </span>
     <span class='ocr_line' id='line_1_11' title="bbox 205 905 1184 961; baseline 0.003 -15"><span class='ocrx_word' id='word_1_62' title='bbox 205 905 421 961; x_wconf 79' lang='lat' dir='ltr'>diripuerit</span> <span class='ocrx_word' id='word_1_63' title='bbox 436 936 451 957; x_wconf 92' lang='lat'>‚</span> <span class='ocrx_word' id='word_1_64' title='bbox 466 906 830 950; x_wconf 89' lang='lat' dir='ltr'>seuinterverterit</span> <span class='ocrx_word' id='word_1_65' title='bbox 846 935 863 958; x_wconf 85' lang='lat'>‚</span> <span class='ocrx_word' id='word_1_66' title='bbox 888 909 953 951; x_wconf 88' lang='lat' dir='ltr'>seu</span> <span class='ocrx_word' id='word_1_67' title='bbox 977 909 1184 951; x_wconf 85' lang='lat' dir='ltr'>exincen-</span> 
     </span>
     <span class='ocr_line' id='line_1_12' title="bbox 202 964 1181 1024; baseline 0.007 -19"><span class='ocrx_word' id='word_1_68' title='bbox 202 964 278 1006; x_wconf 90' lang='lat' dir='ltr'>dio</span> <span class='ocrx_word' id='word_1_69' title='bbox 291 993 305 1015; x_wconf 91' lang='lat'>,</span> <span class='ocrx_word' id='word_1_70' title='bbox 329 974 398 1007; x_wconf 86' lang='lat' dir='ltr'>aut</span> <span class='ocrx_word' id='word_1_71' title='bbox 412 966 644 1022; x_wconf 84' lang='lat' dir='ltr'>direptione</span> <span class='ocrx_word' id='word_1_72' title='bbox 659 995 675 1018; x_wconf 90' lang='lat'>‚</span> <span class='ocrx_word' id='word_1_73' title='bbox 708 975 780 1009; x_wconf 91' lang='lat' dir='ltr'>aut</span> <span class='ocrx_word' id='word_1_74' title='bbox 795 965 880 1008; x_wconf 88' lang='lat' dir='ltr'>alio</span> <span class='ocrx_word' id='word_1_75' title='bbox 891 981 1181 1024; x_wconf 65' lang='lat' dir='ltr'>quocunque-³</span> 
     </span>
     <span class='ocr_line' id='line_1_13' title="bbox 203 1023 1182 1083; baseline 0.003 -18"><span class='ocrx_word' id='word_1_76' title='bbox 203 1024 333 1066; x_wconf 87' lang='lat' dir='ltr'>modo</span> <span class='ocrx_word' id='word_1_77' title='bbox 345 1051 360 1074; x_wconf 90' lang='lat'>,</span> <span class='ocrx_word' id='word_1_78' title='bbox 375 1023 445 1066; x_wconf 90' lang='lat' dir='ltr'>illa</span> <span class='ocrx_word' id='word_1_79' title='bbox 458 1026 737 1081; x_wconf 84' lang='lat' dir='ltr'>exportaverit</span> <span class='ocrx_word' id='word_1_80' title='bbox 749 1054 764 1077; x_wconf 86' lang='lat'>,</span> <span class='ocrx_word' id='word_1_81' title='bbox 787 1024 870 1077; x_wconf 84' lang='lat' dir='ltr'>sen,</span> <span class='ocrx_word' id='word_1_82' title='bbox 883 1027 951 1083; x_wconf 92' lang='lat' dir='ltr'>qui</span> <span class='ocrx_word' id='word_1_83' title='bbox 971 1028 1014 1069; x_wconf 90' lang='lat' dir='ltr'>in</span> <span class='ocrx_word' id='word_1_84' title='bbox 1030 1027 1182 1068; x_wconf 88' lang='lat' dir='ltr'>confla-</span> 
     </span>
     <span class='ocr_line' id='line_1_14' title="bbox 202 1083 1180 1141; baseline 0.002 -16"><span class='ocrx_word' id='word_1_85' title='bbox 202 1083 393 1139; x_wconf 89' lang='lat' dir='ltr'>gratione</span> <span class='ocrx_word' id='word_1_86' title='bbox 417 1110 432 1132; x_wconf 89' lang='lat'>,</span> <span class='ocrx_word' id='word_1_87' title='bbox 457 1086 752 1141; x_wconf 81' lang='lat' dir='ltr'>expugnatione</span> <span class='ocrx_word' id='word_1_88' title='bbox 779 1110 795 1132; x_wconf 92' lang='lat'>,</span> <span class='ocrx_word' id='word_1_89' title='bbox 824 1094 894 1128; x_wconf 89' lang='lat' dir='ltr'>aut</span> <span class='ocrx_word' id='word_1_90' title='bbox 919 1084 1150 1141; x_wconf 87' lang='lat' dir='ltr'>direptione</span> <span class='ocrx_word' id='word_1_91' title='bbox 1165 1111 1180 1133; x_wconf 95' lang='lat'>,</span> 
     </span>
     <span class='ocr_line' id='line_1_15' title="bbox 200 1143 1187 1199; baseline 0 -14"><span class='ocrx_word' id='word_1_92' title='bbox 200 1144 322 1186; x_wconf 87' lang='lat' dir='ltr'>ctiam</span> <span class='ocrx_word' id='word_1_93' title='bbox 337 1144 501 1187; x_wconf 89' lang='lat' dir='ltr'>inermis</span> <span class='ocrx_word' id='word_1_94' title='bbox 514 1172 530 1195; x_wconf 92' lang='lat'>,</span> <span class='ocrx_word' id='word_1_95' title='bbox 553 1145 635 1186; x_wconf 88' lang='lat' dir='ltr'>five</span> <span class='ocrx_word' id='word_1_96' title='bbox 650 1144 840 1199; x_wconf 88' lang='lat' dir='ltr'>capiendi</span> <span class='ocrx_word' id='word_1_97' title='bbox 856 1173 873 1194; x_wconf 91' lang='lat'>,</span> <span class='ocrx_word' id='word_1_98' title='bbox 899 1143 979 1188; x_wconf 91' lang='lat' dir='ltr'>five</span> <span class='ocrx_word' id='word_1_99' title='bbox 1005 1144 1187 1194; x_wconf 46' lang='lat' dir='ltr'>combuz</span> 
     </span>
     <span class='ocr_line' id='line_1_16' title="bbox 198 1200 1184 1260; baseline 0.003 -16"><span class='ocrx_word' id='word_1_100' title='bbox 198 1202 316 1245; x_wconf 82' lang='lat' dir='ltr'>rendi</span> <span class='ocrx_word' id='word_1_101' title='bbox 329 1230 344 1252; x_wconf 94' lang='lat'>,</span> <span class='ocrx_word' id='word_1_102' title='bbox 369 1204 448 1245; x_wconf 88' lang='lat' dir='ltr'>five</span> <span class='ocrx_word' id='word_1_103' title='bbox 464 1200 738 1260; x_wconf 88' lang='lat' dir='ltr'>supprimendi</span> <span class='ocrx_word' id='word_1_104' title='bbox 755 1201 871 1245; x_wconf 89' lang='lat' dir='ltr'>causa</span> <span class='ocrx_word' id='word_1_105' title='bbox 887 1200 1011 1246; x_wconf 82' lang='lat' dir='ltr'>suerit</span> <span class='ocrx_word' id='word_1_106' title='bbox 1027 1229 1042 1251; x_wconf 94' lang='lat'>,</span> <span class='ocrx_word' id='word_1_107' title='bbox 1066 1202 1184 1247; x_wconf 63' lang='lat' dir='ltr'>five-³</span> 
     </span>
     <span class='ocr_line' id='line_1_17' title="bbox 197 1259 1185 1321; baseline 0 -18"><span class='ocrx_word' id='word_1_108' title='bbox 197 1276 269 1303; x_wconf 83' lang='lat' dir='ltr'>res</span> <span class='ocrx_word' id='word_1_109' title='bbox 284 1291 299 1314; x_wconf 88' lang='lat'>,</span> <span class='ocrx_word' id='word_1_110' title='bbox 322 1272 392 1306; x_wconf 88' lang='lat' dir='ltr'>aut</span> <span class='ocrx_word' id='word_1_111' title='bbox 406 1261 594 1319; x_wconf 77' lang='lat' dir='ltr'>personas</span> <span class='ocrx_word' id='word_1_112' title='bbox 614 1259 761 1307; x_wconf 84' lang='lat' dir='ltr'>servari</span> <span class='ocrx_word' id='word_1_113' title='bbox 773 1287 788 1311; x_wconf 88' lang='lat'>,</span> <span class='ocrx_word' id='word_1_114' title='bbox 802 1260 1022 1305; x_wconf 85' lang='lat' dir='ltr'>defendive</span> <span class='ocrx_word' id='word_1_115' title='bbox 1043 1262 1185 1321; x_wconf 87' lang='lat' dir='ltr'>prohi-</span> 
     </span>
     <span class='ocr_line' id='line_1_18' title="bbox 203 1321 368 1364; baseline -0.006 0"><span class='ocrx_word' id='word_1_116' title='bbox 203 1321 340 1364; x_wconf 88' lang='lat' dir='ltr'>buerit</span> <span class='ocrx_word' id='word_1_117' title='bbox 355 1352 368 1363; x_wconf 90' lang='lat'><em>.</em></span> 
     </span>
    </p>

    <p class='ocr_par' dir='ltr' id='par_1_4' title="bbox 196 1379 1180 1496">
     <span class='ocr_line' id='line_1_19' title="bbox 316 1379 1180 1440; baseline -0.002 -17"><span class='ocrx_word' id='word_1_118' title='bbox 316 1380 454 1440; x_wconf 85' lang='lat' dir='ltr'>ine</span> <span class='ocrx_word' id='word_1_119' title='bbox 463 1394 674 1424; x_wconf 78' lang='lat' dir='ltr'>carcerem</span> <span class='ocrx_word' id='word_1_120' title='bbox 686 1410 703 1434; x_wconf 83' lang='lat'>‚</span> <span class='ocrx_word' id='word_1_121' title='bbox 722 1388 792 1424; x_wconf 89' lang='lat' dir='ltr'>aut</span> <span class='ocrx_word' id='word_1_122' title='bbox 805 1379 925 1425; x_wconf 84' lang='lat' dir='ltr'>aliam</span> <span class='ocrx_word' id='word_1_123' title='bbox 938 1379 1180 1431; x_wconf 75' lang='lat' dir='ltr'>custodiam,</span> 
     </span>
     <span class='ocr_line' id='line_1_20' title="bbox 196 1439 1180 1496; baseline -0.002 -14"><span class='ocrx_word' id='word_1_124' title='bbox 196 1439 264 1482; x_wconf 88' lang='lat' dir='ltr'>scu</span> <span class='ocrx_word' id='word_1_125' title='bbox 278 1442 483 1496; x_wconf 86' lang='lat' dir='ltr'>publicam</span> <span class='ocrx_word' id='word_1_126' title='bbox 497 1467 513 1492; x_wconf 91' lang='lat'>,</span> <span class='ocrx_word' id='word_1_127' title='bbox 524 1439 589 1483; x_wconf 92' lang='lat' dir='ltr'>seu</span> <span class='ocrx_word' id='word_1_128' title='bbox 606 1441 811 1496; x_wconf 86' lang='lat' dir='ltr'>privatam</span> <span class='ocrx_word' id='word_1_129' title='bbox 825 1439 1037 1495; x_wconf 84' lang='lat' dir='ltr'>effregerit</span> <span class='ocrx_word' id='word_1_130' title='bbox 1058 1468 1072 1491; x_wconf 87' lang='lat'>,</span> <span class='ocrx_word' id='word_1_131' title='bbox 1087 1439 1180 1481; x_wconf 89' lang='lat' dir='ltr'>vin-</span> 
     </span>
    </p>
   </div>
   <div class='ocr_carea' id='block_1_3' title="bbox 197 1499 1181 1615">
    <p class='ocr_par' dir='ltr' id='par_1_5' title="bbox 197 1499 1181 1615">
     <span class='ocr_line' id='line_1_21' title="bbox 198 1499 1181 1551; baseline -0.005 -11"><span class='ocrx_word' id='word_1_132' title='bbox 198 1502 307 1542; x_wconf 68' lang='lat' dir='ltr'>ctum</span> <span class='ocrx_word' id='word_1_133' title='bbox 319 1499 544 1542; x_wconf 79' lang='lat' dir='ltr'>extraxerit</span> <span class='ocrx_word' id='word_1_134' title='bbox 557 1525 572 1547; x_wconf 94' lang='lat'>,</span> <span class='ocrx_word' id='word_1_135' title='bbox 586 1513 635 1540; x_wconf 89' lang='lat' dir='ltr'>ca</span> <span class='ocrx_word' id='word_1_136' title='bbox 668 1508 806 1542; x_wconf 86' lang='lat' dir='ltr'>tumve</span> <span class='ocrx_word' id='word_1_137' title='bbox 818 1499 1017 1551; x_wconf 87' lang='lat' dir='ltr'>eripuerit</span> <span class='ocrx_word' id='word_1_138' title='bbox 1030 1522 1046 1543; x_wconf 90' lang='lat'>,</span> <span class='ocrx_word' id='word_1_139' title='bbox 1065 1510 1181 1537; x_wconf 86' lang='lat' dir='ltr'>rece-</span> 
     </span>
     <span class='ocr_line' id='line_1_22' title="bbox 197 1550 1180 1615; baseline -0.008 -15"><span class='ocrx_word' id='word_1_140' title='bbox 197 1559 310 1615; x_wconf 81' lang='lat' dir='ltr'>perit</span> <span class='ocrx_word' id='word_1_141' title='bbox 324 1586 339 1608; x_wconf 90' lang='lat'>,</span> <span class='ocrx_word' id='word_1_142' title='bbox 352 1557 582 1601; x_wconf 82' lang='lat' dir='ltr'>occuluerit</span> <span class='ocrx_word' id='word_1_143' title='bbox 593 1582 609 1603; x_wconf 89' lang='lat'>,</span> <span class='ocrx_word' id='word_1_144' title='bbox 641 1568 689 1594; x_wconf 91' lang='lat' dir='ltr'>eu</span> <span class='ocrx_word' id='word_1_145' title='bbox 706 1554 948 1594; x_wconf 81' lang='lat' dir='ltr'>facultatem</span> <span class='ocrx_word' id='word_1_146' title='bbox 964 1550 1180 1605; x_wconf 82' lang='lat' dir='ltr'>effugiendi</span> 
     </span>
    </p>
   </div>
   <div class='ocr_carea' id='block_1_4' title="bbox 189 1607 1180 3744">
    <p class='ocr_par' dir='ltr' id='par_1_6' title="bbox 189 1607 1180 3196">
     <span class='ocr_line' id='line_1_23' title="bbox 199 1607 1179 1667; baseline -0.01 -9"><span class='ocrx_word' id='word_1_147' title='bbox 199 1616 386 1661; x_wconf 85' lang='lat' dir='ltr'>dederit,</span> <span class='ocrx_word' id='word_1_148' title='bbox 412 1612 481 1655; x_wconf 89' lang='lat' dir='ltr'>seu</span> <span class='ocrx_word' id='word_1_149' title='bbox 505 1607 660 1667; x_wconf 80' lang='lat' dir='ltr'>jufferit</span> <span class='ocrx_word' id='word_1_150' title='bbox 688 1610 729 1653; x_wconf 89' lang='lat' dir='ltr'>id</span> <span class='ocrx_word' id='word_1_151' title='bbox 752 1608 865 1652; x_wconf 85' lang='lat' dir='ltr'>fieri:</span> <span class='ocrx_word' id='word_1_152' title='bbox 892 1608 962 1666; x_wconf 90' lang='lat' dir='ltr'>qui</span> <span class='ocrx_word' id='word_1_153' title='bbox 988 1617 1147 1650; x_wconf 87' lang='lat' dir='ltr'>coetum</span> <span class='ocrx_word' id='word_1_154' title='bbox 1163 1634 1179 1657; x_wconf 89' lang='lat'>,</span> 
     </span>
     <span class='ocr_line' id='line_1_24' title="bbox 199 1667 1178 1727; baseline -0.004 -12"><span class='ocrx_word' id='word_1_155' title='bbox 199 1667 523 1727; x_wconf 82' lang='lat' dir='ltr'>concursumque</span> <span class='ocrx_word' id='word_1_156' title='bbox 539 1669 685 1712; x_wconf 84' lang='lat' dir='ltr'>fecerit</span> <span class='ocrx_word' id='word_1_157' title='bbox 702 1697 716 1721; x_wconf 85' lang='lat'>‚</span> <span class='ocrx_word' id='word_1_158' title='bbox 736 1668 834 1722; x_wconf 84' lang='lat' dir='ltr'>five,</span> <span class='ocrx_word' id='word_1_159' title='bbox 847 1677 894 1712; x_wconf 90' lang='lat' dir='ltr'>ut</span> <span class='ocrx_word' id='word_1_160' title='bbox 906 1667 1061 1724; x_wconf 87' lang='lat' dir='ltr'>aliquid</span> <span class='ocrx_word' id='word_1_161' title='bbox 1077 1681 1178 1722; x_wconf 90' lang='lat' dir='ltr'>prae-</span> 
     </span>
     <span class='ocr_line' id='line_1_25' title="bbox 199 1726 1179 1777; baseline -0.004 -3"><span class='ocrx_word' id='word_1_162' title='bbox 199 1733 404 1774; x_wconf 70' lang='lat' dir='ltr'>dictorum</span> <span class='ocrx_word' id='word_1_163' title='bbox 428 1729 544 1772; x_wconf 88' lang='lat' dir='ltr'>fieret</span> <span class='ocrx_word' id='word_1_164' title='bbox 559 1755 574 1777; x_wconf 94' lang='lat'>,</span> <span class='ocrx_word' id='word_1_165' title='bbox 601 1728 786 1771; x_wconf 83' lang='lat' dir='ltr'>homines</span> <span class='ocrx_word' id='word_1_166' title='bbox 815 1726 1179 1777; x_wconf 89' lang='lat' dir='ltr'>accomodaverit,</span> 
     </span>
     <span class='ocr_line' id='line_1_26' title="bbox 199 1784 1179 1840; baseline -0.005 -6"><span class='ocrx_word' id='word_1_167' title='bbox 199 1791 282 1834; x_wconf 85' lang='lat' dir='ltr'>five</span> <span class='ocrx_word' id='word_1_168' title='bbox 296 1790 393 1834; x_wconf 69' lang='lat' dir='ltr'>alias</span> <span class='ocrx_word' id='word_1_169' title='bbox 405 1788 600 1833; x_wconf 85' lang='lat' dir='ltr'>auxilium</span> <span class='ocrx_word' id='word_1_170' title='bbox 614 1816 630 1840; x_wconf 88' lang='lat'>‚</span> <span class='ocrx_word' id='word_1_171' title='bbox 656 1787 869 1832; x_wconf 89' lang='lat' dir='ltr'>confilium</span> <span class='ocrx_word' id='word_1_172' title='bbox 885 1816 900 1840; x_wconf 88' lang='lat'>,</span> <span class='ocrx_word' id='word_1_173' title='bbox 912 1796 980 1829; x_wconf 90' lang='lat' dir='ltr'>aut</span> <span class='ocrx_word' id='word_1_174' title='bbox 995 1784 1179 1831; x_wconf 84' lang='lat' dir='ltr'>savorem</span> 
     </span>
     <span class='ocr_line' id='line_1_27' title="bbox 199 1845 1180 1907; baseline -0.004 -14"><span class='ocrx_word' id='word_1_175' title='bbox 199 1849 366 1907; x_wconf 74' lang='lat' dir='ltr'>publice</span> <span class='ocrx_word' id='word_1_176' title='bbox 382 1846 625 1892; x_wconf 72' lang='lat' dir='ltr'>velocculte</span> <span class='ocrx_word' id='word_1_177' title='bbox 640 1847 678 1890; x_wconf 92' lang='lat' dir='ltr'>in</span> <span class='ocrx_word' id='word_1_178' title='bbox 695 1847 880 1903; x_wconf 92' lang='lat' dir='ltr'>quolibet</span> <span class='ocrx_word' id='word_1_179' title='bbox 897 1845 1180 1904; x_wconf 72' lang='lat' dir='ltr'>praedietorum</span> 
     </span>
     <span class='ocr_line' id='line_1_28' title="bbox 199 1906 1178 1966; baseline -0.002 -14"><span class='ocrx_word' id='word_1_180' title='bbox 199 1908 374 1953; x_wconf 86' lang='lat' dir='ltr'>scienter</span> <span class='ocrx_word' id='word_1_181' title='bbox 385 1907 612 1966; x_wconf 65' lang='lat' dir='ltr'>praestiterit</span> <span class='ocrx_word' id='word_1_182' title='bbox 623 1936 640 1961; x_wconf 87' lang='lat'>,</span> <span class='ocrx_word' id='word_1_183' title='bbox 654 1907 755 1951; x_wconf 70' lang='lat' dir='ltr'>licet</span> <span class='ocrx_word' id='word_1_184' title='bbox 769 1920 893 1951; x_wconf 89' lang='lat' dir='ltr'>nemo</span> <span class='ocrx_word' id='word_1_185' title='bbox 904 1906 1060 1951; x_wconf 86' lang='lat' dir='ltr'>occisus</span> <span class='ocrx_word' id='word_1_186' title='bbox 1073 1936 1087 1958; x_wconf 88' lang='lat'>‚</span> <span class='ocrx_word' id='word_1_187' title='bbox 1103 1921 1178 1950; x_wconf 88' lang='lat' dir='ltr'>ne-</span> 
     </span>
     <span class='ocr_line' id='line_1_29' title="bbox 200 1964 1178 2019; baseline -0.006 -6"><span class='ocrx_word' id='word_1_188' title='bbox 200 1982 271 2013; x_wconf 89' lang='lat' dir='ltr'>mo</span> <span class='ocrx_word' id='word_1_189' title='bbox 284 1968 523 2012; x_wconf 86' lang='lat' dir='ltr'>verberatus</span> <span class='ocrx_word' id='word_1_190' title='bbox 536 1996 551 2019; x_wconf 89' lang='lat'>‚</span> <span class='ocrx_word' id='word_1_191' title='bbox 565 1980 689 2010; x_wconf 88' lang='lat' dir='ltr'>nemo</span> <span class='ocrx_word' id='word_1_192' title='bbox 699 1970 924 2018; x_wconf 69' lang='lat' dir='ltr'>extractus,</span> <span class='ocrx_word' id='word_1_193' title='bbox 936 1966 1095 2010; x_wconf 77' lang='lat' dir='ltr'>emissus</span> <span class='ocrx_word' id='word_1_194' title='bbox 1112 1964 1178 2008; x_wconf 89' lang='lat' dir='ltr'>vel</span> 
     </span>
     <span class='ocr_line' id='line_1_30' title="bbox 197 2024 1178 2086; baseline -0.005 -14"><span class='ocrx_word' id='word_1_195' title='bbox 197 2039 366 2086; x_wconf 88' lang='lat' dir='ltr'>ereptus</span> <span class='ocrx_word' id='word_1_196' title='bbox 383 2054 398 2077; x_wconf 90' lang='lat'>,</span> <span class='ocrx_word' id='word_1_197' title='bbox 408 2027 508 2070; x_wconf 87' lang='lat' dir='ltr'>nihil</span> <span class='ocrx_word' id='word_1_198' title='bbox 518 2035 796 2083; x_wconf 84' lang='lat' dir='ltr'>expugnatum</span> <span class='ocrx_word' id='word_1_199' title='bbox 808 2053 823 2077; x_wconf 94' lang='lat'>,</span> <span class='ocrx_word' id='word_1_200' title='bbox 837 2026 938 2070; x_wconf 88' lang='lat' dir='ltr'>nihil</span> <span class='ocrx_word' id='word_1_201' title='bbox 954 2024 1178 2078; x_wconf 52' lang='lat' dir='ltr'>effra‘tum,</span> 
     </span>
     <span class='ocr_line' id='line_1_31' title="bbox 196 2083 1176 2142; baseline 0 -12"><span class='ocrx_word' id='word_1_202' title='bbox 196 2083 426 2131; x_wconf 88' lang='lat' dir='ltr'>succensum</span> <span class='ocrx_word' id='word_1_203' title='bbox 441 2085 728 2142; x_wconf 88' lang='lat' dir='ltr'>direptumve,</span> <span class='ocrx_word' id='word_1_204' title='bbox 755 2086 914 2131; x_wconf 90' lang='lat' dir='ltr'>nullum</span> <span class='ocrx_word' id='word_1_205' title='bbox 939 2086 1176 2142; x_wconf 53' lang='lat' dir='ltr'>denique-s</span> 
     </span>
     <span class='ocr_line' id='line_1_32' title="bbox 194 2143 1176 2202; baseline -0.001 -13"><span class='ocrx_word' id='word_1_206' title='bbox 194 2146 391 2190; x_wconf 88' lang='lat' dir='ltr'>damnum</span> <span class='ocrx_word' id='word_1_207' title='bbox 409 2143 548 2202; x_wconf 88' lang='lat' dir='ltr'>reipsa</span> <span class='ocrx_word' id='word_1_208' title='bbox 563 2146 612 2188; x_wconf 84' lang='lat' dir='ltr'>fit</span> <span class='ocrx_word' id='word_1_209' title='bbox 627 2145 807 2190; x_wconf 83' lang='lat' dir='ltr'>secutum</span> <span class='ocrx_word' id='word_1_210' title='bbox 820 2160 834 2189; x_wconf 74' lang='lat' dir='ltr'>t</span> <span class='ocrx_word' id='word_1_211' title='bbox 859 2144 1128 2189; x_wconf 87' lang='lat' dir='ltr'>nihilominus</span> <span class='ocrx_word' id='word_1_212' title='bbox 1144 2145 1176 2188; x_wconf 84' lang='lat' dir='ltr'>is</span> 
     </span>
     <span class='ocr_line' id='line_1_33' title="bbox 191 2203 1175 2262; baseline -0.002 -14"><span class='ocrx_word' id='word_1_213' title='bbox 191 2205 240 2249; x_wconf 82' lang='lat' dir='ltr'>fit</span> <span class='ocrx_word' id='word_1_214' title='bbox 253 2206 514 2249; x_wconf 82' lang='lat' dir='ltr'>anathemate</span> <span class='ocrx_word' id='word_1_215' title='bbox 526 2203 729 2262; x_wconf 84' lang='lat' dir='ltr'>praesentis</span> <span class='ocrx_word' id='word_1_216' title='bbox 742 2205 926 2250; x_wconf 89' lang='lat' dir='ltr'>Canonis</span> <span class='ocrx_word' id='word_1_217' title='bbox 948 2205 1175 2249; x_wconf 68' lang='lat' dir='ltr'>auetorita-</span> 
     </span>
     <span class='ocr_line' id='line_1_34' title="bbox 190 2264 1175 2324; baseline -0.003 -16"><span class='ocrx_word' id='word_1_218' title='bbox 190 2275 235 2308; x_wconf 89' lang='lat' dir='ltr'>te</span> <span class='ocrx_word' id='word_1_219' title='bbox 250 2265 527 2322; x_wconf 87' lang='lat' dir='ltr'>ligatus,idcm</span> <span class='ocrx_word' id='word_1_220' title='bbox 542 2279 709 2323; x_wconf 87' lang='lat' dir='ltr'>quoque</span> <span class='ocrx_word' id='word_1_221' title='bbox 725 2264 819 2310; x_wconf 74' lang='lat' dir='ltr'>laesae</span> <span class='ocrx_word' id='word_1_222' title='bbox 830 2264 1052 2324; x_wconf 80' lang='lat' dir='ltr'>Majestatis</span> <span class='ocrx_word' id='word_1_223' title='bbox 1064 2276 1175 2315; x_wconf 87' lang='lat' dir='ltr'>reus,</span> 
     </span>
     <span class='ocr_line' id='line_1_35' title="bbox 191 2322 1173 2381; baseline -0.002 -13"><span class='ocrx_word' id='word_1_224' title='bbox 191 2326 377 2368; x_wconf 89' lang='lat' dir='ltr'>dominio</span> <span class='ocrx_word' id='word_1_225' title='bbox 401 2353 416 2377; x_wconf 92' lang='lat'>,</span> <span class='ocrx_word' id='word_1_226' title='bbox 440 2324 671 2381; x_wconf 81' lang='lat' dir='ltr'>dignitate,</span> <span class='ocrx_word' id='word_1_227' title='bbox 704 2326 857 2368; x_wconf 88' lang='lat' dir='ltr'>honore</span> <span class='ocrx_word' id='word_1_228' title='bbox 879 2353 895 2378; x_wconf 86' lang='lat'>,</span> <span class='ocrx_word' id='word_1_229' title='bbox 932 2322 1058 2368; x_wconf 90' lang='lat' dir='ltr'>seudo</span> <span class='ocrx_word' id='word_1_230' title='bbox 1076 2354 1092 2376; x_wconf 90' lang='lat'>,</span> <span class='ocrx_word' id='word_1_231' title='bbox 1125 2336 1173 2366; x_wconf 87' lang='lat' dir='ltr'>ac</span> 
     </span>
     <span class='ocr_line' id='line_1_36' title="bbox 191 2381 1173 2441; baseline -0.003 -12"><span class='ocrx_word' id='word_1_232' title='bbox 191 2397 454 2441; x_wconf 89' lang='lat' dir='ltr'>quocumque</span> <span class='ocrx_word' id='word_1_233' title='bbox 464 2385 548 2427; x_wconf 90' lang='lat' dir='ltr'>alio</span> <span class='ocrx_word' id='word_1_234' title='bbox 564 2381 768 2428; x_wconf 84' lang='lat' dir='ltr'>beneficio</span> <span class='ocrx_word' id='word_1_235' title='bbox 782 2384 1000 2440; x_wconf 88' lang='lat' dir='ltr'>temporali</span> <span class='ocrx_word' id='word_1_236' title='bbox 1027 2385 1066 2427; x_wconf 71' lang='lat' dir='ltr'>&amp;t</span> <span class='ocrx_word' id='word_1_237' title='bbox 1109 2397 1173 2427; x_wconf 90' lang='lat' dir='ltr'>er·</span> 
     </span>
     <span class='ocr_line' id='line_1_37' title="bbox 190 2442 1172 2501; baseline -0.002 -14"><span class='ocrx_word' id='word_1_238' title='bbox 190 2455 320 2501; x_wconf 83' lang='lat' dir='ltr'>petuo</span> <span class='ocrx_word' id='word_1_239' title='bbox 346 2457 401 2487; x_wconf 87' lang='lat' dir='ltr'>co</span> <span class='ocrx_word' id='word_1_240' title='bbox 429 2442 515 2500; x_wconf 90' lang='lat' dir='ltr'>ipso</span> <span class='ocrx_word' id='word_1_241' title='bbox 541 2443 727 2500; x_wconf 87' lang='lat' dir='ltr'>privatus</span> <span class='ocrx_word' id='word_1_242' title='bbox 744 2473 758 2496; x_wconf 87' lang='lat'>,</span> <span class='ocrx_word' id='word_1_243' title='bbox 788 2442 989 2488; x_wconf 71' lang='lat' dir='ltr'>secularis</span> <span class='ocrx_word' id='word_1_244' title='bbox 1013 2445 1063 2500; x_wconf 91' lang='lat' dir='ltr'>Ju</span> <span class='ocrx_word' id='word_1_245' title='bbox 1099 2442 1172 2486; x_wconf 91' lang='lat' dir='ltr'>icis</span> 
     </span>
     <span class='ocr_line' id='line_1_38' title="bbox 190 2500 1174 2561; baseline -0.001 -15"><span class='ocrx_word' id='word_1_246' title='bbox 190 2503 366 2547; x_wconf 87' lang='lat' dir='ltr'>arbitrio</span> <span class='ocrx_word' id='word_1_247' title='bbox 379 2502 669 2561; x_wconf 82' lang='lat' dir='ltr'>relinquatur,</span> <span class='ocrx_word' id='word_1_248' title='bbox 692 2505 763 2561; x_wconf 90' lang='lat' dir='ltr'>qui</span> <span class='ocrx_word' id='word_1_249' title='bbox 789 2503 842 2547; x_wconf 91' lang='lat' dir='ltr'>de</span> <span class='ocrx_word' id='word_1_250' title='bbox 866 2518 919 2548; x_wconf 91' lang='lat' dir='ltr'>eo</span> <span class='ocrx_word' id='word_1_251' title='bbox 950 2504 1041 2548; x_wconf 86' lang='lat' dir='ltr'>illas</span> <span class='ocrx_word' id='word_1_252' title='bbox 1071 2500 1174 2560; x_wconf 85' lang='lat' dir='ltr'>ipsas</span> 
     </span>
     <span class='ocr_line' id='line_1_39' title="bbox 189 2561 1172 2620; baseline 0 -16"><span class='ocrx_word' id='word_1_253' title='bbox 189 2576 335 2620; x_wconf 81' lang='lat' dir='ltr'>poenas</span> <span class='ocrx_word' id='word_1_254' title='bbox 357 2563 521 2620; x_wconf 82' lang='lat' dir='ltr'>exigat,</span> <span class='ocrx_word' id='word_1_255' title='bbox 547 2576 634 2619; x_wconf 80' lang='lat' dir='ltr'>quae</span> <span class='ocrx_word' id='word_1_256' title='bbox 657 2561 860 2607; x_wconf 82' lang='lat' dir='ltr'>damnatis</span> <span class='ocrx_word' id='word_1_257' title='bbox 879 2563 1013 2620; x_wconf 88' lang='lat' dir='ltr'>primo</span> <span class='ocrx_word' id='word_1_258' title='bbox 1040 2563 1172 2620; x_wconf 87' lang='lat' dir='ltr'>capite</span> 
     </span>
     <span class='ocr_line' id='line_1_40' title="bbox 189 2620 1174 2684; baseline -0.001 -20"><span class='ocrx_word' id='word_1_259' title='bbox 189 2622 306 2665; x_wconf 67' lang='lat' dir='ltr'>dieta</span> <span class='ocrx_word' id='word_1_260' title='bbox 331 2622 433 2678; x_wconf 88' lang='lat' dir='ltr'>legis</span> <span class='ocrx_word' id='word_1_261' title='bbox 456 2635 527 2678; x_wconf 89' lang='lat' dir='ltr'>per</span> <span class='ocrx_word' id='word_1_262' title='bbox 542 2620 872 2684; x_wconf 77' lang='lat' dir='ltr'>constitutiones</span> <span class='ocrx_word' id='word_1_263' title='bbox 899 2624 1103 2680; x_wconf 87' lang='lat' dir='ltr'>legitimas</span> <span class='ocrx_word' id='word_1_264' title='bbox 1122 2622 1174 2664; x_wconf 88' lang='lat' dir='ltr'>ir-</span> 
     </span>
     <span class='ocr_line' id='line_1_41' title="bbox 192 2677 1173 2739; baseline -0.001 -16"><span class='ocrx_word' id='word_1_265' title='bbox 192 2690 422 2735; x_wconf 75' lang='lat' dir='ltr'>rogantur,</span> <span class='ocrx_word' id='word_1_266' title='bbox 445 2681 591 2730; x_wconf 86' lang='lat' dir='ltr'>bonis,</span> <span class='ocrx_word' id='word_1_267' title='bbox 615 2682 816 2739; x_wconf 80' lang='lat' dir='ltr'>rebusque</span> <span class='ocrx_word' id='word_1_268' title='bbox 847 2684 1043 2727; x_wconf 87' lang='lat' dir='ltr'>omnibus</span> <span class='ocrx_word' id='word_1_269' title='bbox 1073 2677 1173 2726; x_wconf 79' lang='lat' dir='ltr'>Fisci</span> 
     </span>
     <span class='ocr_line' id='line_1_42' title="bbox 191 2738 1173 2798; baseline -0.003 -16"><span class='ocrx_word' id='word_1_270' title='bbox 191 2738 352 2798; x_wconf 79' lang='lat' dir='ltr'>juribus</span> <span class='ocrx_word' id='word_1_271' title='bbox 365 2738 578 2794; x_wconf 84' lang='lat' dir='ltr'>applicatis</span> <span class='ocrx_word' id='word_1_272' title='bbox 591 2765 608 2789; x_wconf 84' lang='lat'>‚</span> <span class='ocrx_word' id='word_1_273' title='bbox 620 2739 680 2781; x_wconf 89' lang='lat' dir='ltr'>uti</span> <span class='ocrx_word' id='word_1_274' title='bbox 696 2740 820 2782; x_wconf 86' lang='lat' dir='ltr'>ctiam</span> <span class='ocrx_word' id='word_1_275' title='bbox 834 2740 892 2782; x_wconf 72' lang='lat' dir='ltr'>est</span> <span class='ocrx_word' id='word_1_276' title='bbox 905 2741 958 2782; x_wconf 87' lang='lat' dir='ltr'>dc</span> <span class='ocrx_word' id='word_1_277' title='bbox 970 2738 1173 2781; x_wconf 73' lang='lat' dir='ltr'>damnatis</span> 
     </span>
     <span class='ocr_line' id='line_1_43' title="bbox 190 2793 1174 2853; baseline -0.004 -11"><span class='ocrx_word' id='word_1_278' title='bbox 190 2797 395 2842; x_wconf 64' lang='lat' dir='ltr'>hereticis</span> <span class='ocrx_word' id='word_1_279' title='bbox 409 2809 482 2853; x_wconf 86' lang='lat' dir='ltr'>per</span> <span class='ocrx_word' id='word_1_280' title='bbox 494 2793 598 2838; x_wconf 67' lang='lat' dir='ltr'>sanet</span> <span class='ocrx_word' id='word_1_281' title='bbox 606 2794 718 2838; x_wconf 85' lang='lat' dir='ltr'>iones</span> <span class='ocrx_word' id='word_1_282' title='bbox 734 2797 961 2839; x_wconf 81' lang='lat' dir='ltr'>canonicas</span> <span class='ocrx_word' id='word_1_283' title='bbox 978 2795 1174 2839; x_wconf 78' lang='lat' dir='ltr'>constitu-</span> 
     </span>
     <span class='ocr_line' id='line_1_44' title="bbox 194 2849 1174 2909; baseline -0.005 -9"><span class='ocrx_word' id='word_1_284' title='bbox 194 2868 312 2909; x_wconf 79' lang='lat' dir='ltr'>tum3</span> <span class='ocrx_word' id='word_1_285' title='bbox 330 2854 418 2909; x_wconf 82' lang='lat' dir='ltr'>ejus</span> <span class='ocrx_word' id='word_1_286' title='bbox 433 2851 506 2897; x_wconf 70' lang='lat' dir='ltr'>filii</span> <span class='ocrx_word' id='word_1_287' title='bbox 522 2853 694 2908; x_wconf 69' lang='lat' dir='ltr'>paterna</span> <span class='ocrx_word' id='word_1_288' title='bbox 710 2849 874 2895; x_wconf 75' lang='lat' dir='ltr'>infamis</span> <span class='ocrx_word' id='word_1_289' title='bbox 893 2853 1071 2909; x_wconf 66' lang='lat' dir='ltr'>subjefli,</span> <span class='ocrx_word' id='word_1_290' title='bbox 1083 2867 1174 2898; x_wconf 86' lang='lat' dir='ltr'>om-</span> 
     </span>
     <span class='ocr_line' id='line_1_45' title="bbox 194 2906 1172 2967; baseline -0.008 -5"><span class='ocrx_word' id='word_1_291' title='bbox 194 2917 260 2962; x_wconf 87' lang='lat' dir='ltr'>nis</span> <span class='ocrx_word' id='word_1_292' title='bbox 272 2916 314 2957; x_wconf 82' lang='lat'>&amp;</span> <span class='ocrx_word' id='word_1_293' title='bbox 323 2908 603 2967; x_wconf 78' lang='lat' dir='ltr'>cuiuscunque</span> <span class='ocrx_word' id='word_1_294' title='bbox 615 2906 863 2953; x_wconf 68' lang='lat' dir='ltr'>hereditatis</span> <span class='ocrx_word' id='word_1_295' title='bbox 878 2940 894 2963; x_wconf 91' lang='lat'>‚</span> <span class='ocrx_word' id='word_1_296' title='bbox 909 2908 1172 2965; x_wconf 79' lang='lat' dir='ltr'>succeffionis,</span> 
     </span>
     <span class='ocr_line' id='line_1_46' title="bbox 194 2967 1173 3027; baseline -0.004 -8"><span class='ocrx_word' id='word_1_297' title='bbox 194 2973 432 3019; x_wconf 83' lang='lat' dir='ltr'>donationis</span> <span class='ocrx_word' id='word_1_298' title='bbox 441 2968 637 3025; x_wconf 68' lang='lat' dir='ltr'>delegati,</span> <span class='ocrx_word' id='word_1_299' title='bbox 649 2967 728 3012; x_wconf 82' lang='lat' dir='ltr'>five</span> <span class='ocrx_word' id='word_1_300' title='bbox 742 2970 1080 3027; x_wconf 87' lang='lat' dir='ltr'>propinquorum,</span> <span class='ocrx_word' id='word_1_301' title='bbox 1095 2970 1173 3015; x_wconf 82' lang='lat' dir='ltr'>five</span> 
     </span>
     <span class='ocr_line' id='line_1_47' title="bbox 195 3026 1172 3086; baseline -0.002 -9"><span class='ocrx_word' id='word_1_302' title='bbox 195 3043 485 3078; x_wconf 76' lang='lat' dir='ltr'>extraneorum</span> <span class='ocrx_word' id='word_1_303' title='bbox 497 3027 668 3072; x_wconf 84' lang='lat' dir='ltr'>omnino</span> <span class='ocrx_word' id='word_1_304' title='bbox 694 3026 769 3071; x_wconf 76' lang='lat' dir='ltr'>lint</span> <span class='ocrx_word' id='word_1_305' title='bbox 784 3040 971 3086; x_wconf 76' lang='lat' dir='ltr'>expertes</span> <span class='ocrx_word' id='word_1_306' title='bbox 984 3058 999 3083; x_wconf 90' lang='lat'>‚</span> <span class='ocrx_word' id='word_1_307' title='bbox 1023 3029 1172 3075; x_wconf 90' lang='lat' dir='ltr'>eisdem</span> 
     </span>
     <span class='ocr_line' id='line_1_48' title="bbox 195 3089 1173 3152; baseline -0.002 -15"><span class='ocrx_word' id='word_1_308' title='bbox 195 3103 393 3152; x_wconf 68' lang='lat' dir='ltr'>preterea</span> <span class='ocrx_word' id='word_1_309' title='bbox 417 3096 548 3149; x_wconf 64' lang='lat' dir='ltr'>posta</span> <span class='ocrx_word' id='word_1_310' title='bbox 572 3100 782 3145; x_wconf 84' lang='lat' dir='ltr'>nunquam</span> <span class='ocrx_word' id='word_1_311' title='bbox 804 3097 970 3148; x_wconf 86' lang='lat' dir='ltr'>pateant</span> <span class='ocrx_word' id='word_1_312' title='bbox 997 3089 1173 3146; x_wconf 86' lang='lat' dir='ltr'>dignita-</span> 
     </span>
     <span class='ocr_line' id='line_1_49' title="bbox 200 3163 315 3196; baseline -0.009 0"><span class='ocrx_word' id='word_1_313' title='bbox 200 3163 289 3196; x_wconf 87' lang='lat' dir='ltr'>tum</span> <span class='ocrx_word' id='word_1_314' title='bbox 302 3182 315 3195; x_wconf 90' lang='lat'><strong>.</strong></span> 
     </span>
    </p>

    <p class='ocr_par' dir='ltr' id='par_1_7' title="bbox 192 3208 1175 3744">
     <span class='ocr_line' id='line_1_50' title="bbox 313 3208 1174 3267; baseline -0.003 -10"><span class='ocrx_word' id='word_1_315' title='bbox 313 3212 453 3257; x_wconf 77' lang='lat' dir='ltr'>Nemo</span> <span class='ocrx_word' id='word_1_316' title='bbox 478 3215 615 3253; x_wconf 83' lang='lat' dir='ltr'>autem</span> <span class='ocrx_word' id='word_1_317' title='bbox 635 3208 968 3267; x_wconf 73' lang='lat' dir='ltr'>expurgationem</span> <span class='ocrx_word' id='word_1_318' title='bbox 996 3210 1174 3263; x_wconf 82' lang='lat' dir='ltr'>babere,</span> 
     </span>
     <span class='ocr_line' id='line_1_51' title="bbox 197 3266 1175 3326; baseline 0 -12"><span class='ocrx_word' id='word_1_319' title='bbox 197 3279 267 3316; x_wconf 86' lang='lat' dir='ltr'>aut</span> <span class='ocrx_word' id='word_1_320' title='bbox 283 3268 441 3316; x_wconf 78' lang='lat' dir='ltr'>caufiim</span> <span class='ocrx_word' id='word_1_321' title='bbox 458 3266 584 3313; x_wconf 86' lang='lat' dir='ltr'>ullam</span> <span class='ocrx_word' id='word_1_322' title='bbox 597 3280 830 3325; x_wconf 78' lang='lat' dir='ltr'>proponere</span> <span class='ocrx_word' id='word_1_323' title='bbox 845 3270 909 3313; x_wconf 82' lang='lat' dir='ltr'>vel</span> <span class='ocrx_word' id='word_1_324' title='bbox 922 3270 1175 3326; x_wconf 67' lang='lat' dir='ltr'>pretendere</span> 
     </span>
     <span class='ocr_line' id='line_1_52' title="bbox 196 3325 1173 3387; baseline 0 -13"><span class='ocrx_word' id='word_1_325' title='bbox 196 3329 315 3387; x_wconf 75' lang='lat' dir='ltr'>ponii</span> <span class='ocrx_word' id='word_1_326' title='bbox 329 3360 344 3381; x_wconf 83' lang='lat'>,</span> <span class='ocrx_word' id='word_1_327' title='bbox 369 3328 438 3387; x_wconf 87' lang='lat' dir='ltr'>qui</span> <span class='ocrx_word' id='word_1_328' title='bbox 453 3338 612 3371; x_wconf 82' lang='lat' dir='ltr'>tantum</span> <span class='ocrx_word' id='word_1_329' title='bbox 629 3325 741 3371; x_wconf 78' lang='lat' dir='ltr'>ncsas</span> <span class='ocrx_word' id='word_1_330' title='bbox 764 3328 805 3371; x_wconf 93' lang='lat' dir='ltr'>in</span> <span class='ocrx_word' id='word_1_331' title='bbox 817 3339 1103 3387; x_wconf 87' lang='lat' dir='ltr'>contemptum</span> <span class='ocrx_word' id='word_1_332' title='bbox 1132 3331 1173 3374; x_wconf 76' lang='lat' dir='ltr'>dt.</span> 
     </span>
     <span class='ocr_line' id='line_1_53' title="bbox 197 3385 1169 3443; baseline 0.001 -11"><span class='ocrx_word' id='word_1_333' title='bbox 197 3391 339 3433; x_wconf 84' lang='lat' dir='ltr'>odium</span> <span class='ocrx_word' id='word_1_334' title='bbox 358 3387 470 3443; x_wconf 77' lang='lat' dir='ltr'>liujus</span> <span class='ocrx_word' id='word_1_335' title='bbox 483 3386 620 3430; x_wconf 78' lang='lat' dir='ltr'>Officii</span> <span class='ocrx_word' id='word_1_336' title='bbox 635 3385 842 3431; x_wconf 79' lang='lat' dir='ltr'>admiserit</span> <span class='ocrx_word' id='word_1_337' title='bbox 861 3414 876 3439; x_wconf 91' lang='lat'>‚</span> <span class='ocrx_word' id='word_1_338' title='bbox 902 3387 969 3432; x_wconf 88' lang='lat' dir='ltr'>nisi</span> <span class='ocrx_word' id='word_1_339' title='bbox 1000 3398 1169 3433; x_wconf 87' lang='lat' dir='ltr'>contra·</span> 
     </span>
     <span class='ocr_line' id='line_1_54' title="bbox 192 3445 1164 3505; baseline 0.002 -16"><span class='ocrx_word' id='word_1_340' title='bbox 192 3450 303 3494; x_wconf 75' lang='lat' dir='ltr'>tium</span> <span class='ocrx_word' id='word_1_341' title='bbox 324 3462 397 3505; x_wconf 88' lang='lat' dir='ltr'>per</span> <span class='ocrx_word' id='word_1_342' title='bbox 423 3446 555 3491; x_wconf 85' lang='lat' dir='ltr'>claras</span> <span class='ocrx_word' id='word_1_343' title='bbox 573 3446 838 3504; x_wconf 85' lang='lat' dir='ltr'>probationes</span> <span class='ocrx_word' id='word_1_344' title='bbox 852 3445 1039 3492; x_wconf 84' lang='lat' dir='ltr'>docuerit</span> <span class='ocrx_word' id='word_1_345' title='bbox 1054 3448 1091 3491; x_wconf 82' lang='lat' dir='ltr'>sc</span> <span class='ocrx_word' id='word_1_346' title='bbox 1106 3446 1164 3491; x_wconf 85' lang='lat' dir='ltr'>se-</span> 
     </span>
     <span class='ocr_line' id='line_1_55' title="bbox 196 3505 1167 3564; baseline 0.001 -13"><span class='ocrx_word' id='word_1_347' title='bbox 196 3506 297 3551; x_wconf 77' lang='lat' dir='ltr'>cisse</span> <span class='ocrx_word' id='word_1_348' title='bbox 310 3536 321 3549; x_wconf 89' lang='lat'><strong><em>.</em></strong></span> <span class='ocrx_word' id='word_1_349' title='bbox 354 3505 481 3562; x_wconf 85' lang='lat' dir='ltr'>Quod</span> <span class='ocrx_word' id='word_1_350' title='bbox 497 3519 623 3564; x_wconf 91' lang='lat' dir='ltr'>porro</span> <span class='ocrx_word' id='word_1_351' title='bbox 636 3505 690 3550; x_wconf 90' lang='lat' dir='ltr'>de</span> <span class='ocrx_word' id='word_1_352' title='bbox 733 3506 899 3551; x_wconf 63' lang='lat' dir='ltr'>redicitis</span> <span class='ocrx_word' id='word_1_353' title='bbox 913 3534 929 3560; x_wconf 86' lang='lat'>‚</span> <span class='ocrx_word' id='word_1_354' title='bbox 950 3520 1167 3564; x_wconf 87' lang='lat' dir='ltr'>eorumque</span> 
     </span>
     <span class='ocr_line' id='line_1_56' title="bbox 196 3564 1168 3618; baseline 0 -8"><span class='ocrx_word' id='word_1_355' title='bbox 196 3564 292 3610; x_wconf 80' lang='lat' dir='ltr'>filiis</span> <span class='ocrx_word' id='word_1_356' title='bbox 306 3565 542 3618; x_wconf 70' lang='lat' dir='ltr'>statuimus,</span> <span class='ocrx_word' id='word_1_357' title='bbox 558 3564 688 3610; x_wconf 86' lang='lat' dir='ltr'>illudi</span> <span class='ocrx_word' id='word_1_358' title='bbox 720 3579 784 3610; x_wconf 91' lang='lat' dir='ltr'>cm</span> <span class='ocrx_word' id='word_1_359' title='bbox 797 3564 849 3610; x_wconf 89' lang='lat' dir='ltr'>de</span> <span class='ocrx_word' id='word_1_360' title='bbox 862 3567 1050 3612; x_wconf 87' lang='lat' dir='ltr'>omnibus</span> <span class='ocrx_word' id='word_1_361' title='bbox 1068 3568 1168 3613; x_wconf 90' lang='lat' dir='ltr'>Cle·</span> 
     </span>
     <span class='ocr_line' id='line_1_57' title="bbox 194 3623 1168 3681; baseline 0.002 -11"><span class='ocrx_word' id='word_1_362' title='bbox 194 3623 344 3670; x_wconf 75' lang='lat' dir='ltr'>ricis&amp;</span> <span class='ocrx_word' id='word_1_363' title='bbox 364 3625 618 3681; x_wconf 74' lang='lat' dir='ltr'>Presbyteris</span> <span class='ocrx_word' id='word_1_364' title='bbox 631 3624 896 3671; x_wconf 68' lang='lat' dir='ltr'>secularibus</span> <span class='ocrx_word' id='word_1_365' title='bbox 919 3628 960 3670; x_wconf 73' lang='lat' dir='ltr'>ds</span> <span class='ocrx_word' id='word_1_366' title='bbox 1003 3640 1168 3672; x_wconf 90' lang='lat' dir='ltr'>uorum·</span> 
     </span>
     <span class='ocr_line' id='line_1_58' title="bbox 196 3682 1168 3744; baseline 0.003 -16"><span class='ocrx_word' id='word_1_367' title='bbox 196 3682 258 3728; x_wconf 74' lang='lat' dir='ltr'>vis</span> <span class='ocrx_word' id='word_1_368' title='bbox 274 3683 480 3729; x_wconf 77' lang='lat' dir='ltr'>ordinum</span> <span class='ocrx_word' id='word_1_369' title='bbox 494 3710 509 3733; x_wconf 86' lang='lat'>,</span> <span class='ocrx_word' id='word_1_370' title='bbox 537 3686 661 3732; x_wconf 78' lang='lat' dir='ltr'>etiam</span> <span class='ocrx_word' id='word_1_371' title='bbox 677 3696 967 3743; x_wconf 71' lang='lat' dir='ltr'>exemptorum</span> <span class='ocrx_word' id='word_1_372' title='bbox 1025 3686 1168 3744; x_wconf 85' lang='lat' dir='ltr'>egula·</span> 
     </span>
    </p>
   </div>
   <div class='ocr_carea' id='block_1_5' title="bbox 938 216 1481 334">
    <p class='ocr_par' dir='ltr' id='par_1_8' title="bbox 938 216 1481 334">
     <span class='ocr_line' id='line_1_59' title="bbox 938 216 1481 334; baseline -0.002 -32"><span class='ocrx_word' id='word_1_373' title='bbox 938 221 1273 334; x_wconf 76' lang='lat' dir='ltr'>Appen</span> <span class='ocrx_word' id='word_1_374' title='bbox 1294 216 1481 303; x_wconf 84' lang='lat' dir='ltr'>clix.</span> 
     </span>
    </p>
   </div>
   <div class='ocr_carea' id='block_1_6' title="bbox 1228 370 2232 3745">
    <p class='ocr_par' dir='ltr' id='par_1_9' title="bbox 1242 370 2232 1019">
     <span class='ocr_line' id='line_1_60' title="bbox 1251 370 2228 430; baseline 0.001 -15"><span class='ocrx_word' id='word_1_375' title='bbox 1251 374 1456 430; x_wconf 90' lang='lat' dir='ltr'>quendum</span> <span class='ocrx_word' id='word_1_376' title='bbox 1472 399 1487 421; x_wconf 87' lang='lat'>,</span> <span class='ocrx_word' id='word_1_377' title='bbox 1515 371 1569 415; x_wconf 87' lang='lat' dir='ltr'>ita</span> <span class='ocrx_word' id='word_1_378' title='bbox 1593 375 1638 415; x_wconf 84' lang='lat' dir='ltr'>nt</span> <span class='ocrx_word' id='word_1_379' title='bbox 1658 370 1729 429; x_wconf 84' lang='lat' dir='ltr'>ipfi</span> <span class='ocrx_word' id='word_1_380' title='bbox 1758 371 1963 416; x_wconf 80' lang='lat' dir='ltr'>beneficiis</span> <span class='ocrx_word' id='word_1_381' title='bbox 1983 376 1997 426; x_wconf 48' lang='grc' dir='ltr'><strong>ᾗ</strong></span> <span class='ocrx_word' id='word_1_382' title='bbox 2020 374 2059 417; x_wconf 76' lang='grc' dir='ltr'>δι</span> <span class='ocrx_word' id='word_1_383' title='bbox 2089 371 2228 416; x_wconf 88' lang='lat' dir='ltr'>officiis</span> 
     </span>
     <span class='ocr_line' id='line_1_61' title="bbox 1249 432 2232 488; baseline 0.001 -12"><span class='ocrx_word' id='word_1_384' title='bbox 1249 434 1437 476; x_wconf 90' lang='lat' dir='ltr'>omnibus</span> <span class='ocrx_word' id='word_1_385' title='bbox 1455 433 1740 476; x_wconf 85' lang='lat' dir='ltr'>Ecclefiasticis</span> <span class='ocrx_word' id='word_1_386' title='bbox 1768 432 2019 488; x_wconf 87' lang='lat' dir='ltr'>praesentium</span> <span class='ocrx_word' id='word_1_387' title='bbox 2048 435 2232 477; x_wconf 64' lang='lat' dir='ltr'>auetori-</span> 
     </span>
     <span class='ocr_line' id='line_1_62' title="bbox 1251 491 2229 549; baseline 0 -13"><span class='ocrx_word' id='word_1_388' title='bbox 1251 504 1338 536; x_wconf 86' lang='lat' dir='ltr'>tate</span> <span class='ocrx_word' id='word_1_389' title='bbox 1366 492 1543 549; x_wconf 88' lang='lat' dir='ltr'>privati,</span> <span class='ocrx_word' id='word_1_390' title='bbox 1570 506 1641 548; x_wconf 91' lang='lat' dir='ltr'>per</span> <span class='ocrx_word' id='word_1_391' title='bbox 1661 492 1849 548; x_wconf 88' lang='lat' dir='ltr'>Judicem</span> <span class='ocrx_word' id='word_1_392' title='bbox 1868 491 2229 536; x_wconf 54' lang='lat' dir='ltr'>Ecclefiasticum„</span> 
     </span>
     <span class='ocr_line' id='line_1_63' title="bbox 1250 549 2223 607; baseline -0.005 -11"><span class='ocrx_word' id='word_1_393' title='bbox 1250 554 1536 596; x_wconf 71' lang='lat' dir='ltr'>haereticorum</span> <span class='ocrx_word' id='word_1_394' title='bbox 1552 565 1668 594; x_wconf 83' lang='lat' dir='ltr'>more</span> <span class='ocrx_word' id='word_1_395' title='bbox 1679 551 1961 607; x_wconf 86' lang='lat' dir='ltr'>degradentur</span> <span class='ocrx_word' id='word_1_396' title='bbox 1975 576 1991 599; x_wconf 88' lang='lat'>,</span> <span class='ocrx_word' id='word_1_397' title='bbox 2021 549 2223 595; x_wconf 57' lang='lat' dir='ltr'>demum,</span> 
     </span>
     <span class='ocr_line' id='line_1_64' title="bbox 1249 608 2223 668; baseline -0.002 -13"><span class='ocrx_word' id='word_1_398' title='bbox 1249 612 1440 668; x_wconf 85' lang='lat' dir='ltr'>potestati</span> <span class='ocrx_word' id='word_1_399' title='bbox 1465 610 1641 653; x_wconf 88' lang='lat' dir='ltr'>saeculari</span> <span class='ocrx_word' id='word_1_400' title='bbox 1669 610 1842 661; x_wconf 83' lang='lat' dir='ltr'>traditi,</span> <span class='ocrx_word' id='word_1_401' title='bbox 1870 609 2006 664; x_wconf 88' lang='lat' dir='ltr'>poenis</span> <span class='ocrx_word' id='word_1_402' title='bbox 2020 608 2223 663; x_wconf 78' lang='lat' dir='ltr'>praedie‘tis</span> 
     </span>
     <span class='ocr_line' id='line_1_65' title="bbox 1249 665 2222 725; baseline -0.006 -9"><span class='ocrx_word' id='word_1_403' title='bbox 1249 673 1471 716; x_wconf 89' lang='lat' dir='ltr'>Laicorum</span> <span class='ocrx_word' id='word_1_404' title='bbox 1498 670 1621 712; x_wconf 84' lang='lat' dir='ltr'>instar</span> <span class='ocrx_word' id='word_1_405' title='bbox 1649 668 1936 725; x_wconf 88' lang='lat' dir='ltr'>subjiciantur.</span> <span class='ocrx_word' id='word_1_406' title='bbox 1974 665 2222 710; x_wconf 84' lang='lat' dir='ltr'>Pontificum</span> 
     </span>
     <span class='ocr_line' id='line_1_66' title="bbox 1247 725 2222 781; baseline -0.002 -9"><span class='ocrx_word' id='word_1_407' title='bbox 1247 742 1381 772; x_wconf 84' lang='lat' dir='ltr'>tamen</span> <span class='ocrx_word' id='word_1_408' title='bbox 1407 730 1560 781; x_wconf 84' lang='lat' dir='ltr'>caulis,</span> <span class='ocrx_word' id='word_1_409' title='bbox 1602 729 1732 772; x_wconf 88' lang='lat' dir='ltr'>Nobis</span> <span class='ocrx_word' id='word_1_410' title='bbox 1758 729 1798 770; x_wconf 79' lang='grc' dir='ltr'>δι</span> <span class='ocrx_word' id='word_1_411' title='bbox 1820 725 2123 771; x_wconf 84' lang='lat' dir='ltr'>Succefforibus</span> <span class='ocrx_word' id='word_1_412' title='bbox 2137 739 2222 770; x_wconf 87' lang='lat' dir='ltr'>no-</span> 
     </span>
     <span class='ocr_line' id='line_1_67' title="bbox 1245 784 2224 842; baseline -0.004 -9"><span class='ocrx_word' id='word_1_413' title='bbox 1245 791 1334 833; x_wconf 83' lang='lat' dir='ltr'>stris</span> <span class='ocrx_word' id='word_1_414' title='bbox 1345 816 1361 838; x_wconf 96' lang='lat'>,</span> <span class='ocrx_word' id='word_1_415' title='bbox 1376 786 1588 831; x_wconf 86' lang='lat' dir='ltr'>reservatis</span> <span class='ocrx_word' id='word_1_416' title='bbox 1601 817 1619 838; x_wconf 92' lang='lat'>,</span> <span class='ocrx_word' id='word_1_417' title='bbox 1650 797 1694 829; x_wconf 92' lang='lat' dir='ltr'>ut</span> <span class='ocrx_word' id='word_1_418' title='bbox 1719 801 1766 830; x_wconf 90' lang='lat' dir='ltr'>re</span> <span class='ocrx_word' id='word_1_419' title='bbox 1784 784 1943 842; x_wconf 58' lang='lat' dir='ltr'>quaefits</span> <span class='ocrx_word' id='word_1_420' title='bbox 1957 786 1998 828; x_wconf 74' lang='grc' dir='ltr'>δι</span> <span class='ocrx_word' id='word_1_421' title='bbox 2014 784 2142 830; x_wconf 83' lang='lat' dir='ltr'>Nobis</span> <span class='ocrx_word' id='word_1_422' title='bbox 2161 800 2224 830; x_wconf 89' lang='lat' dir='ltr'>re·</span> 
     </span>
     <span class='ocr_line' id='line_1_68' title="bbox 1245 844 2224 901; baseline -0.003 -10"><span class='ocrx_word' id='word_1_423' title='bbox 1245 845 1467 898; x_wconf 68' lang='lat' dir='ltr'>nunciata,</span> <span class='ocrx_word' id='word_1_424' title='bbox 1495 855 1642 889; x_wconf 89' lang='lat' dir='ltr'>contra</span> <span class='ocrx_word' id='word_1_425' title='bbox 1663 860 1734 888; x_wconf 85' lang='lat' dir='ltr'>eos</span> <span class='ocrx_word' id='word_1_426' title='bbox 1758 846 1810 888; x_wconf 89' lang='lat' dir='ltr'>ad</span> <span class='ocrx_word' id='word_1_427' title='bbox 1825 844 2154 901; x_wconf 88' lang='lat' dir='ltr'>depofitionem,</span> <span class='ocrx_word' id='word_1_428' title='bbox 2181 846 2224 888; x_wconf 78' lang='grc' dir='ltr'>δε</span> 
     </span>
     <span class='ocr_line' id='line_1_69' title="bbox 1244 903 2224 962; baseline -0.002 -12"><span class='ocrx_word' id='word_1_429' title='bbox 1244 908 1339 950; x_wconf 88' lang='lat' dir='ltr'>alias</span> <span class='ocrx_word' id='word_1_430' title='bbox 1354 919 1497 962; x_wconf 84' lang='lat' dir='ltr'>poenas</span> <span class='ocrx_word' id='word_1_431' title='bbox 1510 905 1716 961; x_wconf 70' lang='lat' dir='ltr'>praedictas</span> <span class='ocrx_word' id='word_1_432' title='bbox 1730 904 2001 961; x_wconf 85' lang='lat' dir='ltr'>procedamus</span> <span class='ocrx_word' id='word_1_433' title='bbox 2015 932 2030 956; x_wconf 89' lang='lat'>,</span> <span class='ocrx_word' id='word_1_434' title='bbox 2062 904 2125 948; x_wconf 88' lang='lat' dir='ltr'>uti</span> <span class='ocrx_word' id='word_1_435' title='bbox 2139 903 2224 948; x_wconf 87' lang='lat' dir='ltr'>cri-</span> 
     </span>
     <span class='ocr_line' id='line_1_70' title="bbox 1242 962 2045 1019; baseline -0.005 -10"><span class='ocrx_word' id='word_1_436' title='bbox 1242 967 1361 1009; x_wconf 87' lang='lat' dir='ltr'>minis</span> <span class='ocrx_word' id='word_1_437' title='bbox 1375 965 1570 1008; x_wconf 85' lang='lat' dir='ltr'>atrocitas</span> <span class='ocrx_word' id='word_1_438' title='bbox 1587 964 1791 1007; x_wconf 82' lang='lat' dir='ltr'>videbitur</span> <span class='ocrx_word' id='word_1_439' title='bbox 1805 962 2011 1019; x_wconf 87' lang='lat' dir='ltr'>postulare</span> <span class='ocrx_word' id='word_1_440' title='bbox 2031 990 2045 1005; x_wconf 86' lang='grc'><strong>.</strong></span> 
     </span>
    </p>

    <p class='ocr_par' dir='ltr' id='par_1_10' title="bbox 1240 1022 2226 1316">
     <span class='ocr_line' id='line_1_71' title="bbox 1358 1022 2223 1082; baseline -0.001 -16"><span class='ocrx_word' id='word_1_441' title='bbox 1358 1024 1620 1082; x_wconf 84' lang='lat' dir='ltr'>Quicumque</span> <span class='ocrx_word' id='word_1_442' title='bbox 1633 1033 1767 1066; x_wconf 87' lang='lat' dir='ltr'>autem</span> <span class='ocrx_word' id='word_1_443' title='bbox 1789 1037 1865 1079; x_wconf 89' lang='lat' dir='ltr'>pro</span> <span class='ocrx_word' id='word_1_444' title='bbox 1886 1022 2037 1066; x_wconf 88' lang='lat' dir='ltr'>talibus</span> <span class='ocrx_word' id='word_1_445' title='bbox 2055 1022 2223 1066; x_wconf 86' lang='lat' dir='ltr'>veniam</span> 
     </span>
     <span class='ocr_line' id='line_1_72' title="bbox 1240 1081 2221 1141; baseline -0.002 -15"><span class='ocrx_word' id='word_1_446' title='bbox 1240 1092 1384 1141; x_wconf 90' lang='lat' dir='ltr'>petere</span> <span class='ocrx_word' id='word_1_447' title='bbox 1401 1111 1416 1135; x_wconf 85' lang='lat'>,</span> <span class='ocrx_word' id='word_1_448' title='bbox 1443 1090 1513 1124; x_wconf 88' lang='lat' dir='ltr'>aut</span> <span class='ocrx_word' id='word_1_449' title='bbox 1532 1082 1634 1124; x_wconf 72' lang='lat' dir='ltr'>alias</span> <span class='ocrx_word' id='word_1_450' title='bbox 1658 1081 1916 1126; x_wconf 88' lang='lat' dir='ltr'>intercedere</span> <span class='ocrx_word' id='word_1_451' title='bbox 1928 1083 2184 1126; x_wconf 87' lang='lat' dir='ltr'>tentaverint</span> <span class='ocrx_word' id='word_1_452' title='bbox 2203 1111 2221 1135; x_wconf 87' lang='lat'>,</span> 
     </span>
     <span class='ocr_line' id='line_1_73' title="bbox 1245 1139 2220 1198; baseline 0 -12"><span class='ocrx_word' id='word_1_453' title='bbox 1245 1145 1285 1186; x_wconf 91' lang='lat' dir='ltr'>in</span> <span class='ocrx_word' id='word_1_454' title='bbox 1304 1141 1464 1186; x_wconf 89' lang='lat' dir='ltr'>easdem</span> <span class='ocrx_word' id='word_1_455' title='bbox 1477 1139 1573 1182; x_wconf 87' lang='lat' dir='ltr'>illas</span> <span class='ocrx_word' id='word_1_456' title='bbox 1586 1155 1754 1198; x_wconf 86' lang='lat' dir='ltr'>poenas,</span> <span class='ocrx_word' id='word_1_457' title='bbox 1770 1156 1857 1198; x_wconf 86' lang='lat' dir='ltr'>quae</span> <span class='ocrx_word' id='word_1_458' title='bbox 1871 1141 1913 1184; x_wconf 90' lang='lat' dir='ltr'>in</span> <span class='ocrx_word' id='word_1_459' title='bbox 1928 1141 2220 1186; x_wconf 70' lang='lat' dir='ltr'>haeretieorum</span> 
     </span>
     <span class='ocr_line' id='line_1_74' title="bbox 1247 1199 2226 1246; baseline 0 -2"><span class='ocrx_word' id='word_1_460' title='bbox 1247 1202 1429 1246; x_wconf 80' lang='lat' dir='ltr'>fautores</span> <span class='ocrx_word' id='word_1_461' title='bbox 1456 1200 1477 1243; x_wconf 66' lang='grc' dir='ltr'>ἃ</span> <span class='ocrx_word' id='word_1_462' title='bbox 1495 1202 1630 1243; x_wconf 85' lang='lat' dir='ltr'>Sacris</span> <span class='ocrx_word' id='word_1_463' title='bbox 1644 1200 2017 1244; x_wconf 85' lang='lat' dir='ltr'>Constitutionibus</span> <span class='ocrx_word' id='word_1_464' title='bbox 2042 1199 2226 1245; x_wconf 87' lang='lat' dir='ltr'>inferun-</span> 
     </span>
     <span class='ocr_line' id='line_1_75' title="bbox 1248 1256 2068 1316; baseline 0 -14"><span class='ocrx_word' id='word_1_465' title='bbox 1248 1272 1320 1307; x_wconf 80' lang='lat' dir='ltr'>tur</span> <span class='ocrx_word' id='word_1_466' title='bbox 1334 1291 1351 1316; x_wconf 88' lang='lat'>,</span> <span class='ocrx_word' id='word_1_467' title='bbox 1369 1258 1456 1316; x_wconf 88' lang='lat' dir='ltr'>ipso</span> <span class='ocrx_word' id='word_1_468' title='bbox 1470 1256 1578 1302; x_wconf 70' lang='lat' dir='ltr'>facto</span> <span class='ocrx_word' id='word_1_469' title='bbox 1594 1263 1631 1303; x_wconf 84' lang='lat' dir='ltr'>se</span> <span class='ocrx_word' id='word_1_470' title='bbox 1646 1261 1835 1304; x_wconf 87' lang='lat' dir='ltr'>noverint</span> <span class='ocrx_word' id='word_1_471' title='bbox 1850 1259 2030 1305; x_wconf 82' lang='lat' dir='ltr'>incidiffe</span> <span class='ocrx_word' id='word_1_472' title='bbox 2054 1289 2068 1302; x_wconf 88' lang='lat'><strong>.</strong></span> 
     </span>
    </p>

    <p class='ocr_par' dir='ltr' id='par_1_11' title="bbox 1241 1318 2222 1548">
     <span class='ocr_line' id='line_1_76' title="bbox 1300 1318 2221 1377; baseline -0.002 -13"><span class='ocrx_word' id='word_1_473' title='bbox 1300 1333 1305 1338; x_wconf 90' lang='lat'>·</span> <span class='ocrx_word' id='word_1_474' title='bbox 1361 1320 1520 1364; x_wconf 77' lang='lat' dir='ltr'>Verum</span> <span class='ocrx_word' id='word_1_475' title='bbox 1534 1349 1551 1371; x_wconf 91' lang='lat'>,</span> <span class='ocrx_word' id='word_1_476' title='bbox 1566 1318 1591 1362; x_wconf 88' lang='lat' dir='ltr'>fi</span> <span class='ocrx_word' id='word_1_477' title='bbox 1606 1319 1695 1376; x_wconf 85' lang='lat' dir='ltr'>quis</span> <span class='ocrx_word' id='word_1_478' title='bbox 1705 1321 1830 1363; x_wconf 86' lang='lat' dir='ltr'>etiam</span> <span class='ocrx_word' id='word_1_479' title='bbox 1845 1318 2074 1377; x_wconf 86' lang='lat' dir='ltr'>hujusmodi</span> <span class='ocrx_word' id='word_1_480' title='bbox 2085 1319 2221 1366; x_wconf 87' lang='lat' dir='ltr'>crimi-</span> 
     </span>
     <span class='ocr_line' id='line_1_77' title="bbox 1241 1376 2222 1437; baseline -0.001 -15"><span class='ocrx_word' id='word_1_481' title='bbox 1241 1392 1339 1422; x_wconf 91' lang='lat' dir='ltr'>num</span> <span class='ocrx_word' id='word_1_482' title='bbox 1365 1376 1553 1421; x_wconf 76' lang='lat' dir='ltr'>constius</span> <span class='ocrx_word' id='word_1_483' title='bbox 1576 1405 1592 1429; x_wconf 82' lang='lat'>,</span> <span class='ocrx_word' id='word_1_484' title='bbox 1618 1376 1686 1420; x_wconf 86' lang='lat' dir='ltr'>vel</span> <span class='ocrx_word' id='word_1_485' title='bbox 1713 1376 1838 1421; x_wconf 82' lang='lat' dir='ltr'>affinis</span> <span class='ocrx_word' id='word_1_486' title='bbox 1862 1408 1878 1431; x_wconf 85' lang='lat'>,</span> <span class='ocrx_word' id='word_1_487' title='bbox 1903 1379 1984 1422; x_wconf 84' lang='lat' dir='ltr'>ssve</span> <span class='ocrx_word' id='word_1_488' title='bbox 2007 1378 2222 1437; x_wconf 81' lang='lat' dir='ltr'>religionis</span> 
     </span>
     <span class='ocr_line' id='line_1_78' title="bbox 1241 1435 2220 1491; baseline -0.004 -10"><span class='ocrx_word' id='word_1_489' title='bbox 1241 1438 1402 1484; x_wconf 73' lang='lat' dir='ltr'>fludio,</span> <span class='ocrx_word' id='word_1_490' title='bbox 1427 1436 1508 1479; x_wconf 88' lang='lat' dir='ltr'>five</span> <span class='ocrx_word' id='word_1_491' title='bbox 1525 1435 1767 1491; x_wconf 83' lang='lat' dir='ltr'>poenitentia</span> <span class='ocrx_word' id='word_1_492' title='bbox 1782 1436 1948 1484; x_wconf 60' lang='lat' dir='ltr'>duetus,</span> <span class='ocrx_word' id='word_1_493' title='bbox 1975 1450 2063 1478; x_wconf 87' lang='lat' dir='ltr'>rem</span> <span class='ocrx_word' id='word_1_494' title='bbox 2085 1439 2220 1482; x_wconf 74' lang='lat' dir='ltr'>adhuc</span> 
     </span>
     <span class='ocr_line' id='line_1_79' title="bbox 1241 1492 2190 1548; baseline 0.004 -13"><span class='ocrx_word' id='word_1_495' title='bbox 1241 1494 1494 1547; x_wconf 83' lang='lat' dir='ltr'>incognitam</span> <span class='ocrx_word' id='word_1_496' title='bbox 1508 1492 1704 1534; x_wconf 83' lang='lat' dir='ltr'>retexerit</span> <span class='ocrx_word' id='word_1_497' title='bbox 1718 1518 1732 1541; x_wconf 86' lang='lat'>,</span> <span class='ocrx_word' id='word_1_498' title='bbox 1743 1493 1941 1548; x_wconf 91' lang='lat' dir='ltr'>supplicio</span> <span class='ocrx_word' id='word_1_499' title='bbox 1955 1492 2160 1539; x_wconf 90' lang='lat' dir='ltr'>liberetur</span> <span class='ocrx_word' id='word_1_500' title='bbox 2175 1525 2190 1538; x_wconf 86' lang='lat'><strong>.</strong></span> 
     </span>
    </p>

    <p class='ocr_par' dir='ltr' id='par_1_12' title="bbox 1234 1551 2223 2791">
     <span class='ocr_line' id='line_1_80' title="bbox 1360 1551 2221 1608; baseline 0.007 -15"><span class='ocrx_word' id='word_1_501' title='bbox 1360 1551 1566 1593; x_wconf 78' lang='lat' dir='ltr'>Caeterum</span> <span class='ocrx_word' id='word_1_502' title='bbox 1580 1562 1668 1591; x_wconf 87' lang='lat' dir='ltr'>eam</span> <span class='ocrx_word' id='word_1_503' title='bbox 1681 1552 1866 1594; x_wconf 90' lang='lat' dir='ltr'>omnium</span> <span class='ocrx_word' id='word_1_504' title='bbox 1887 1554 1928 1594; x_wconf 78' lang='grc' dir='ltr'>δι</span> <span class='ocrx_word' id='word_1_505' title='bbox 1940 1566 2221 1608; x_wconf 85' lang='lat' dir='ltr'>quarumcun-</span> 
     </span>
     <span class='ocr_line' id='line_1_81' title="bbox 1238 1608 2218 1667; baseline 0.007 -17"><span class='ocrx_word' id='word_1_506' title='bbox 1238 1623 1318 1666; x_wconf 91' lang='lat' dir='ltr'>que</span> <span class='ocrx_word' id='word_1_507' title='bbox 1331 1608 1631 1652; x_wconf 85' lang='lat' dir='ltr'>absolutionum</span> <span class='ocrx_word' id='word_1_508' title='bbox 1648 1612 1850 1653; x_wconf 87' lang='lat' dir='ltr'>rationem</span> <span class='ocrx_word' id='word_1_509' title='bbox 1875 1610 1898 1654; x_wconf 68' lang='grc' dir='ltr'><em>ἃ</em></span> <span class='ocrx_word' id='word_1_510' title='bbox 1924 1612 2122 1667; x_wconf 70' lang='lat' dir='ltr'>praediffis</span> <span class='ocrx_word' id='word_1_511' title='bbox 2134 1614 2218 1657; x_wconf 88' lang='lat' dir='ltr'>cri-</span> 
     </span>
     <span class='ocr_line' id='line_1_82' title="bbox 1241 1669 2223 1717; baseline 0.007 -6"><span class='ocrx_word' id='word_1_512' title='bbox 1241 1669 1441 1717; x_wconf 85' lang='lat' dir='ltr'>minibus,</span> <span class='ocrx_word' id='word_1_513' title='bbox 1470 1681 1626 1711; x_wconf 89' lang='lat' dir='ltr'>necnon</span> <span class='ocrx_word' id='word_1_514' title='bbox 1643 1670 1971 1714; x_wconf 87' lang='lat' dir='ltr'>habilitationum</span> <span class='ocrx_word' id='word_1_515' title='bbox 1999 1673 2041 1715; x_wconf 76' lang='grc' dir='ltr'>δι</span> <span class='ocrx_word' id='word_1_516' title='bbox 2056 1673 2223 1717; x_wconf 84' lang='lat' dir='ltr'>restitu-</span> 
     </span>
     <span class='ocr_line' id='line_1_83' title="bbox 1239 1727 2210 1784; baseline 0.007 -13"><span class='ocrx_word' id='word_1_517' title='bbox 1239 1729 1400 1772; x_wconf 89' lang='lat' dir='ltr'>tionum</span> <span class='ocrx_word' id='word_1_518' title='bbox 1415 1753 1430 1776; x_wconf 88' lang='lat'>‚</span> <span class='ocrx_word' id='word_1_519' title='bbox 1444 1727 1632 1771; x_wconf 88' lang='lat' dir='ltr'>etiamad</span> <span class='ocrx_word' id='word_1_520' title='bbox 1647 1727 1794 1774; x_wconf 86' lang='lat' dir='ltr'>samam</span> <span class='ocrx_word' id='word_1_521' title='bbox 1819 1731 1860 1773; x_wconf 71' lang='lat' dir='ltr'>sc</span> <span class='ocrx_word' id='word_1_522' title='bbox 1885 1731 2059 1776; x_wconf 84' lang='lat' dir='ltr'>bonores</span> <span class='ocrx_word' id='word_1_523' title='bbox 2074 1761 2090 1784; x_wconf 92' lang='lat'>,</span> <span class='ocrx_word' id='word_1_524' title='bbox 2117 1733 2210 1783; x_wconf 66' lang='lat' dir='ltr'>ita..</span> 
     </span>
     <span class='ocr_line' id='line_1_84' title="bbox 1240 1786 2222 1846; baseline 0.004 -15"><span class='ocrx_word' id='word_1_525' title='bbox 1240 1787 1431 1844; x_wconf 77' lang='lat' dir='ltr'>deinceps</span> <span class='ocrx_word' id='word_1_526' title='bbox 1448 1786 1674 1832; x_wconf 84' lang='lat' dir='ltr'>habendam</span> <span class='ocrx_word' id='word_1_527' title='bbox 1697 1798 1910 1846; x_wconf 86' lang='lat' dir='ltr'>optamus,</span> <span class='ocrx_word' id='word_1_528' title='bbox 1940 1799 1985 1832; x_wconf 89' lang='lat' dir='ltr'>ut</span> <span class='ocrx_word' id='word_1_529' title='bbox 2008 1790 2222 1836; x_wconf 77' lang='lat' dir='ltr'>Succeffo-</span> 
     </span>
     <span class='ocr_line' id='line_1_85' title="bbox 1242 1846 2221 1907; baseline 0.006 -17"><span class='ocrx_word' id='word_1_530' title='bbox 1242 1860 1305 1891; x_wconf 90' lang='lat' dir='ltr'>res</span> <span class='ocrx_word' id='word_1_531' title='bbox 1334 1846 1457 1890; x_wconf 75' lang='lat' dir='ltr'>nostri</span> <span class='ocrx_word' id='word_1_532' title='bbox 1475 1846 1635 1898; x_wconf 83' lang='lat' dir='ltr'>nullas,</span> <span class='ocrx_word' id='word_1_533' title='bbox 1660 1847 1731 1892; x_wconf 84' lang='lat' dir='ltr'>nifi</span> <span class='ocrx_word' id='word_1_534' title='bbox 1756 1849 1899 1893; x_wconf 88' lang='lat' dir='ltr'>saltem</span> <span class='ocrx_word' id='word_1_535' title='bbox 1930 1849 2104 1894; x_wconf 83' lang='lat' dir='ltr'>semestri</span> <span class='ocrx_word' id='word_1_536' title='bbox 2131 1852 2221 1907; x_wconf 80' lang='lat' dir='ltr'>post</span> 
     </span>
     <span class='ocr_line' id='line_1_86' title="bbox 1241 1904 2216 1967; baseline 0.005 -17"><span class='ocrx_word' id='word_1_537' title='bbox 1241 1904 1430 1964; x_wconf 83' lang='lat' dir='ltr'>cujusque</span> <span class='ocrx_word' id='word_1_538' title='bbox 1454 1905 1754 1964; x_wconf 72' lang='lat' dir='ltr'>assumptionem</span> <span class='ocrx_word' id='word_1_539' title='bbox 1778 1908 1830 1952; x_wconf 91' lang='lat' dir='ltr'>ad</span> <span class='ocrx_word' id='word_1_540' title='bbox 1852 1905 1969 1964; x_wconf 86' lang='lat' dir='ltr'>hujus</span> <span class='ocrx_word' id='word_1_541' title='bbox 1997 1909 2216 1967; x_wconf 75' lang='lat' dir='ltr'>dignitatis</span> 
     </span>
     <span class='ocr_line' id='line_1_87' title="bbox 1240 1965 2214 2025; baseline 0.006 -17"><span class='ocrx_word' id='word_1_542' title='bbox 1240 1965 1442 2024; x_wconf 82' lang='lat' dir='ltr'>fastigium</span> <span class='ocrx_word' id='word_1_543' title='bbox 1459 1967 1631 2010; x_wconf 85' lang='lat' dir='ltr'>excurso</span> <span class='ocrx_word' id='word_1_544' title='bbox 1643 1995 1658 2020; x_wconf 87' lang='lat'>,</span> <span class='ocrx_word' id='word_1_545' title='bbox 1680 1982 1728 2011; x_wconf 88' lang='lat' dir='ltr'>ae</span> <span class='ocrx_word' id='word_1_546' title='bbox 1742 1969 1930 2024; x_wconf 83' lang='lat' dir='ltr'>precibus</span> <span class='ocrx_word' id='word_1_547' title='bbox 1944 1970 2052 2024; x_wconf 87' lang='lat' dir='ltr'>apud</span> <span class='ocrx_word' id='word_1_548' title='bbox 2071 1967 2214 2025; x_wconf 88' lang='lat' dir='ltr'>supre-</span> 
     </span>
     <span class='ocr_line' id='line_1_88' title="bbox 1239 2023 2223 2083; baseline 0.006 -14"><span class='ocrx_word' id='word_1_549' title='bbox 1239 2039 1350 2069; x_wconf 90' lang='lat' dir='ltr'>mum</span> <span class='ocrx_word' id='word_1_550' title='bbox 1364 2023 1556 2070; x_wconf 78' lang='lat' dir='ltr'>Officium</span> <span class='ocrx_word' id='word_1_551' title='bbox 1571 2027 1844 2083; x_wconf 84' lang='lat' dir='ltr'>Inquifitionis</span> <span class='ocrx_word' id='word_1_552' title='bbox 1869 2027 1937 2071; x_wconf 81' lang='lat' dir='ltr'>hle</span> <span class='ocrx_word' id='word_1_553' title='bbox 1960 2029 2223 2076; x_wconf 67' lang='lat' dir='ltr'>institutum</span> 
     </span>
     <span class='ocr_line' id='line_1_89' title="bbox 1238 2082 2217 2141; baseline 0.003 -12"><span class='ocrx_word' id='word_1_554' title='bbox 1238 2082 1457 2129; x_wconf 87' lang='lat' dir='ltr'>verificatis</span> <span class='ocrx_word' id='word_1_555' title='bbox 1470 2112 1484 2136; x_wconf 89' lang='lat'>,</span> <span class='ocrx_word' id='word_1_556' title='bbox 1496 2085 1728 2130; x_wconf 78' lang='lat' dir='ltr'>concedant</span> <span class='ocrx_word' id='word_1_557' title='bbox 1744 2116 1756 2129; x_wconf 87' lang='lat'><strong>.</strong></span> <span class='ocrx_word' id='word_1_558' title='bbox 1781 2089 2062 2132; x_wconf 80' lang='lat' dir='ltr'>Decernentes</span> <span class='ocrx_word' id='word_1_559' title='bbox 2074 2101 2217 2141; x_wconf 83' lang='lat' dir='ltr'>omncs</span> 
     </span>
     <span class='ocr_line' id='line_1_90' title="bbox 1235 2142 2216 2203; baseline 0.003 -15"><span class='ocrx_word' id='word_1_560' title='bbox 1235 2146 1277 2188; x_wconf 75' lang='grc' dir='ltr'>δι</span> <span class='ocrx_word' id='word_1_561' title='bbox 1290 2142 1546 2203; x_wconf 88' lang='lat' dir='ltr'>quascunque</span> <span class='ocrx_word' id='word_1_562' title='bbox 1562 2144 1791 2203; x_wconf 85' lang='lat' dir='ltr'>hujusmodi</span> <span class='ocrx_word' id='word_1_563' title='bbox 1806 2146 2080 2192; x_wconf 78' lang='lat' dir='ltr'>absolutiones</span> <span class='ocrx_word' id='word_1_564' title='bbox 2097 2175 2113 2200; x_wconf 87' lang='lat'>,</span> <span class='ocrx_word' id='word_1_565' title='bbox 2138 2149 2216 2191; x_wconf 82' lang='lat' dir='ltr'>lia-</span> 
     </span>
     <span class='ocr_line' id='line_1_91' title="bbox 1237 2204 2216 2267; baseline 0.003 -19"><span class='ocrx_word' id='word_1_566' title='bbox 1237 2204 1489 2249; x_wconf 84' lang='lat' dir='ltr'>bilitationes</span> <span class='ocrx_word' id='word_1_567' title='bbox 1514 2206 1555 2248; x_wconf 88' lang='lat'>&amp;</span> <span class='ocrx_word' id='word_1_568' title='bbox 1577 2206 1880 2258; x_wconf 84' lang='lat' dir='ltr'>restitutiones,</span> <span class='ocrx_word' id='word_1_569' title='bbox 1907 2221 1993 2263; x_wconf 86' lang='lat' dir='ltr'>quae</span> <span class='ocrx_word' id='word_1_570' title='bbox 2021 2206 2216 2267; x_wconf 77' lang='lat' dir='ltr'>precibus</span> 
     </span>
     <span class='ocr_line' id='line_1_92' title="bbox 1235 2263 2217 2318; baseline 0.005 -11"><span class='ocrx_word' id='word_1_571' title='bbox 1235 2263 1288 2307; x_wconf 90' lang='lat' dir='ltr'>fic</span> <span class='ocrx_word' id='word_1_572' title='bbox 1305 2278 1386 2307; x_wconf 92' lang='lat' dir='ltr'>non</span> <span class='ocrx_word' id='word_1_573' title='bbox 1402 2263 1621 2308; x_wconf 89' lang='lat' dir='ltr'>verificatis</span> <span class='ocrx_word' id='word_1_574' title='bbox 1635 2292 1652 2318; x_wconf 80' lang='lat'>,</span> <span class='ocrx_word' id='word_1_575' title='bbox 1673 2264 1727 2310; x_wconf 89' lang='lat' dir='ltr'>de</span> <span class='ocrx_word' id='word_1_576' title='bbox 1739 2275 1887 2310; x_wconf 83' lang='lat' dir='ltr'>caetero</span> <span class='ocrx_word' id='word_1_577' title='bbox 1899 2265 2028 2318; x_wconf 86' lang='lat' dir='ltr'>fient,</span> <span class='ocrx_word' id='word_1_578' title='bbox 2056 2267 2217 2312; x_wconf 81' lang='lat' dir='ltr'>nemini</span> 
     </span>
     <span class='ocr_line' id='line_1_93' title="bbox 1236 2321 2217 2383; baseline 0.006 -17"><span class='ocrx_word' id='word_1_579' title='bbox 1236 2322 1399 2381; x_wconf 89' lang='lat' dir='ltr'>prorsus</span> <span class='ocrx_word' id='word_1_580' title='bbox 1413 2321 1601 2381; x_wconf 83' lang='lat' dir='ltr'>prodesse</span> <span class='ocrx_word' id='word_1_581' title='bbox 1613 2353 1628 2377; x_wconf 84' lang='lat'>,</span> <span class='ocrx_word' id='word_1_582' title='bbox 1653 2323 1719 2369; x_wconf 91' lang='lat' dir='ltr'>sed</span> <span class='ocrx_word' id='word_1_583' title='bbox 1738 2339 1813 2370; x_wconf 91' lang='lat' dir='ltr'>nec</span> <span class='ocrx_word' id='word_1_584' title='bbox 1826 2324 2088 2383; x_wconf 68' lang='lat' dir='ltr'>presentibus</span> <span class='ocrx_word' id='word_1_585' title='bbox 2102 2354 2119 2379; x_wconf 92' lang='lat'>,</span> <span class='ocrx_word' id='word_1_586' title='bbox 2143 2326 2217 2372; x_wconf 89' lang='lat' dir='ltr'>nifi</span> 
     </span>
     <span class='ocr_line' id='line_1_94' title="bbox 1235 2381 2213 2440; baseline 0.003 -13"><span class='ocrx_word' id='word_1_587' title='bbox 1235 2392 1328 2427; x_wconf 91' lang='lat' dir='ltr'>toto</span> <span class='ocrx_word' id='word_1_588' title='bbox 1343 2381 1519 2440; x_wconf 85' lang='lat' dir='ltr'>ipsarum</span> <span class='ocrx_word' id='word_1_589' title='bbox 1532 2393 1677 2428; x_wconf 91' lang='lat' dir='ltr'>tenore</span> <span class='ocrx_word' id='word_1_590' title='bbox 1704 2386 1758 2428; x_wconf 88' lang='lat' dir='ltr'>ad</span> <span class='ocrx_word' id='word_1_591' title='bbox 1775 2390 1947 2431; x_wconf 85' lang='lat' dir='ltr'>verbum</span> <span class='ocrx_word' id='word_1_592' title='bbox 1966 2384 2116 2432; x_wconf 86' lang='lat' dir='ltr'>inserto</span> <span class='ocrx_word' id='word_1_593' title='bbox 2130 2415 2145 2439; x_wconf 90' lang='lat'>,</span> <span class='ocrx_word' id='word_1_594' title='bbox 2170 2389 2213 2430; x_wconf 77' lang='grc' dir='ltr'>δι</span> 
     </span>
     <span class='ocr_line' id='line_1_95' title="bbox 1234 2443 2216 2501; baseline 0.002 -15"><span class='ocrx_word' id='word_1_595' title='bbox 1234 2443 1367 2501; x_wconf 88' lang='lat' dir='ltr'>gratia</span> <span class='ocrx_word' id='word_1_596' title='bbox 1388 2457 1438 2487; x_wconf 86' lang='lat' dir='ltr'>ex</span> <span class='ocrx_word' id='word_1_597' title='bbox 1458 2451 1570 2489; x_wconf 86' lang='lat' dir='ltr'>certa</span> <span class='ocrx_word' id='word_1_598' title='bbox 1600 2444 1775 2488; x_wconf 87' lang='lat' dir='ltr'>Romani</span> <span class='ocrx_word' id='word_1_599' title='bbox 1801 2443 2015 2490; x_wconf 86' lang='lat' dir='ltr'>Pontificis</span> <span class='ocrx_word' id='word_1_600' title='bbox 2042 2444 2216 2490; x_wconf 88' lang='lat' dir='ltr'>scientia</span> 
     </span>
     <span class='ocr_line' id='line_1_96' title="bbox 1234 2502 2216 2563; baseline 0.005 -18"><span class='ocrx_word' id='word_1_601' title='bbox 1234 2502 1364 2553; x_wconf 68' lang='lat' dir='ltr'>faeta,</span> <span class='ocrx_word' id='word_1_602' title='bbox 1388 2504 1430 2546; x_wconf 80' lang='grc' dir='ltr'>δι</span> <span class='ocrx_word' id='word_1_603' title='bbox 1461 2503 1628 2560; x_wconf 87' lang='lat' dir='ltr'>propria</span> <span class='ocrx_word' id='word_1_604' title='bbox 1642 2517 1763 2548; x_wconf 86' lang='lat' dir='ltr'>manu</span> <span class='ocrx_word' id='word_1_605' title='bbox 1784 2503 2033 2563; x_wconf 73' lang='lat' dir='ltr'>subsignata,</span> <span class='ocrx_word' id='word_1_606' title='bbox 2060 2504 2147 2549; x_wconf 87' lang='lat' dir='ltr'>ulla</span> <span class='ocrx_word' id='word_1_607' title='bbox 2173 2507 2216 2550; x_wconf 92' lang='lat' dir='ltr'>in</span> 
     </span>
     <span class='ocr_line' id='line_1_97' title="bbox 1236 2563 2218 2622; baseline 0.005 -18"><span class='ocrx_word' id='word_1_608' title='bbox 1236 2572 1354 2619; x_wconf 86' lang='lat' dir='ltr'>parte</span> <span class='ocrx_word' id='word_1_609' title='bbox 1376 2563 1592 2619; x_wconf 89' lang='lat' dir='ltr'>derogari,</span> <span class='ocrx_word' id='word_1_610' title='bbox 1615 2577 1689 2607; x_wconf 92' lang='lat' dir='ltr'>nec</span> <span class='ocrx_word' id='word_1_611' title='bbox 1710 2563 1959 2622; x_wconf 81' lang='lat' dir='ltr'>derogatum</span> <span class='ocrx_word' id='word_1_612' title='bbox 1973 2565 2130 2609; x_wconf 86' lang='lat' dir='ltr'>censeri</span> <span class='ocrx_word' id='word_1_613' title='bbox 2141 2564 2218 2609; x_wconf 90' lang='lat' dir='ltr'>de-</span> 
     </span>
     <span class='ocr_line' id='line_1_98' title="bbox 1237 2620 2218 2677; baseline 0.002 -13"><span class='ocrx_word' id='word_1_614' title='bbox 1237 2623 1351 2673; x_wconf 89' lang='lat' dir='ltr'>bere,</span> <span class='ocrx_word' id='word_1_615' title='bbox 1368 2623 1406 2665; x_wconf 75' lang='grc' dir='ltr'>δι</span> <span class='ocrx_word' id='word_1_616' title='bbox 1424 2624 1450 2664; x_wconf 80' lang='lat' dir='ltr'>fi</span> <span class='ocrx_word' id='word_1_617' title='bbox 1467 2620 1541 2664; x_wconf 89' lang='lat' dir='ltr'>illis</span> <span class='ocrx_word' id='word_1_618' title='bbox 1556 2633 1608 2664; x_wconf 81' lang='lat' dir='ltr'>ex</span> <span class='ocrx_word' id='word_1_619' title='bbox 1622 2634 1866 2677; x_wconf 88' lang='lat' dir='ltr'>quacunque</span> <span class='ocrx_word' id='word_1_620' title='bbox 1880 2621 1996 2664; x_wconf 83' lang='lat' dir='ltr'>causa</span> <span class='ocrx_word' id='word_1_621' title='bbox 2011 2623 2129 2666; x_wconf 80' lang='lat' dir='ltr'>aliter</span> <span class='ocrx_word' id='word_1_622' title='bbox 2144 2623 2218 2666; x_wconf 87' lang='lat' dir='ltr'>de·</span> 
     </span>
     <span class='ocr_line' id='line_1_99' title="bbox 1236 2676 2214 2737; baseline 0.007 -19"><span class='ocrx_word' id='word_1_623' title='bbox 1236 2681 1373 2734; x_wconf 69' lang='lat' dir='ltr'>rogari</span> <span class='ocrx_word' id='word_1_624' title='bbox 1388 2678 1614 2732; x_wconf 84' lang='lat' dir='ltr'>contigerit</span> <span class='ocrx_word' id='word_1_625' title='bbox 1626 2703 1641 2726; x_wconf 90' lang='lat'>,</span> <span class='ocrx_word' id='word_1_626' title='bbox 1666 2676 1959 2735; x_wconf 81' lang='lat' dir='ltr'>derogationes</span> <span class='ocrx_word' id='word_1_627' title='bbox 1987 2679 2214 2737; x_wconf 80' lang='lat' dir='ltr'>hujusmodi</span> 
     </span>
     <span class='ocr_line' id='line_1_100' title="bbox 1236 2733 2210 2791; baseline 0.006 -12"><span class='ocrx_word' id='word_1_628' title='bbox 1236 2737 1382 2779; x_wconf 88' lang='lat' dir='ltr'>nullius</span> <span class='ocrx_word' id='word_1_629' title='bbox 1401 2736 1560 2791; x_wconf 81' lang='lat' dir='ltr'>prorius</span> <span class='ocrx_word' id='word_1_630' title='bbox 1578 2733 1665 2778; x_wconf 86' lang='lat' dir='ltr'>sore</span> <span class='ocrx_word' id='word_1_631' title='bbox 1680 2737 1835 2780; x_wconf 88' lang='lat' dir='ltr'>roboris</span> <span class='ocrx_word' id='word_1_632' title='bbox 1849 2739 1887 2780; x_wconf 77' lang='grc' dir='ltr'>δι</span> <span class='ocrx_word' id='word_1_633' title='bbox 1909 2739 2133 2783; x_wconf 83' lang='lat' dir='ltr'>momenti.</span> <span class='ocrx_word' id='word_1_634' title='bbox 2208 2781 2210 2786; x_wconf 91' lang='lat'><em>.</em></span> 
     </span>
    </p>

    <p class='ocr_par' dir='ltr' id='par_1_13' title="bbox 1228 2794 2215 3674">
     <span class='ocr_line' id='line_1_101' title="bbox 1348 2794 2215 2856; baseline 0.01 -21"><span class='ocrx_word' id='word_1_635' title='bbox 1348 2795 1541 2850; x_wconf 76' lang='lat' dir='ltr'>jubemus</span> <span class='ocrx_word' id='word_1_636' title='bbox 1567 2794 1689 2849; x_wconf 86' lang='lat' dir='ltr'>igitur</span> <span class='ocrx_word' id='word_1_637' title='bbox 1716 2796 1925 2839; x_wconf 85' lang='lat' dir='ltr'>universos</span> <span class='ocrx_word' id='word_1_638' title='bbox 1967 2798 2006 2839; x_wconf 76' lang='grc' dir='ltr'>δι</span> <span class='ocrx_word' id='word_1_639' title='bbox 2036 2796 2215 2856; x_wconf 78' lang='lat' dir='ltr'>singulos</span> 
     </span>
     <span class='ocr_line' id='line_1_102' title="bbox 1234 2852 2214 2914; baseline 0.005 -19"><span class='ocrx_word' id='word_1_640' title='bbox 1234 2852 1490 2895; x_wconf 80' lang='lat' dir='ltr'>Patriarcbas</span> <span class='ocrx_word' id='word_1_641' title='bbox 1514 2878 1529 2902; x_wconf 90' lang='lat'>,</span> <span class='ocrx_word' id='word_1_642' title='bbox 1560 2853 1757 2897; x_wconf 86' lang='lat' dir='ltr'>Primates</span> <span class='ocrx_word' id='word_1_643' title='bbox 1781 2881 1796 2904; x_wconf 87' lang='lat'>,</span> <span class='ocrx_word' id='word_1_644' title='bbox 1822 2856 2169 2914; x_wconf 78' lang='lat' dir='ltr'>Archiepiscopos</span> <span class='ocrx_word' id='word_1_645' title='bbox 2196 2887 2214 2912; x_wconf 83' lang='lat'>‚</span> 
     </span>
     <span class='ocr_line' id='line_1_103' title="bbox 1234 2909 2213 2969; baseline 0.005 -13"><span class='ocrx_word' id='word_1_646' title='bbox 1234 2909 1485 2969; x_wconf 77' lang='lat' dir='ltr'>Episcopos‚</span> <span class='ocrx_word' id='word_1_647' title='bbox 1506 2913 1545 2956; x_wconf 76' lang='lat' dir='ltr'>dt</span> <span class='ocrx_word' id='word_1_648' title='bbox 1573 2923 1743 2958; x_wconf 81' lang='lat' dir='ltr'>coeteros</span> <span class='ocrx_word' id='word_1_649' title='bbox 1770 2915 2043 2960; x_wconf 80' lang='lat' dir='ltr'>Ecelcfiarum</span> <span class='ocrx_word' id='word_1_650' title='bbox 2062 2917 2213 2963; x_wconf 76' lang='lat' dir='ltr'>Proela-</span> 
     </span>
     <span class='ocr_line' id='line_1_104' title="bbox 1234 2970 2212 3031; baseline 0.008 -18"><span class='ocrx_word' id='word_1_651' title='bbox 1234 2982 1396 3028; x_wconf 76' lang='lat' dir='ltr'>tospcr</span> <span class='ocrx_word' id='word_1_652' title='bbox 1421 2970 1653 3016; x_wconf 86' lang='lat' dir='ltr'>universum</span> <span class='ocrx_word' id='word_1_653' title='bbox 1678 2973 1833 3019; x_wconf 85' lang='lat' dir='ltr'>Orbem</span> <span class='ocrx_word' id='word_1_654' title='bbox 1857 2977 2098 3021; x_wconf 77' lang='lat' dir='ltr'>constitutos</span> <span class='ocrx_word' id='word_1_655' title='bbox 2121 3007 2137 3031; x_wconf 89' lang='lat'>,</span> <span class='ocrx_word' id='word_1_656' title='bbox 2166 2986 2212 3021; x_wconf 88' lang='lat' dir='ltr'>ut</span> 
     </span>
     <span class='ocr_line' id='line_1_105' title="bbox 1236 3029 2213 3093; baseline 0.008 -19"><span class='ocrx_word' id='word_1_657' title='bbox 1236 3045 1308 3089; x_wconf 87' lang='lat' dir='ltr'>per</span> <span class='ocrx_word' id='word_1_658' title='bbox 1324 3029 1362 3073; x_wconf 91' lang='lat' dir='ltr'>se</span> <span class='ocrx_word' id='word_1_659' title='bbox 1377 3030 1439 3073; x_wconf 85' lang='lat' dir='ltr'>vel</span> <span class='ocrx_word' id='word_1_660' title='bbox 1456 3029 1579 3075; x_wconf 80' lang='lat' dir='ltr'>alium</span> <span class='ocrx_word' id='word_1_661' title='bbox 1592 3060 1608 3085; x_wconf 87' lang='lat'>‚</span> <span class='ocrx_word' id='word_1_662' title='bbox 1630 3029 1695 3076; x_wconf 92' lang='lat' dir='ltr'>scu</span> <span class='ocrx_word' id='word_1_663' title='bbox 1710 3032 1811 3078; x_wconf 87' lang='lat' dir='ltr'>alios</span> <span class='ocrx_word' id='word_1_664' title='bbox 1826 3061 1841 3086; x_wconf 86' lang='lat'>,</span> <span class='ocrx_word' id='word_1_665' title='bbox 1866 3035 2078 3093; x_wconf 68' lang='lat' dir='ltr'>presentes</span> <span class='ocrx_word' id='word_1_666' title='bbox 2096 3035 2213 3082; x_wconf 86' lang='lat' dir='ltr'>litte·</span> 
     </span>
     <span class='ocr_line' id='line_1_106' title="bbox 1235 3093 2213 3154; baseline 0.006 -19"><span class='ocrx_word' id='word_1_667' title='bbox 1235 3105 1296 3135; x_wconf 88' lang='lat' dir='ltr'>ras</span> <span class='ocrx_word' id='word_1_668' title='bbox 1308 3120 1323 3142; x_wconf 83' lang='lat'>‚</span> <span class='ocrx_word' id='word_1_669' title='bbox 1337 3100 1409 3135; x_wconf 82' lang='lat' dir='ltr'>aut</span> <span class='ocrx_word' id='word_1_670' title='bbox 1420 3104 1560 3135; x_wconf 87' lang='lat' dir='ltr'>earum</span> <span class='ocrx_word' id='word_1_671' title='bbox 1575 3093 1760 3150; x_wconf 76' lang='lat' dir='ltr'>exempla</span> <span class='ocrx_word' id='word_1_672' title='bbox 1776 3095 1814 3137; x_wconf 90' lang='lat' dir='ltr'>in</span> <span class='ocrx_word' id='word_1_673' title='bbox 1832 3093 1908 3139; x_wconf 87' lang='lat' dir='ltr'>suis</span> <span class='ocrx_word' id='word_1_674' title='bbox 1923 3095 2023 3154; x_wconf 89' lang='lat' dir='ltr'>quis</span> <span class='ocrx_word' id='word_1_675' title='bbox 2043 3110 2093 3141; x_wconf 90' lang='lat' dir='ltr'>ue</span> <span class='ocrx_word' id='word_1_676' title='bbox 2108 3097 2213 3140; x_wconf 80' lang='lat' dir='ltr'>Pro·</span> 
     </span>
     <span class='ocr_line' id='line_1_107' title="bbox 1237 3151 2211 3206; baseline 0.005 -11"><span class='ocrx_word' id='word_1_677' title='bbox 1237 3152 1376 3195; x_wconf 89' lang='lat' dir='ltr'>vinciis</span> <span class='ocrx_word' id='word_1_678' title='bbox 1390 3178 1403 3202; x_wconf 81' lang='grc'><em>,</em></span> <span class='ocrx_word' id='word_1_679' title='bbox 1421 3151 1669 3197; x_wconf 84' lang='lat' dir='ltr'>Civitatibus</span> <span class='ocrx_word' id='word_1_680' title='bbox 1682 3181 1697 3206; x_wconf 85' lang='lat'>,</span> <span class='ocrx_word' id='word_1_681' title='bbox 1714 3153 1961 3201; x_wconf 80' lang='lat' dir='ltr'>Dioeccfibus</span> <span class='ocrx_word' id='word_1_682' title='bbox 1976 3159 2015 3202; x_wconf 85' lang='lat'>&amp;</span> <span class='ocrx_word' id='word_1_683' title='bbox 2048 3156 2133 3200; x_wconf 91' lang='lat' dir='ltr'>ocis</span> <span class='ocrx_word' id='word_1_684' title='bbox 2147 3154 2211 3200; x_wconf 89' lang='lat' dir='ltr'>so·</span> 
     </span>
     <span class='ocr_line' id='line_1_108' title="bbox 1237 3210 2208 3271; baseline 0.007 -19"><span class='ocrx_word' id='word_1_685' title='bbox 1237 3211 1426 3256; x_wconf 82' lang='lat' dir='ltr'>lemnitcr</span> <span class='ocrx_word' id='word_1_686' title='bbox 1441 3210 1671 3266; x_wconf 84' lang='lat' dir='ltr'>publicari,</span> <span class='ocrx_word' id='word_1_687' title='bbox 1695 3214 1972 3271; x_wconf 53' lang='lat' dir='ltr'>&amp;multotum</span> <span class='ocrx_word' id='word_1_688' title='bbox 1988 3217 2028 3261; x_wconf 92' lang='lat' dir='ltr'>in</span> <span class='ocrx_word' id='word_1_689' title='bbox 2057 3213 2096 3261; x_wconf 81' lang='lat' dir='ltr'>se</span> <span class='ocrx_word' id='word_1_690' title='bbox 2124 3214 2208 3266; x_wconf 81' lang='lat' dir='ltr'>est,</span> 
     </span>
     <span class='ocr_line' id='line_1_109' title="bbox 1236 3268 2210 3329; baseline 0.006 -15"><span class='ocrx_word' id='word_1_691' title='bbox 1236 3270 1412 3315; x_wconf 84' lang='lat' dir='ltr'>sirmiter</span> <span class='ocrx_word' id='word_1_692' title='bbox 1424 3268 1629 3315; x_wconf 79' lang='lat' dir='ltr'>observari</span> <span class='ocrx_word' id='word_1_693' title='bbox 1644 3283 1865 3329; x_wconf 87' lang='lat' dir='ltr'>procurent</span> <span class='ocrx_word' id='word_1_694' title='bbox 1885 3286 1899 3318; x_wconf 75' lang='lat' dir='ltr'>s</span> <span class='ocrx_word' id='word_1_695' title='bbox 1928 3273 2210 3320; x_wconf 65' lang='lat' dir='ltr'>conti-adiun-</span> 
     </span>
     <span class='ocr_line' id='line_1_110' title="bbox 1230 3326 2208 3450; baseline 0.002 -17"><span class='ocrx_word' id='word_1_696' title='bbox 1230 3326 1965 3450; x_wconf 54' lang='grc' dir='ltr'>ξῗέηέἕίῗςῗ.ζ’ῗῖῗρςῗῗὶιῑὶῐῖῶζέἷιξὲ</span> <span class='ocrx_word' id='word_1_697' title='bbox 1996 3335 2208 3444; x_wconf 57' lang='lat'>5¹:⁸23:</span> 
     </span>
     <span class='ocr_line' id='line_1_111' title="bbox 1230 3448 2205 3517; baseline 0.004 -25"><span class='ocrx_word' id='word_1_698' title='bbox 1230 3448 1430 3517; x_wconf 84' lang='lat' dir='ltr'>pescendo</span> <span class='ocrx_word' id='word_1_699' title='bbox 1442 3477 1459 3503; x_wconf 88' lang='lat'>‚</span> <span class='ocrx_word' id='word_1_700' title='bbox 1487 3449 1663 3509; x_wconf 82' lang='lat' dir='ltr'>ipsasque</span> <span class='ocrx_word' id='word_1_701' title='bbox 1676 3450 1867 3497; x_wconf 84' lang='lat' dir='ltr'>censuras</span> <span class='ocrx_word' id='word_1_702' title='bbox 1888 3454 1930 3496; x_wconf 77' lang='grc' dir='ltr'>δι</span> <span class='ocrx_word' id='word_1_703' title='bbox 1941 3465 2066 3511; x_wconf 65' lang='lat' dir='ltr'>penas</span> <span class='ocrx_word' id='word_1_704' title='bbox 2078 3453 2205 3496; x_wconf 86' lang='lat' dir='ltr'>etiam</span> 
     </span>
     <span class='ocr_line' id='line_1_112' title="bbox 1228 3508 2205 3568; baseline 0.004 -16"><span class='ocrx_word' id='word_1_705' title='bbox 1228 3508 1390 3553; x_wconf 83' lang='lat' dir='ltr'>iteratis</span> <span class='ocrx_word' id='word_1_706' title='bbox 1406 3509 1564 3555; x_wconf 83' lang='lat' dir='ltr'>vicibus</span> <span class='ocrx_word' id='word_1_707' title='bbox 1579 3524 1600 3553; x_wconf 84' lang='lat' dir='ltr'>a</span> <span class='ocrx_word' id='word_1_708' title='bbox 1631 3510 1861 3568; x_wconf 83' lang='lat' dir='ltr'>gravando,</span> <span class='ocrx_word' id='word_1_709' title='bbox 1876 3512 2068 3556; x_wconf 84' lang='lat' dir='ltr'>invocato</span> <span class='ocrx_word' id='word_1_710' title='bbox 2078 3510 2205 3556; x_wconf 89' lang='lat' dir='ltr'>etiam</span> 
     </span>
     <span class='ocr_line' id='line_1_113' title="bbox 1229 3565 2204 3627; baseline 0.002 -14"><span class='ocrx_word' id='word_1_711' title='bbox 1229 3569 1372 3613; x_wconf 82' lang='lat' dir='ltr'>adhoc</span> <span class='ocrx_word' id='word_1_712' title='bbox 1388 3597 1403 3620; x_wconf 82' lang='lat'><strong>‚</strong></span> <span class='ocrx_word' id='word_1_713' title='bbox 1427 3565 1454 3611; x_wconf 85' lang='lat' dir='ltr'>fi</span> <span class='ocrx_word' id='word_1_714' title='bbox 1468 3582 1572 3627; x_wconf 88' lang='lat' dir='ltr'>opus</span> <span class='ocrx_word' id='word_1_715' title='bbox 1609 3571 1741 3627; x_wconf 81' lang='lat' dir='ltr'>uerit,</span> <span class='ocrx_word' id='word_1_716' title='bbox 1767 3568 1921 3616; x_wconf 78' lang='lat' dir='ltr'>auxilio</span> <span class='ocrx_word' id='word_1_717' title='bbox 1934 3570 2087 3616; x_wconf 81' lang='lat' dir='ltr'>brachii</span> <span class='ocrx_word' id='word_1_718' title='bbox 2109 3571 2204 3615; x_wconf 84' lang='lat' dir='ltr'>bra-</span> 
     </span>
     <span class='ocr_line' id='line_1_114' title="bbox 1228 3626 1549 3674; baseline 0.006 -2"><span class='ocrx_word' id='word_1_719' title='bbox 1228 3627 1312 3672; x_wconf 83' lang='lat' dir='ltr'>chii</span> <span class='ocrx_word' id='word_1_720' title='bbox 1327 3626 1519 3674; x_wconf 66' lang='lat' dir='ltr'>secularis</span> <span class='ocrx_word' id='word_1_721' title='bbox 1536 3659 1549 3673; x_wconf 88' lang='lat'><strong>.</strong></span> 
     </span>
    </p>

    <p class='ocr_par' dir='ltr' id='par_1_14' title="bbox 1345 3688 2203 3745">
     <span class='ocr_line' id='line_1_115' title="bbox 1345 3688 2203 3745; baseline 0.001 -12"><span class='ocrx_word' id='word_1_722' title='bbox 1345 3690 1443 3733; x_wconf 81' lang='lat' dir='ltr'>Non</span> <span class='ocrx_word' id='word_1_723' title='bbox 1459 3688 1711 3735; x_wconf 78' lang='lat' dir='ltr'>obstantibus</span> <span class='ocrx_word' id='word_1_724' title='bbox 1723 3688 2103 3739; x_wconf 78' lang='lat' dir='ltr'>constitutionibus</span> <span class='ocrx_word' id='word_1_725' title='bbox 2121 3717 2138 3745; x_wconf 84' lang='lat'><strong>‚</strong></span> <span class='ocrx_word' id='word_1_726' title='bbox 2160 3690 2203 3734; x_wconf 69' lang='lat' dir='ltr'>Be</span> 
     </span>
    </p>
   </div>
   <div class='ocr_carea' id='block_1_7' title="bbox 194 3742 2203 3810">
    <p class='ocr_par' dir='ltr' id='par_1_15' title="bbox 194 3742 2203 3810">
     <span class='ocr_line' id='line_1_116' title="bbox 194 3742 2203 3810; baseline 0.004 -23"><span class='ocrx_word' id='word_1_727' title='bbox 194 3745 328 3797; x_wconf 81' lang='lat' dir='ltr'>ribus,</span> <span class='ocrx_word' id='word_1_728' title='bbox 339 3742 380 3787; x_wconf 64' lang='grc' dir='ltr'><strong><em>ἃ</em></strong></span> <span class='ocrx_word' id='word_1_729' title='bbox 393 3756 633 3801; x_wconf 86' lang='lat' dir='ltr'>quacunque</span> <span class='ocrx_word' id='word_1_730' title='bbox 646 3747 767 3790; x_wconf 82' lang='lat' dir='ltr'>etism</span> <span class='ocrx_word' id='word_1_731' title='bbox 786 3743 1018 3804; x_wconf 73' lang='lat' dir='ltr'>Episcopali</span> <span class='ocrx_word' id='word_1_732' title='bbox 1033 3748 1074 3791; x_wconf 69' lang='lat' dir='ltr'>dt</span> <span class='ocrx_word' id='word_1_733' title='bbox 1086 3761 1166 3791; x_wconf 85' lang='lat' dir='ltr'>ma·</span> <span class='ocrx_word' id='word_1_734' title='bbox 1224 3746 1553 3794; x_wconf 80' lang='lat' dir='ltr'>ordinationibus</span> <span class='ocrx_word' id='word_1_735' title='bbox 1565 3748 1811 3806; x_wconf 68' lang='lat' dir='ltr'>Apostolicis</span> <span class='ocrx_word' id='word_1_736' title='bbox 1826 3777 1841 3804; x_wconf 84' lang='lat'>‚</span> <span class='ocrx_word' id='word_1_737' title='bbox 1858 3750 2089 3810; x_wconf 74' lang='lat' dir='ltr'>ceterisque</span> <span class='ocrx_word' id='word_1_738' title='bbox 2102 3763 2203 3795; x_wconf 85' lang='lat' dir='ltr'>con-</span> 
     </span>
    </p>
   </div>
   <div class='ocr_carea' id='block_1_8' title="bbox 185 3802 1164 3919">
    <p class='ocr_par' dir='ltr' id='par_1_16' title="bbox 185 3802 1164 3919">
     <span class='ocr_line' id='line_1_117' title="bbox 189 3802 1164 3865; baseline 0.003 -18"><span class='ocrx_word' id='word_1_739' title='bbox 189 3802 283 3860; x_wconf 81' lang='lat' dir='ltr'>jore</span> <span class='ocrx_word' id='word_1_740' title='bbox 295 3802 495 3860; x_wconf 84' lang='lat' dir='ltr'>dignitate</span> <span class='ocrx_word' id='word_1_741' title='bbox 508 3804 688 3857; x_wconf 72' lang='lat' dir='ltr'>preditis</span> <span class='ocrx_word' id='word_1_742' title='bbox 702 3831 716 3852; x_wconf 83' lang='lat'><em>‚</em></span> <span class='ocrx_word' id='word_1_743' title='bbox 743 3819 788 3848; x_wconf 83' lang='lat' dir='ltr'>sc</span> <span class='ocrx_word' id='word_1_744' title='bbox 806 3808 925 3850; x_wconf 72' lang='lat' dir='ltr'>etism</span> <span class='ocrx_word' id='word_1_745' title='bbox 943 3805 1164 3865; x_wconf 83' lang='lat' dir='ltr'>privilegio</span> 
     </span>
     <span class='ocr_line' id='line_1_118' title="bbox 185 3862 1163 3919; baseline -0.001 -11"><span class='ocrx_word' id='word_1_746' title='bbox 185 3863 569 3919; x_wconf 80' lang='lat' dir='ltr'>quomodocumque</span> <span class='ocrx_word' id='word_1_747' title='bbox 586 3862 754 3907; x_wconf 70' lang='lat' dir='ltr'>suffultis</span> <span class='ocrx_word' id='word_1_748' title='bbox 766 3892 782 3916; x_wconf 88' lang='lat'>,</span> <span class='ocrx_word' id='word_1_749' title='bbox 798 3863 1053 3910; x_wconf 84' lang='lat' dir='ltr'>decernimus</span> <span class='ocrx_word' id='word_1_750' title='bbox 1070 3877 1163 3910; x_wconf 79' lang='lat' dir='ltr'>cxc·</span> 
     </span>
    </p>
   </div>
   <div class='ocr_carea' id='block_1_9' title="bbox 1225 3807 2202 3988">
    <p class='ocr_par' dir='ltr' id='par_1_17' title="bbox 1225 3807 2202 3988">
     <span class='ocr_line' id='line_1_119' title="bbox 1225 3807 1705 3867; baseline 0.004 -16"><span class='ocrx_word' id='word_1_751' title='bbox 1225 3807 1364 3853; x_wconf 82' lang='lat' dir='ltr'>trariis</span> <span class='ocrx_word' id='word_1_752' title='bbox 1376 3807 1679 3867; x_wconf 84' lang='lat' dir='ltr'>quibuscunque</span> <span class='ocrx_word' id='word_1_753' title='bbox 1692 3837 1705 3853; x_wconf 85' lang='lat'><strong>.</strong></span> 
     </span>
     <span class='ocr_line' id='line_1_120' title="bbox 1339 3867 2202 3988; baseline 0.002 -77"><span class='ocrx_word' id='word_1_754' title='bbox 1339 3867 1540 3912; x_wconf 85' lang='lat' dir='ltr'>Volumus</span> <span class='ocrx_word' id='word_1_755' title='bbox 1554 3877 1690 3912; x_wconf 84' lang='lat' dir='ltr'>autem</span> <span class='ocrx_word' id='word_1_756' title='bbox 1707 3897 1720 3923; x_wconf 82' lang='lat'>,</span> <span class='ocrx_word' id='word_1_757' title='bbox 1734 3877 1778 3913; x_wconf 90' lang='lat' dir='ltr'>ut</span> <span class='ocrx_word' id='word_1_758' title='bbox 1793 3868 2048 3928; x_wconf 75' lang='lat' dir='ltr'>praestntium</span> <span class='ocrx_word' id='word_1_759' title='bbox 2064 3882 2202 3988; x_wconf 43' lang='lat' dir='ltr'>einim-</span> 
     </span>
    </p>
   </div>
  </div>
 </body>
</html>
