2444 4192
395 210 562 280 152-

336 623 556 687 ⁹Venetus,
587 629 741 679 Petrus
770 629 915 680 Barba
936 630 1061 680 &ntea
1086 647 1268 683 vocatus
1298 669 1315 691 ‚

585 397 1664 546 PAULUS
1841 396 2075 536 IL

1353 632 1401 683 S.
1418 632 1552 684 R.E.
1583 628 1814 694 Presbyter
1846 624 2095 678 Cardiualis
2122 626 2198 672 tit.
2225 619 2332 670 San·

391 700 455 749 Hi
486 697 638 750 Marci
663 718 747 762 30.
787 700 967 770 Augusti
1000 711 1151 767 1464.
1193 703 1491 770 Pontificatum
1518 703 1691 770 adeptus
1723 699 1792 749 efl
1820 735 1835 759 ,
1864 702 1984 763 cujus
2008 693 2330 759 Mais-flarent„

307 820 316 836 ἒ
393 773 454 820 <J
480 770 734 819 amaritate
760 806 778 830 ,
819 774 878 822 0·
902 777 1035 823 armis
1066 774 1248 824 adauxit
1276 810 1289 823 .
1336 774 1457 824 Sedit
1481 788 1562 841 per
1594 792 1721 822 annos
1746 781 1801 821 6.
1828 769 1980 835 menses
2015 784 2093 816 ιο.
2123 764 2213 813 dies
2243 772 2327 812 26.

390 840 443 889 ab
474 839 669 890 eleHione
715 843 1008 910 computandos
1037 881 1050 894 .
1094 845 1244 895 Vitem
1286 863 1378 894 cum
1418 860 1551 895 morte
1581 845 1863 896 commutavit
1892 841 2038 890 Romae
2087 852 2170 901 25.
2211 831 2332 891 Iulii

392 927 487 971 147
499 929 543 960 t.
574 913 635 963 ad
658 912 694 963 S
695 949 709 964 .
725 912 914 966 ‘Petrum
929 916 1125 984 fipultus
1139 953 1153 966 .

304 1038 557 1111 Privilegia
588 1044 764 1094 Ordini
783 1046 1073 1095 Minoritano
1103 1045 1131 1094 ὲ
1159 1048 1293 1094 Sum-

377 1115 466 1163 mis
512 1112 814 1164 Pontificibus
884 1112 1288 1168 Praedecefforibus

376 1182 585 1234 conceffa
598 1220 615 1243 ,
644 1182 881 1236 indefinite
911 1183 1184 1238 confirmat.

245 1325 694 1383 -.1²AULUs
746 1329 1254 1388 EPISCOPUS

493 1455 673 1500 Snvus
702 1456 962 1502 Seavonuu
979 1459 1063 1502 Der
1078 1488 1093 1501 .

457 1574 531 1619 Ad
543 1583 785 1631 porpetuarn
813 1578 877 1618 rei
902 1577 1162 1619 memoriam.

305 1720 311 1727 -
388 1695 498 1736 Nter
519 1700 692 1737 ceteros
723 1691 900 1737 Ordines
930 1693 969 1735 in
999 1706 1103 1750 agro
1130 1693 1297 1738 Domini

303 1774 309 1780 ·
407 1752 614 1808 plantatos
642 1756 810 1795 Sacrum
839 1752 1041 1796 Ordinem
1072 1755 1302 1798 Fratrum-0

306 1812 528 1855 Minorum
554 1813 634 1855 suis
659 1812 921 1867 exigentibus
946 1813 1108 1856 meritis
1122 1814 1302 1868 gerimus

305 1868 355 1913 in
378 1867 601 1915 visceribus
621 1870 837 1912 charitatis
851 1897 867 1921 ,
895 1871 932 1912 δι
951 1872 1000 1914 ad
1018 1885 1064 1914 ea
1081 1873 1300 1927 vigilanter

306 1926 570 1972 intendimus
597 1956 614 1981 ,
636 1942 683 1971 ac
715 1942 835 1983 opem
866 1930 908 1972 δι
930 1944 1099 1987 operam
1114 1930 1300 1976 efficaces

309 1987 606 2042 impartimur,
640 2001 712 2042 per
728 2002 816 2043 qus:
844 1988 963 2031 slatus
983 1988 1161 2044 ejusdem
1175 1990 1301 2032 Ordi-

308 2047 373 2088 nis
388 2047 440 2087 ad
464 2047 606 2086 Divini
623 2047 798 2086 nominis
818 2047 991 2099 gloriam
1011 2048 1072 2097 ,ἃ
1086 2046 1302 2088 exaltatio·

311 2116 407 2145 nem
437 2102 668 2145 Catholicae
692 2101 809 2146 Fidei
843 2104 1045 2161 prosperis
1070 2102 1224 2162 semper
1239 2103 1299 2147 af·

301 2162 404 2205 fluat
425 2160 696 2214 suceeffibus,
725 2162 767 2205 δι
785 2162 831 2206 iis
850 2190 866 2215 ,
890 2178 978 2220 quie
989 2161 1161 2220 prefato
1172 2164 1299 2207 Ordi-

303 2221 347 2264 υἱ
362 2250 378 2273 ,
392 2222 434 2264 δι
450 2220 538 2277 ejus
556 2219 770 2265 fratribus
795 2234 869 2274 per
885 2218 1198 2264 Proedecelsores
1224 2234 1296 2263 no·

306 2280 412 2322 ssros
429 2280 647 2321 Romanos
662 2277 880 2321 Pontifices
895 2274 1079 2322 conceffa
1104 2278 1192 2322 sunt
1204 2307 1218 2330 ‚
1247 2278 1295 2321 li·

308 2337 488 2388 beuter,
501 2350 598 2380 cum
611 2340 636 2379 a
655 2336 783 2379 Nobis
799 2338 970 2392 petitur,
986 2337 1204 2381 munimem
1221 2336 1295 2380 ad-

305 2395 471 2453 jicimus
499 2393 729 2437 firmitatis.
760 2397 900 2447 Cum,
944 2396 1043 2439 fieut
1078 2396 1293 2441 exhibita-2

305 2456 442 2498 Nobis
457 2467 584 2511 nuper
600 2466 674 2509 pro
685 2461 804 2509 parte
821 2454 960 2498 dilecti
984 2454 1076 2499 Filii
1095 2453 1297 2500 Francisci

306 2512 363 2557 de
379 2518 449 2557 ba*
460 2526 541 2557 ona
559 2511 923 2558 ordinnfraimm
937 2515 1144 2559 Minorurn
1160 2517 1298 2559 Gene-

307 2572 404 2615 ralis
419 2572 460 2613 in
480 2571 715 2626 Theologia
734 2574 918 2629 Magistri
947 2573 1095 2631 petitio
1108 2574 1296 2618 contine·

304 2630 412 2682 bat,
442 2632 553 2686 quod
581 2633 726 2687 plures
760 2632 933 2677 Romani
960 2632 1177 2678 Pontifices
1192 2633 1297 2675 Ρη-

305 2686 534 2734 deceisores
563 2689 687 2733 nostri
715 2690 875 2735 diversa
900 2691 1053 2749 privile
1083 2693 1117 2735 is
1142 2689 1212 2735 sub
1228 2705 1297 2734 va·

305 2751 381 2792 siis
408 2746 552 2791 sorniis
578 2747 714 2792 eidem
742 2750 919 2800 ordini,
945 2749 1034 2795 illiu
1054 2766 1133 2809 que
1151 2750 1299 2795 Fratri·

307 2806 389 2852 bus
403 2807 596 2851 haetenus
611 2808 895 2854 coucelierunt
908 2834 924 2859 ,
949 2810 989 2853 δι
1006 2821 1223 2868 propterea
1236 2809 1299 2853 di·

311 2867 402 2911 &us
415 2868 634 2911 Generalis
648 2882 724 2935 pro
745 2876 873 2924 pace,
898 2869 1091 2927 &quiete
1114 2873 1299 2915 Fratrum

309 2923 495 2983 ejusdem
511 2928 678 2970 Ordinis
695 2927 950 2985 summopere
966 2928 1168 2975 defideret
1190 2959 1205 2981 ,
1234 2928 1303 2973 ills

309 2997 391 3042 per
413 2986 601 3029 eamdem
631 2988 829 3033 bedemA
892 2986 1074 3032 llolicsm
1101 3004 1121 3033 a
1154 2989 1304 3046 proba-

311 3043 379 3094 ti,
402 3054 450 3088 ut
467 3046 589 3090 Ordo
605 3044 687 3102 ipse
700 3074 716 3098 ‚
735 3060 785 3091 ac
803 3047 829 3090 il
853 3049 913 3090 ius
931 3050 1093 3093 Fratres
1141 3050 1221 3095 ictu
1235 3054 1303 3093 be-

309 3101 378 3146 dis
406 3103 538 3148 fulciti
567 3104 760 3162 proefidiis
789 3108 980 3151 devotius
1009 3137 1025 3160 ‚
1052 3109 1094 3152 ds
1123 3109 1304 3167 quietius

304 3173 414 3205 uota
429 3165 494 3207 sua
508 3164 714 3211 Altiffimo
725 3165 936 3212 exsolvere
952 3167 1099 3224 pollint
1114 3197 1127 3211 .
1146 3169 1305 3226 Espro·

309 3232 410 3280 pter
435 3224 660 3271 Generalis
687 3221 768 3281 ipse
784 3227 915 3270 Nobis
930 3228 1139 3272 humiliter
1155 3226 1306 3285 suppli·

311 3283 424 3327 cavit
442 3312 456 3337 ‚
478 3296 522 3330 ut
538 3284 756 3338 omnibus,
783 3285 998 3343 &singulis
1037 3287 1304 3345 Privilegiis,

312 3340 581 3389 libertatibus
594 3346 956 3414 ,exemptionibus
971 3373 987 3396 ‚
1013 3347 1054 3389 σι
1071 3347 1304 3392 immunita·

314 3402 427 3445 sibus
450 3402 606 3449 ordini
629 3403 851 3463 producto,
877 3405 917 3448 Gt
949 3404 1061 3450 illius
1091 3406 1302 3452 Fratribus

312 3460 509 3508 contestis
536 3478 612 3520 pro
636 3461 809 3509 illorum
845 3461 1089 3511 subfissentis
1127 3464 1300 3510 firmiori

313 3519 445 3562 robur
461 3523 711 3587 onllolic·
731 3520 1060 3570 confirmationis
1089 3524 1271 3582 adjicere
1287 3553 1303 3578 ,

307 3576 590 3635 illaque-mss
616 3580 768 3627 lormas
782 3597 927 3629 eorum
953 3583 1160 3630 observari
1187 3599 1302 3629 msu-

312 3635 411 3682 dare
423 3666 441 3691 ,
457 3640 493 3682 θι
508 3637 608 3683 aliis
624 3642 740 3697 super
768 3643 829 3687 his
845 3643 1082 3702 opportune
1109 3644 1304 3704 provide·

314 3710 361 3741 se
388 3696 442 3742 de
467 3698 722 3755 benignitste
752 3703 983 3757 Apoliolies
1009 3704 1301 3763 dignaremur·

314 3758 404 3801 Nos
439 3756 566 3815 igitur
596 3757 855 3803 attendentes
900 3761 1048 3807 sruflus
1078 3764 1297 3816 salutares,

308 3829 412 3874 quos
438 3818 561 3864 Ordo
591 3814 676 3877 ipse
706 3817 749 3862 in
776 3818 958 3865 Ecclesia
991 3823 1070 3866 Dei
1106 3824 1295 3867 hedenus

1350 1041 1574 1097 produxit,
1589 1039 1630 1081 δι
1644 1039 1840 1096 producit
1855 1039 1895 1080 in
1911 1036 2001 1080 dies
2017 1065 2033 1089 2
2052 1050 2099 1079 ac
2113 1033 2335 1091 sperantes,

1350 1100 1464 1159 quod
1482 1100 1535 1143 de
1550 1098 1661 1142 bono
1674 1099 1716 1140 in
1732 1097 1883 1140 melius
1897 1096 2156 1152 perseveret,
2186 1094 2225 1136 &
2241 1104 2337 1146 pro-

1351 1168 1495 1218 pterea
1524 1157 1712 1201 volentes
1731 1186 1746 1210 ,
1773 1156 1883 1214 quod
1904 1152 2132 1214 hujusmodi
2160 1149 2337 1196 privile—

1352 1220 1417 1276 gia
1427 1247 1442 1269 ‚
1457 1217 1740 1274 exemptiones
1755 1246 1770 1269 ,
1783 1216 2061 1260 immunitates
2072 1244 2085 1267 ‚
2104 1212 2338 1262 libertates,

1352 1278 1521 1323 sublatis
1546 1275 1755 1334 quibusvis
1781 1275 2089 1324 dubietatibus,
2117 1271 2337 1328 &dispen-

1348 1339 1428 1382 diis
1455 1336 1627 1381 firmiter
1664 1333 1934 1379 observentur
1954 1361 1970 1385 ,
1991 1329 2217 1393 hujusmodi
2246 1328 2338 1384 sup-

1351 1396 1645 1455 plicationibus
1667 1394 1886 1446 inclinati,
1907 1395 2043 1438 omnia
2058 1421 2073 1444 ,
2099 1389 2338 1446 &singula-2

1350 1457 1598 1514 privilegia,
1619 1455 1924 1510 exemptiones,
1938 1453 2180 1499 libertates,
2207 1449 2342 1491 &im-²

1353 1517 1573 1559 munitates
1601 1526 1675 1568 per
1702 1512 1977 1570 quoscumque
2006 1514 2214 1557 Romanos
2236 1510 2343 1552 Pon-

1354 1573 1487 1618 tifices
1503 1570 1819 1618 Praedeceffores
1838 1573 1996 1616 nostros
2024 1570 2094 1627 ipsi
2107 1566 2254 1612 Ordini
2269 1563 2342 1607 sub

1357 1645 1612 1692 quacumque
1628 1632 1847 1675 verborum
1862 1630 1992 1676 forma
2019 1629 2211 1673 haetenus
2242 1637 2342 1668 con-

1360 1691 1464 1739 ceffa
1477 1690 1673 1742 ,illorum
1698 1698 1897 1744 tenores,
1923 1701 2080 1734 necnon
2095 1685 2260 1730 nomina
2282 1681 2341 1725 di-

1361 1757 1522 1796 &orum
1546 1747 1795 1794 Pontificum
1812 1779 1827 1803 ,
1856 1764 1903 1792 ac
1919 1748 1946 1792 fi
1960 1749 2014 1792 de
2028 1748 2156 1791 verbo
2171 1743 2223 1789 ad
2247 1756 2344 1786 ver-

1362 1815 1460 1856 bum
1475 1809 1731 1868 presentibus
1742 1810 2019 1854 insererentur
2029 1836 2044 1859 ‚
2059 1821 2136 1864 pro
2147 1819 2196 1849 ex
2200 1800 2343 1860 preliis

1362 1869 1847 1922 habentes,au6loritate
1878 1866 2117 1924 Apostolica
2141 1873 2342 1907 tenore-a

1362 1928 1615 1988 praesentium
1628 1942 1681 1971 ex
1694 1937 1810 1971 certa
1837 1926 2004 1970 scientia
2027 1921 2343 1969 confirmamus,

1361 1992 1402 2030 δι
1415 1988 1688 2043 approbamus
1702 2014 1719 2035 ‚
1740 1999 1786 2026 ae
1803 1983 1971 2041 plenum
1986 1982 2189 2027 firmitatis
2215 1979 2341 2024 robur

1363 2042 1580 2088 obtinuiffe
1595 2073 1612 2096 ,
1627 2044 1667 2086 δι
1682 2043 1874 2088 obtinere
1887 2044 2342 2088 decernimussnecnou

1359 2106 1538 2156 irritum,
1549 2105 1590 2146 δι
1604 2103 1738 2155 inane,
1750 2103 1952 2162 quidquid
1969 2105 2078 2150 secus
2096 2103 2118 2146 ὲ
2134 2110 2343 2160 quoquam

1358 2164 1502 2218 quavis
1514 2163 1756 2204 auctoritate
1774 2162 1947 2204 scienter
1960 2190 1975 2214 ,
2001 2162 2066 2205 vel
2099 2162 2344 2218 ignoranter

1356 2229 1604 2263 attentatum
1620 2217 1785 2261 forsitan
1808 2218 1948 2262 extitit
1964 2219 2155 2262 hactenus
2169 2244 2184 2269 ,
2200 2214 2266 2259 vel
2281 2215 2343 2259 in·

1355 2279 1559 2336 posterum
1579 2278 1807 2335 contigerit
1824 2279 2017 2324 attentari
2031 2306 2043 2320 .
2063 2280 2159 2322 Non
2174 2274 2343 2319 obstan-

1356 2339 1465 2382 tibus
1500 2337 1869 2381 constitutionibus
1896 2365 1912 2390 ,
1936 2339 1979 2382 δι
2000 2334 2342 2382 ordinationibus

1358 2394 1604 2455 Apostolicis
1623 2409 1810 2447 ,necnon
1832 2396 2019 2441 omnibus
2035 2395 2148 2448 illis,
2173 2409 2260 2453 quoe
2275 2392 2345 2438 di-

1355 2458 1410 2499 eti
1437 2452 1748 2499 Praedeceli'ores
1775 2457 1815 2499 in
1845 2456 1997 2500 eisdem
2021 2455 2244 2512 privilegiis
2268 2464 2346 2496 vo-

1358 2516 1525 2559 luerunt
1555 2526 1642 2558 non
1669 2515 1828 2559 obstare
1853 2542 1868 2566 ,
1891 2515 2045 2559 etiamsi
2073 2514 2126 2558 de
2152 2514 2233 2558 illis
2254 2543 2270 2567 ,
2299 2512 2344 2556 δι

1357 2586 1500 2619 eorum
1517 2575 1730 2617 tenoribus
1745 2587 1817 2629 per
1833 2575 2046 2629 presentes
2070 2573 2241 2618 deberet
2271 2573 2346 2615 ha-

1357 2635 1443 2677 beri
1458 2632 1510 2676 de
1525 2635 1654 2676 verbo
1679 2632 1729 2675 ad
1759 2633 1930 2676 verbum
1958 2630 2109 2677 mentio
2122 2631 2306 2688 specialis
2323 2655 2342 2681 ,

1357 2690 1590 2748 caterisque
1602 2692 1821 2736 contrariis
1836 2691 2153 2749 quibuscumque
2166 2719 2179 2733 .

1489 2751 1605 2795 Nulli
1637 2765 1739 2808 ergo
1769 2750 1938 2795 omnino
1982 2751 2191 2795 hominum
2218 2750 2346 2795 liceat

1360 2815 1463 2858 iisne
1477 2810 1664 2868 paginam
1681 2809 1823 2853 nostre
1849 2808 2115 2854 eonceffionis
2144 2805 2345 2867 infringe·

1362 2888 1408 2917 re
1421 2901 1438 2926 ,
1453 2870 1519 2916 vel
1533 2871 1569 2915 ei
1584 2868 1675 2915 ausu
1691 2871 1915 2913 temerario
1928 2870 2161 2914 contraire.
2195 2872 2237 2914 Si
2251 2868 2345 2926 quis

1362 2944 1500 2977 autem
1516 2931 1594 2974 hoc
1613 2939 1819 2974 attentare
1834 2929 2143 2985 presumpserit,
2153 2927 2346 2985 indigna-

1365 2994 1519 3036 tionem
1534 2990 1839 3046 omnipotentis
1857 2989 1960 3039 Dei,
1972 2989 2243 3033 &uentorum
2262 2988 2344 3031 Pe-

1364 3052 1419 3096 sri
1459 3053 1501 3095 δι
1527 3049 1638 3093 Pauli
1658 3047 1953 3108 Apostolorum
1969 3046 2080 3108 ejus,
2102 3045 2142 3094 se
2171 3046 2342 3092 noverit

1364 3110 1622 3158 incursurum
1637 3140 1650 3154 .

1489 3171 1641 3214 Datum
1665 3171 1808 3215 Romu
1820 3165 1928 3223 apud
1950 3166 2137 3211 Sanaum
2153 3167 2342 3209 Marcum

1366 3235 1491 3277 Anno
1518 3227 1821 3275 lncsrnationis
1846 3225 2097 3275 Dominicoe,
2128 3222 2342 3268 millesimo

1364 3287 1768 3348 quadringentesimo
1781 3285 2027 3341 sexagesimo
2039 3284 2188 3342 quinto
2199 3311 2216 3335 ,
2236 3282 2343 3327 duo·

1362 3351 1529 3395 decimo
1558 3348 1760 3395 Kalendas
1782 3344 2020 3390 Decembris
2034 3374 2051 3399 ,
2072 3339 2343 3390 Pontificsttis

1363 3407 1488 3455 nostri
1504 3410 1625 3455 Anno
1638 3405 1817 3453 secundo
1829 3432 1842 3447 ·

1422 3528 1590 3584 Κυάνη.
1614 3529 1658 3571 lu
1687 3526 1844 3572 Collefl.
1861 3518 2195 3583 primasii-141.
2208 3519 2338 3566 Wad-

1480 3588 1619 3646 liugas
1630 3595 1747 3632 mm
1758 3600 1780 3644 3
1789 3613 1803 3626 .
1814 3582 2074 3645 Annal.fil.3
2084 3585 2153 3628 82.

2172 3879 2282 3923 Bona
