2444 4192
903 165 1068 246 Sub
1126 167 1346 253 Sixto
1405 161 1454 245 I
1482 160 1585 244 V.

244 307 452 362 addixisset
476 299 646 347 servitio
660 330 676 354 ,
693 301 953 356 Religionem
970 304 1078 347 beati
1092 307 1221 348 Fran-

248 371 338 418 cjsci
353 396 368 420 ‚
379 379 466 423 quae
485 377 560 420 per
574 363 695 405 ardua
710 360 840 403 tendit
855 388 870 410 ,
887 361 1076 416 ingressus
1088 392 1103 415 ‚
1126 373 1218 405 tan-

248 442 335 474 tum
349 424 482 470 sedula
497 422 673 466 lectione
697 422 738 463 &
757 418 904 462 assidua
917 421 1108 464 oratione
1120 435 1219 478 pro-

245 487 348 534 fecit
364 514 379 538 ,
391 494 437 528 ut
453 498 545 527 cum
564 481 742 539 sapiente
758 477 905 521 merito
918 477 1059 523 dicere
1075 477 1217 535 posset:

243 544 454 605 olitaria&
475 541 654 599 daturest
667 536 922 596 mihestnstas.
954 537 1219 581 lllnminatus

243 605 352 652 enim
377 604 430 647 ab
450 618 502 647 eo
515 630 528 653 ,
558 602 626 659 qui
642 599 844 643 illuminat
857 609 1020 640 omnem
1034 594 1187 639 sensum
1204 624 1220 648 ‚

238 665 310 723 qui
327 665 412 720 lux,
431 666 499 704 via
513 691 527 714 ‚
541 663 689 705 veritas
700 657 753 715 ss
763 687 780 709 ,
795 656 849 708 &0
863 659 950 698 vita
962 683 977 705 ,
995 669 1217 713 paucorum

240 737 447 769 annorum
459 721 603 779 spatio,
625 716 910 764 incredibilem
927 716 985 759 est
1002 716 1214 759 scientiam

237 782 498 829 consecutus·
514 785 602 825 Nec
617 774 773 823 talentu
794 775 865 819 fibi
878 773 902 818 a
918 776 1099 819 Domino
1114 789 1212 819 con-

236 842 446 887 creditum
460 839 623 884 sudario
638 838 843 896 inligavit,
854 837 895 879 &
908 845 1027 879 terrae
1041 835 1211 888 infodit,

236 901 305 945 sed
332 909 380 946 ut
394 898 698 956 (apientissimus
717 894 970 954 dispensator
984 924 1000 947 ,
1027 895 1067 939 in
1094 909 1212 938 com-

239 973 404 1005 munem
431 957 656 1002 utilitatem
694 956 903 1001 convertit
927 987 942 1000 .
973 957 1022 999 1n
1060 954 1211 999 celebri

236 1019 348 1064 enim
365 1017 568 1064 Parifienfi
583 1014 803 1072 Gymnafio
814 1015 1064 1060 Cathedram
1078 1015 1212 1058 rexit:

234 1078 307 1124 ubi
321 1075 560 1122 abscondita
573 1075 861 1134 scripturarum
877 1075 1110 1126 enucleans,
1129 1088 1210 1118 non

235 1136 368 1183 solum
383 1138 479 1181 viva
498 1150 598 1179 voce
620 1134 775 1192 profuit
802 1135 968 1185 multis,
991 1133 1058 1179 sed
1085 1135 1208 1179 etiam

234 1197 411 1253 plurima
425 1194 624 1238 librorum
647 1196 900 1249 optimorum
928 1204 1015 1237 tum
1031 1194 1070 1236 in
1086 1194 1207 1238 sacris

233 1255 385 1301 litteris
400 1282 414 1305 ,
436 1262 523 1296 tum
551 1252 592 1294 in
609 1251 825 1309 majoribus
849 1251 1026 1296 scientiis
1055 1266 1210 1294 monu-

234 1322 374 1360 menta
391 1309 580 1367 reliquit,
604 1323 692 1367 quae
721 1310 848 1354 essent
873 1311 988 1353 omni
1015 1319 1207 1367 tempore

235 1372 405 1432 posteris
419 1368 639 1429 profutura
657 1398 669 1412 .
698 1370 869 1427 Magnus
882 1368 1071 1415 doctrina
1082 1399 1098 1422 ,
1123 1383 1211 1413 non

234 1434 365 1479 minor
388 1428 620 1475 humilitate
647 1430 689 1472 &
718 1430 809 1473 vitae
835 1429 994 1473 meritis
1007 1457 1022 1481 ‚
1048 1442 1212 1488 quem-a

238 1490 476 1537 Alexander
487 1488 541 1533 de
557 1488 653 1533 Ales
667 1516 682 1541 ,
699 1491 854 1532 Doctor
867 1488 1103 1535 clarissimus
1114 1517 1130 1540 ,
1144 1489 1214 1534 cui

237 1551 280 1595 se
307 1550 348 1594 in
377 1547 631 1605 disciplinam
658 1547 815 1592 sanetus
829 1550 1119 1594 Bonaventura
1135 1558 1217 1592 tra-

236 1605 399 1654 diderat
410 1637 427 1662 ,
453 1617 576 1653 tantae
595 1607 838 1652 innocentiae
850 1635 865 1658 ‚
897 1621 943 1651 ac
972 1609 1217 1654 columbine

234 1668 503 1725 fimplicitatis
516 1676 706 1722 expertus
718 1666 773 1709 est
783 1663 862 1709 effe
875 1695 889 1718 ,
902 1680 947 1713 ut
962 1669 1103 1712 dicere
1118 1667 1212 1710 soli-

234 1738 301 1773 tus
329 1726 452 1770 fuerit
464 1752 479 1776 ,
503 1724 573 1768 fibi
604 1725 762 1778 videri,
792 1728 905 1782 quod
936 1728 975 1770 in
1000 1742 1054 1771 eo
1078 1726 1212 1769 Adam

237 1799 446 1843 nunquam
459 1782 676 1842 peccass‘et.
707 1785 880 1844 Magnus
895 1787 1018 1832 etiam
1031 1788 1072 1830 in
1086 1785 1212 1828 Ordi-

240 1859 292 1889 ne
323 1847 508 1888 Fratrum
537 1843 739 1889 Minorum
765 1875 780 1898 ,
809 1847 874 1890 cui
901 1861 1002 1891 unus
1031 1846 1212 1888 omnium

242 1903 332 1960 post
343 1903 510 1945 beatum
524 1901 780 1945 Franciscum
793 1905 1014 1959 plurimum
1028 1902 1177 1962 profuit
1196 1916 1210 1948 ε

202 1971 206 1976 ’
243 1961 297 2005 ad
317 1960 403 2018 ejus
428 1959 537 2002 enim
550 1961 825 2015 gubernacula
840 1972 1009 2004 vocatus
1025 1990 1039 2013 ,
1057 1965 1097 2003 δι
1122 1966 1213 2004 Ge-

243 2020 398 2065 neralis
414 2017 596 2061 Minister
609 2045 625 2068 ,
639 2017 820 2060 Domino
834 2019 1055 2074 inspirante
1069 2044 1085 2067 ,
1104 2031 1214 2059 crea·

241 2091 310 2124 tus
324 2106 338 2129 ,
353 2077 475 2123 talem
489 2075 527 2121 se
541 2075 616 2119 suis
632 2077 800 2131 praebuit
812 2078 979 2120 subditis
995 2107 1008 2130 ‚
1019 2087 1063 2119 ut
1079 2078 1118 2118 in
1134 2074 1214 2118 illo

246 2139 508 2182 Dominicum
522 2133 625 2177 illud
643 2136 812 2177 verbum
839 2136 1049 2178 videretur
1067 2135 1213 2188 imple·

241 2207 328 2240 tum
342 2207 356 2238 ε
369 2191 459 2250 Qui
473 2190 664 2288 mpjorest
674 2190 848 2245 vestrum
859 2192 940 2247 ,stt
954 2192 1140 2235 Μῐιιίθη·
1154 2204 1218 2231 w-

230 2253 322 2314 ster
335 2280 347 2295 .
381 2254 489 2295 Nam
531 2248 708 2303 apientia
725 2248 768 2290 ee
797 2262 953 2291 morum
977 2250 1219 2303 integritate

240 2309 370 2368 major
381 2336 397 2360 ,
411 2306 658 2366 praelationis
669 2306 849 2351 officium
864 2322 958 2351 cum
979 2318 1094 2352 tanta
1106 2320 1218 2352 exer·

239 2371 326 2416 cuit
339 2369 539 2414 charitate
552 2396 566 2419 ‚
582 2376 627 2410 ut
640 2364 784 2421 sponte
800 2367 965 2411 humilis
981 2397 996 2420 ,
1019 2381 1124 2410 nunc
1138 2366 1216 2408 do-

240 2430 393 2477 ctrina,
420 2440 526 2471 nunc
545 2426 867 2478 monitionibus,
891 2442 997 2470 nunc
1022 2427 1215 2469 exhorta·

241 2490 354 2534 tione
366 2485 546 2531 fraterna
558 2511 573 2533 ,
601 2499 708 2528 nunc
723 2486 847 2529 etiam
865 2486 1072 2542 corporali
1086 2485 1214 2530 servi-

243 2549 306 2594 tio
316 2547 515 2603 satagebat
528 2572 543 2596 ,
558 2553 603 2587 ut
617 2546 746 2588 bonus
763 2545 914 2589 Christi
933 2545 1048 2588 miles
1065 2573 1080 2597 ,
1108 2540 1213 2586 infe-

243 2608 420 2653 rioribus
432 2603 658 2648 ministrare
670 2629 682 2642 -
702 2608 790 2648 Nec
805 2603 951 2656 solum,
966 2619 1053 2662 quae
1063 2602 1215 2659 abipso

242 2669 366 2712 beato
379 2662 591 2710 Francisco
605 2663 670 2719 pie
684 2664 726 2706 δι
740 2662 870 2708 sancte
885 2664 1044 2708 fuerant
1059 2663 1221 2706 institu-

245 2738 289 2770 ta
315 2751 332 2774 ,
366 2721 669 2779 diligentiffim'e
694 2723 939 2775 custodivit,
963 2722 1030 2767 sed
1058 2722 1217 2767 multa...

246 2785 373 2831 etiam
394 2781 618 2826 adinventa
631 2806 647 2831 ,
665 2794 776 2837 quae,
803 2777 1016 2826 crescente
1030 2784 1221 2827 Fratrum

249 2855 423 2890 numero
431 2870 447 2893 ,
460 2837 672 2884 necessaria
685 2838 947 2892 videbantur,
958 2839 1128 2896 adjecit3
1138 2842 1220 2883 Or-

247 2905 389 2949 dinem
403 2911 568 2958 quoque
582 2894 707 2954 ipsum
721 2897 761 2939 in
776 2898 1014 2943 Provincias
1025 2925 1040 2948 ,
1071 2899 1221 2944 Custo-

249 2960 414 3018 eliasque
424 2957 586 3002 divifit.
617 2956 790 3011 Magnus
813 2957 934 3001 etiam
956 2958 1161 3012 dignitate
1175 2959 1218 3001 in

249 3025 438 3067 Romana
454 3014 634 3060 Ecclesia
648 3011 723 3058 fuit
733 3042 746 3056 .
763 3016 1094 3062 Increbrescente
1109 3018 1220 3061 enim

243 3075 619 3125 ·fama.innocentiae
631 3102 646 3126 ,
670 3073 862 3116 dostrinae
873 3104 891 3126 ,
921 3089 967 3116 ac
995 3076 1220 3130 prudentiae

250 3139 338 3196 ejus
355 3166 369 3190 ,
403 3134 426 3180 Α
440 3134 509 3179 fel.
524 3132 688 3177 record.
704 3134 909 3188 Gregorio
925 3135 1031 3188 Papa
1044 3136 1099 3177 X.
1124 3148 1223 3190 prae-

253 3194 462 3250 decessore
479 3194 620 3238 nostro
634 3220 648 3243 ,
672 3192 723 3235 ad
741 3191 1031 3236 Cardinalatfis
1054 3203 1222 3236 vocatus

257 3256 312 3301 Ul}
330 3257 529 3300 honorem
542 3262 611 3303 ,ut
625 3251 708 3309 ejus
721 3251 845 3307 opera
862 3282 875 3304 ‚
890 3254 929 3295 in
945 3252 1128 3296 maximis
1142 3249 1222 3295 dif-

263 3311 526 3371 ficillimisque
536 3314 658 3356 rebus
671 3339 686 3363 ,
697 3324 785 3367 quae
799 3312 1049 3368 temporibus
1065 3310 1144 3354 illis
1161 3310 1224 3353 in-

267 3368 446 3418 fflerant
460 3400 476 3424 ,
487 3380 676 3415 uteretur
687 3399 700 3413 .
712 3374 759 3414 In
771 3385 891 3428 quem
902 3370 1132 3426 Gregorius
1145 3370 1226 3424 ipse

270 3427 509 3488 obsingentia
525 3431 615 3475 Viri
631 3431 902 3484 merita,novo
917 3431 971 3474 est
986 3429 1074 3473 usus
1087 3443 1224 3472 exem-

273 3486 372 3543 plo.
396 3491 542 3535 Statim
556 3490 664 3534 enim
675 3491 734 3534 illi
746 3489 1012 3535 Albanensem
1027 3488 1225 3533 commisit

274 3545 514 3611 Ecclesiam,
539 3563 623 3607 quae
647 3549 800 3594 nonnifi
823 3548 1106 3593 vetustioribus
1122 3550 1225 3591 Car-

273 3604 471 3650 dmaiibus
486 3607 586 3652 solet
600 3610 830 3654 committi.
863 3612 957 3654 Non
985 3605 1132 3652 fefellit
1155 3621 1224 3651 ex-

269 3661 531 3718 Pefihtionem
541 3667 683 3712 summi
697 3667 906 3712 Pontificis
925 3684 971 3712 ac
986 3668 1082 3712 (acri
1098 3672 1228 3725 Sena-¹

267 3719 333 3764 113⁵
349 3720 523 3787 Opt}¹¹¹¹18
531 3725 697 3783 Deoque
709 3727 957 3772 amiciffimus
971 3730 1042 3772 Vir
1058 3742 1071 3771 ε
1092 3728 1155 3770 sed
1176 3728 1216 3769 in

266 3779 461 3826 Concilio
475 3782 725 3839 Lugdunenfi
745 3787 982 3847 praelidens,
1003 3789 1218 3845 omniaque

2016 187 2183 274 205

1279 310 1330 350 ad
1351 311 1428 350 Dei
1446 305 1609 349 laudem
1624 304 1802 358 dirigens
1815 331 1829 355 ,
1848 305 1994 351 sedatis
2009 312 2221 358 discordiis

1275 358 1666 414 difficultatibusque
1679 361 1862 414 sublatis,
1877 365 1947 420 ipfi
1963 369 2152 413 Ecclefiae
2168 344 2253 415 ma:

1277 421 1389 462 ximo
1402 418 1485 462 usui
1499 419 1576 461 fuit
1601 421 1642 460 δι
1670 433 1938 465 ornamento:
1961 427 2104 480 quibus
2135 432 2250 473 rebus

1280 479 1425 535 aperte
1439 477 1705 534 cognoscitur
1718 508 1734 532 ,
1749 482 1856 536 quod
1875 485 2029 525 Statuit
2040 486 2103 526 illi
2121 489 2257 529 Domi·

1279 552 1350 582 nus
1376 537 1649 595 testamentum
1665 543 1778 595 pacis
1792 568 1807 591 ,
1836 539 1885 588 ὅ·
1921 543 2138 597 Principem
2154 543 2257 598 ficit

1277 597 1495 652 eum3uts1't
1510 596 1574 639 illi
1577 598 1796 657 sacerdotii
1810 599 1986 655 dzgnitas
2001 600 2045 644 in
2054 611 2256 645 aeternum.

1278 660 1417 717 Qem
1437 658 1566 700 inanis
1579 658 1711 714 gloria
1727 673 1807 702 non
1824 660 1982 703 inflavit
1998 689 2014 713 ,
2040 674 2118 703 non
2149 661 2254 703 divi-

1279 719 1342 760 tia:
1360 716 1624 760 finistrorsum
1639 728 1848 775 egerunt,
1876 719 1943 763 sed
1961 722 2000 763 in
2017 718 2097 762 fide
2112 719 2256 762 lenita-

1274 787 1399 834 teque
1418 773 1671 831 perseverans
1686 807 1700 830 ,
1718 780 1808 835 pius
1826 778 1865 821 in
1887 782 2035 829 Deum,
2051 778 2093 822 in
2107 792 2260 835 paupe-

1274 853 1340 882 res
1358 835 1586 881 misericors
1597 865 1613 890 ,
1631 836 1753 891 justus
1765 840 1804 882 in
1817 853 1980 890 omnes,
1994 841 2052 883 ita
2067 839 2149 882 hoc
2163 852 2260 880 cor-

1271 895 1478 955 ruptibile
1494 910 1645 952 corpus
1660 898 1774 942 exuit
1788 925 1801 947 ,
1812 908 1856 942 ut
1874 913 1967 941 cum
1984 902 2017 943 A
2024 896 2185 956 postolo
2195 898 2261 940 di-

1272 973 1369 1003 cere
1382 955 1510 1013 poffet
1528 970 1542 1000 ε
1572 961 1726 1000 Bonum
1741 968 1939 1001 certamen
1959 960 2150 1010 certavi,
2170 969 2264 1000 enr-

1258 1019 1355 1075 siem
1368 1016 1629 1074 confhmmavi
1642 1044 1658 1069 ,
1670 1016 1797 1073 fidem
1806 1018 1990 1071 firmavi·
2027 1022 2071 1062 ln
2099 1016 2257 1072 reh'quo

1272 1076 1438 1135 reposita
1451 1076 1506 1133 est
1519 1076 1622 1120 mibi
1633 1077 1958 1136 ceronajustitiae
1967 1106 1981 1120 .
2013 1077 2098 1137 Q⁵
2121 1079 2190 1119 etfi
2206 1086 2258 1117 ex

1268 1137 1354 1180 sola
1370 1135 1668 1191 perseverantia
1683 1148 1846 1193 poterat
1862 1137 2029 1180 Sanetus
2045 1134 2179 1187 credi,
2203 1133 2267 1192 ju·

1268 1206 1338 1240 xta
1357 1195 1485 1239 illud:
1518 1197 1604 1254 Esto
1604 1196 1739 1253 fidelis
1752 1197 1874 1255 usque
1899 1196 1955 1239 ad
1977 1206 2169 1247 mortem,
2204 1194 2260 1243 ῥ’

1268 1255 1367 1298 dabo
1390 1254 1657 1300 eibicoronam
1681 1262 1804 1309 vite,
1836 1256 2046 1300 subsecuta
2075 1254 2163 1296 sunt
2192 1260 2254 1295 ta-

1269 1328 1364 1356 men
1381 1313 1466 1370 post
1480 1315 1606 1358 vitam
1619 1317 1749 1358 multa
1766 1318 2017 1370 maximaque
2032 1311 2251 1359 miracula,

1270 1387 1362 1430 quae
1386 1382 1547 1416 certum
1574 1372 1795 1417 sanctitatis
1823 1374 1912 1431 ejus
1939 1375 2120 1429 praebent
2147 1369 2256 1412 indi·

1273 1433 1408 1481 cium,
1432 1434 1474 1474 ἃ.
1494 1436 1579 1476 Nos
1605 1431 1656 1475 ad
1679 1432 1796 1490 ipfius
1812 1434 2122 1478 venerationem
2142 1428 2260 1472 indu-

1274 1502 1374 1536 cunt
1387 1520 1405 1543 ,
1422 1506 1543 1548 quem
1561 1494 1673 1536 Deus
1686 1521 1701 1545 ,
1730 1494 1888 1536 meritis
1901 1490 2230 1550 praecedentibus
2245 1515 2260 1539 ,

1277 1551 1552 1596 venerandum
1569 1551 1749 1596 ostendit
1762 1582 1774 1594 .
1792 1551 1884 1610 lpse
1903 1552 2015 1596 enim
2036 1554 2147 1594 Deus
2162 1550 2265 1589 Om-

1275 1611 1492 1666 nipotens,
1529 1621 1576 1653 ut
1605 1610 1676 1654 suae
1692 1612 1860 1656 virtutis
1888 1612 2118 1667 potentiam
2133 1606 2264 1649 mani-

1276 1669 1390 1713 festet
1407 1699 1422 1722 ,
1434 1672 1475 1712 δι
1489 1670 1630 1713 nostrae
1647 1669 1789 1715 salutis
1805 1670 1961 1715 causam
1980 1669 2148 1728 pandat,
2162 1665 2265 1709 fide-

1276 1729 1335 1773 les
1353 1728 1501 1780 eleftos
1516 1730 1607 1772 (uos
1623 1758 1638 1780 ,
1661 1744 1762 1786 quos
1777 1740 1953 1776 coronat
1969 1731 2008 1773 in
2022 1727 2143 1772 coelis
2157 1755 2173 1777 ,
2203 1723 2265 1767 sae-

1275 1804 1326 1846 pe
1342 1791 1467 1832 etiam
1485 1790 1659 1831 honorat
1676 1790 1715 1831 in
1731 1791 1911 1842 mundo,
1942 1790 1992 1832 ad
2015 1799 2164 1831 eorum
2181 1797 2264 1825 me·

1273 1848 1432 1891 morias
1448 1846 1554 1902 figna
1570 1844 1724 1890 faciens
1739 1849 1780 1890 δι
1796 1848 1982 1904 prodigia
1998 1874 2013 1898 ,
2029 1858 2116 1902 quo
2136 1843 2262 1884 haere·

1275 1909 1358 1950 tica
1374 1916 1556 1964 pravitas
1570 1904 1875 1956 confundatur,
1886 1908 1925 1949 δι
1941 1905 2042 1948 fides
2056 1899 2279 1947 mnodo·-

1276 1980 1328 2008 ιι
1350 1964 1559 2007 servetur.
1592 1965 1906 2021 Agimusigitur
1923 1965 1991 2022 ipfi
2013 1966 2265 2016 Deosquass·

1273 2029 1334 2063 tas
1349 2018 1551 2074 possumus
1566 2045 1582 2069 ,
1594 2022 1765 2074 gratias,
1782 2023 1895 2078 quod
1913 2027 2002 2066 Nos
2020 2024 2169 2077 dignos
2181 2018 2264 2060 du-

1271 2078 1384 2125 xerit
1400 2105 1414 2128 ,
1436 2089 1509 2132 per
1521 2089 1624 2132 quos
1649 2077 1731 2118 haec
1745 2080 2008 2122 canonizatio
2020 2078 2264 2123 celebrare·

1280 2148 1375 2180 tur:
1402 2149 1490 2190 quae
1518 2134 1617 2176 licet
1634 2163 1650 2187 ,
1677 2134 1838 2179 Divinis
1873 2136 2110 2181 litterarum
2127 2134 2266 2178 moni·

1281 2194 1432 2236 mentis
1457 2192 2114 2251 exstantibus,coruscantibustlue
2140 2193 2266 2235 mira-

1281 2250 1385 2293 culis
1399 2275 1412 2297 ,
1429 2248 1510 2304 jam
1527 2249 1686 2303 pridem
1702 2253 1883 2305 potuerit
1904 2254 1983 2295 rite
2001 2251 2088 2295 fieri
2104 2281 2118 2303 ‚
2149 2265 2267 2292 num·

1283 2323 1405 2366 quam
1420 2319 1558 2350 tamen
1572 2319 1666 2351 ante
1685 2309 1760 2352 hac
1777 2310 1844 2353 vel
1860 2308 1884 2352 a
1905 2311 2182 2367 Principibus,
2200 2307 2266 2350 vel

1283 2370 1336 2411 ab
1364 2366 1456 2410 aliis
1483 2366 1597 2410 tama
1610 2368 1824 2425 diligentia
1842 2369 1918 2413 fuit
1932 2371 2058 2425 petita
2070 2399 2082 2411 .
2116 2367 2267 2412 Nostro

1277 2438 1468 2483 tempore
1481 2425 1667 2469 cariffimi
1684 2430 1723 2469 in
1736 2429 1904 2471 Christo
1921 2428 1993 2472 filii
2009 2428 2149 2480 nostri,
2168 2427 2260 2470 Fri-

1273 2486 1439 2530 dericus
1458 2487 1739 2528 Romanorum
1757 2488 1986 2543 Imperator
2001 2487 2157 2543 semper
2175 2488 2266 2528 Au-

1272 2545 1441 2604 gustus,
1471 2545 1706 2589 Ludovicus
1736 2548 1988 2590 Francorum
2004 2544 2264 2590 Christianis-

1281 2607 1402 2649 fimus
1425 2632 1441 2656 ,
1473 2604 1757 2648 ferdinandus
1781 2606 1929 2650 Siciliae
1948 2634 1963 2658 ,
1990 2608 2032 2649 δι
2065 2605 2264 2649 Matthias

1281 2665 1503 2720 Hungariae
1528 2666 1664 2721 Reges
1692 2665 1906 2718 illustres,
1934 2666 2073 2710 dilecti
2098 2677 2259 2722 quoque

1280 2724 1533 2774 filii,nobiles
1550 2725 1641 2768 Viri
1655 2723 1890 2781 Alphonsus
1908 2726 2258 2781 Calabriae,Joan.

1280 2799 1354 2829 nes
1371 2784 1618 2828 Monzenico
1642 2786 1915 2828 Venetiarum
1930 2813 1946 2836 ,
1964 2786 2142 2842 joannes
2171 2787 2259 2828 Ha-

1283 2846 1387 2888 leam
1401 2842 1629 2887 Mediolani
1642 2844 1892 2898 ,&Joannes
1907 2846 2068 2888 Borbon
2086 2873 2103 2896 ,
2121 2846 2261 2887 Duces

1282 2902 1470 2960 infignes3
1479 2912 1674 2958 praeterea
1687 2902 1891 2944 Civitates
1905 2901 2260 2948 florentinorum,

1281 2964 1513 3007 Senenfium
1530 2990 1544 3013 ,
1561 2958 1885 3014 Lugdunenfium
1901 2986 1916 3009 ,
1936 2961 2141 3004 Perufium
2164 2988 2179 3012 ,
2190 2961 2228 3002 &
2245 2986 2262 3011 ,

1279 3035 1365 3077 quoe
1383 3021 1468 3064 tale
1482 3019 1599 3075 jubar
1618 3017 1746 3070 tulit,
1771 3018 2084 3076 Balneoregium
2097 3048 2112 3071 ,
2143 3028 2260 3060 tanto

1283 3079 1416 3123 studio
1453 3088 1648 3134 tantaque
1677 3076 1975 3133 perseverantia
2005 3078 2211 3134 petierunt
2236 3074 2261 3119 ὃ

1286 3138 1420 3182 Nobis
1435 3165 1450 3187 ,
1473 3147 1516 3180 ut
1532 3136 1681 3181 durum
1693 3138 1914 3193 &impium
1929 3146 2180 3194 putaremus,
2195 3135 2258 3179 eis

1283 3198 1324 3240 in
1341 3211 1387 3240 re
1401 3205 1486 3238 tam
1500 3196 1565 3252 pia
1579 3196 1761 3241 refistere
1775 3226 1790 3249 ,
1801 3210 1922 3254 quam
1937 3196 2062 3240 etiam
2079 3196 2155 3242 Dei
2169 3208 2260 3237 mo·

1284 3257 1374 3300 nitu
1401 3266 1540 3310 petere
1570 3255 1815 3301 videbantur
1830 3286 1843 3299 .
1874 3254 2142 3299 Accelserunt
2170 3252 2259 3296 affi-

1283 3316 1372 3358 duae
1399 3316 1646 3360 venerabilis
1669 3318 1824 3359 Fratris
1839 3315 1961 3359 nostri
1983 3314 2170 3370 Episcopi
2186 3315 2260 3370 Ju-

1283 3375 1379 3418 liani
1394 3375 1620 3418 Sabinenfis
1631 3403 1646 3428 ,
1662 3375 1782 3431 ipfius
1796 3374 1960 3418 Ordinis
1980 3374 2228 3417 Protectoris
2243 3403 2258 3427 ,

1284 3434 1530 3478 dilectorum
1550 3449 1717 3491 quoque
1731 3433 1910 3476 filiorum
1925 3431 2126 3476 Francisci
2142 3437 2259 3478 Sam-

1284 3494 1393 3536 sonis
1408 3494 1620 3537 Generalis
1637 3492 1807 3537 Ministri
1823 3494 1888 3545 ,&
1904 3492 2012 3536 Petri
2028 3491 2079 3536 de
2094 3491 2258 3536 Rodul-

1284 3553 1376 3608 phis
1422 3553 1708 3596 Procuratoris
1751 3552 1849 3595 dieti
1881 3551 2051 3596 Ordinis
2078 3581 2094 3606 ,
2137 3553 2254 3593 sacrat

1285 3610 1525 3667 Theologiae
1539 3608 1771 3654 Profefforis
1798 3625 1966 3669 preces:
1994 3611 2062 3668 qui
2092 3612 2254 3653 nomine

1283 3671 1496 3713 Generalis
1515 3683 1653 3713 eorum
1667 3671 1875 3728 Capituli,
1901 3671 1944 3714 id
1971 3682 2176 3726 tamquam
2189 3667 2254 3722 ju-

1277 3729 1375 3772 stum
1403 3730 1443 3772 δι
1469 3729 1656 3773 debitum
1683 3730 1947 3788 reposcebant
1962 3762 1973 3772 .
2008 3733 2251 3783 Legeramus

1275 3788 1547 3835 studiofiffime
1576 3791 1708 3834 Sancti
1740 3790 1858 3851 hujus
1889 3792 2041 3835 Divina
2074 3783 2250 3896 ίὶὲιὶιιῖῑᾶ,
