2444 4192
86 744 89 754 .
176 720 327 758 neam,
353 707 391 749 &
420 706 565 750 similia
583 736 599 758 ‚
621 702 672 746 ad
699 704 807 752 hoc,

745 204 948 294 Sub
971 197 1328 293 Nic'olao„
1364 198 1408 281 I
1425 199 1467 280 I
1487 199 1573 291 I..

184 365 256 406 ιο,
279 355 321 398 δι
341 350 425 410 ejus
451 350 698 408 receptione
709 361 785 404 per
797 360 965 390 omnem
991 347 1159 391 modum

181 419 342 465 Fratres
362 410 618 455 abstineant.

297 472 336 512 si
357 472 456 513 vero
481 471 650 512 modum
667 466 828 511 licitum
844 466 1060 510 Fratribus
1081 465 1157 510 itt-2

180 528 357 585 legando
380 529 552 572 testator
575 524 835 584 express'crit,
860 533 906 566 ut
928 523 953 566 fi
969 525 1129 568 diceret
1143 537 1157 566 a

179 589 276 644 lego
298 588 507 644 pecuniam
535 602 613 644 pro
640 587 828 631 Fratrum
856 583 1158 627 necessitatibus

175 647 484 703 expendendam
508 675 523 699 ‚
555 646 620 690 vel
649 644 820 686 domum
841 670 857 693 ‚
889 655 1063 696 agrum,
1096 642 1159 683 vi·

836 700 950 760 quod
969 715 1046 756 per
1070 714 1164 744 cer-

171 775 257 811 tam
274 765 514 823 personam,
543 765 606 809 vel
621 761 807 820 personas
826 763 992 805 idoneas
1019 759 1164 803 distra-

173 826 324 871 hantur
337 854 353 878 ,
377 827 419 868 &
434 825 604 883 pecunia
629 821 680 866 dc
706 824 830 866 rebus
848 819 938 877 ipfis
953 829 1126 877 accepta
1141 847 1156 871 ,

170 886 213 928 in
225 883 391 928 aedificia
406 912 420 935 ‚
447 884 508 927 vel
524 884 602 927 alia
618 883 807 926 Fratrum
827 879 1044 925 necessaria
1058 893 1155 922 con.

173 954 389 995 vertatur,
413 953 487 987 aut
511 944 551 986 in
576 941 755 998 legando
770 940 964 984 fimilibus
987 938 1155 991 modis,

175 1003 240 1047 vel
258 1002 391 1045 verbis
407 1012 574 1046 utatur:
600 1004 640 1045 ln
661 1003 740 1045 hoc
755 999 846 1045 casu
863 998 968 1043 illud
993 999 1036 1042 in
1061 1012 1156 1042 om-

172 1062 294 1108 nibus
307 1088 323 1111 ‚
344 1063 385 1105 δι
400 1075 472 1119 per
484 1062 620 1105 omnia
645 1058 948 1119 (confidcratis
971 1072 1154 1103 eorum...

173 1120 500 1171 amenitatibus,
525 1121 567 1163 δι
583 1120 928 1165 moderaminibus
955 1117 1072 1175 snpra
1086 1118 1153 1162 di-

174 1181 285 1240 etis)
314 1180 511 1238 quantum
534 1180 586 1223 ad
604 1183 766 1226 Fratres
798 1178 948 1223 serrari
966 1177 1156 1222 decerni-

172 1254 264 1284 mus
277 1267 292 1293 ,
321 1239 432 1296 quod
448 1252 519 1295 per
533 1242 622 1283 Nos
643 1238 699 1281 est
716 1236 895 1293 superius
909 1239 951 1280 in
966 1235 1159 1281 conceffis

170 1298 415 1356 pecuniariis
441 1296 721 1354 Eleemosynis
754 1296 1009 1343 declaratum
1037 1325 1050 1337 .
1087 1294 1151 1339 Ad

171 1371 259 1416 quoe
272 1357 405 1415 legata
419 1356 614 1402 solvenda
635 1384 651 1408 ‚
678 1366 763 1400 tam
781 1357 960 1402 haeredcs
982 1355 1153 1399 testato-

171 1430 291 1470 rum,
315 1418 436 1475 quam
468 1427 713 1461 executores
746 1414 786 1460 se
813 1415 1008 1461 liberales
1036 1414 1156 1458 exhi·

173 1479 324 1524 beent:
346 1478 386 1521 sc
398 1477 521 1521 etiam
535 1474 696 1521 Praelati
710 1504 725 1526 ,
745 1478 786 1520 δι
802 1474 1020 1520 Saecularcs
1034 1505 1048 1528 ,
1067 1476 1155 1533 qui-

175 1539 253 1583 bus
267 1535 427 1594 dejure
443 1563 458 1588 ‚
486 1537 551 1582 vel
567 1534 866 1582 consuetudine
881 1534 1058 1594 prosilio
1083 1534 1154 1578 ista

175 1606 431 1656 competeret
455 1595 587 1655 (cum
608 1597 840 1652 expedierit
855 1598 877 1656 )
900 1594 938 1640 se
951 1609 1000 1639 ex
1014 1593 1156 1639 officio

170 1654 243 1699 suo
264 1667 475 1714 promptos
504 1655 727 1701 exhibeant
756 1655 807 1699 ad
840 1657 926 1713 pias
960 1654 1157 1699 volunta·

167 1726 234 1760 tes
249 1715 523 1759 deficientium
545 1714 854 1771 adimplendas:
881 1729 974 1759 nam
1001 1717 1043 1758 δι
1066 1716 1157 1759 Nos

173 1776 297 1819 etiam
317 1789 390 1832 per
405 1773 550 1819 modos
563 1773 700 1819 licitos
715 1803 731 1827 ,
760 1775 799 1818 δι’.
818 1776 1004 1819 Fratrum
1022 1775 1162 1829 Regu·

174 1836 223 1880 lat
249 1847 457 1892 congruos
484 1833 733 1879 intendimus
757 1834 979 1891 providere
1003 1863 1019 1886 ‚
1046 1830 1161 1890 quod

166 1894 379 1953 heredum
405 1894 612 1951 cupiditas
641 1894 840 1951 legitimis
869 1894 1014 1939 ictibus
1038 1892 1163 1938 seria·

174 1963 282 2010 tura<
300 1967 355 1997 ne
370 1953 436 2009 pia
447 1953 738 1999 defunctorum
760 1952 1009 1999 destituatur
1024 1955 1163 1998 inten-

174 2012 240 2059 tio
252 2036 267 2059 ‚
289 2024 334 2053 ac
350 2010 419 2062 ipsi
437 2013 592 2056 Fratres
605 2026 804 2069 pauperes
820 2015 1070 2068 opportunis
1085 2027 1159 2055 au-

174 2068 282 2120 xiliis
307 2081 389 2111 non
416 2065 657 2113 fraudentur
679 2095 693 2111 ·
734 2069 777 2111 Si
808 2072 911 2112 vero
936 2071 1152 2112 Fratribus

175 2129 267 2187 ipfis
291 2128 541 2184 generaliter
569 2125 725 2183 aliquid
753 2126 904 2182 absque
930 2126 1046 2169 modi
1076 2139 1150 2168 cx-

172 2187 375 2245 pressione
387 2186 551 2238 legetur
561 2207 577 2228 ι
600 2185 640 2225 in
653 2186 732 2224 boc
747 2182 888 2234 legato
901 2184 951 2224 fic
966 2185 1152 2224 indeter-

172 2243 327 2288 minate
353 2240 523 2291 relicto,
548 2237 590 2279 in
614 2236 834 2285 omnibus,
858 2237 901 2278 ez
919 2250 990 2291 per
1008 2236 1149 2277 omnia

170 2299 375 2356 intelligi,
405 2311 451 2341 ac
476 2295 626 2342 servari
646 2294 834 2339 volumus
850 2322 866 2346 ,
895 2295 937 2337 δι
953 2295 992 2337 in
1007 2308 1155 2351 perpe·

172 2371 293 2407 tuum
309 2356 490 2416 presenti
501 2355 795 2399 constitutione
807 2353 993 2410 jubemus
1011 2383 1026 2405 ‚
1039 2352 1153 2411 quod

167 2419 339 2478 suprain
356 2415 528 2475 pecunia
539 2436 556 2466 φ
578 2412 649 2460 seu
663 2413 927 2516 elcemos‘yna
944 2415 1156 2458 Fratribus

169 2475 493 2526 indeterminate
507 2476 648 2520 oblata
659 2500 674 2524 ,
691 2474 754 2518 vel
772 2474 825 2516 mi
857 2489 878 2518 a
891 2501 907 2524 ‚
924 2473 1127 2518 voluimus
1138 2502 1154 2526 ‚

169 2554 218 2587 ac
229 2535 490 2595 exprcffimus
507 2534 738 2579 observari:
765 2531 991 2585 videlicet,
1014 2543 1058 2575 ut
1081 2532 1156 2576 sub

172 2598 299 2644 modo
313 2596 430 2640 licito
446 2594 653 2639 Fratribus
677 2592 939 2649 intelligatur
954 2590 1032 2636 effe
1060 2593 1156 2636 reli·

172 2662 282 2703 etum
295 2670 309 2701 s
323 2657 379 2700 ita
392 2654 505 2710 quod
519 2668 595 2697 nec
611 2655 751 2711 legans
768 2653 916 2696 merito
928 2682 946 2705 ,
964 2667 1041 2698 nec
1059 2655 1155 2698 Fra—

174 2728 261 2763 tres
275 2714 343 2775 ipli
358 2712 503 2759 effectu
519 2713 654 2759 relicti
678 2710 925 2758 fraudentur
938 2742 952 2756 .

290 2834 860 2880 ARthtJLus
935 2833 1035 2877 VI.

188 2959 269 3003 *ne
279 2967 419 3001 rerunt
431 2953 734 2997 commutatione
747 2977 764 3001 ‚
789 2952 857 2996 vel
878 2953 1102 2996 venditione
1114 2977 1127 2991 .

312 3074 394 3119 Uia
409 3072 517 3117 vero
530 3071 658 3116 libros
673 3101 688 3123 ,
706 3071 747 3113 δι
761 3070 840 3114 alia
852 3071 1025 3117 mobilia
1037 3098 1052 3122 ,
1066 3069 1155 3126 qui-

176 3076 405 3235 Qbus
419 3143 504 3175 tam
519 3131 666 3182 Ordo,
693 3130 818 3187 quim
843 3133 1008 3176 Fratres
1034 3140 1153 3175 utun.

192 3211 198 3234 ι
355 3203 424 3236 tur
442 3220 457 3243 ,
482 3203 656 3247 quorum
670 3190 901 3234 dominium
924 3189 1054 3247 (cum
1074 3202 1155 3232 non

178 3253 253 3299 ὕοι
273 3252 444 3296 dominii
471 3251 682 3308 aliorum)
707 3250 759 3292 ad
784 3249 990 3307 praesatam
1006 3248 1156 3295 Eccle-

178 3312 271 3358 flam
283 3310 517 3370 specialiter
530 3309 708 3365 spectare
720 3309 979 3367 dignoscitur
997 3338 1013 3362 ,
1035 3312 1160 3352 inter-

183 3371 279 3418 dum
292 3372 520 3428 contingit,
532 3368 598 3414 seu
611 3368 776 3428 expedit
792 3368 933 3420 vendi,
952 3367 1022 3411 vel
1035 3368 1161 3412 ctiam

182 3432 415 3476 mumurati
429 3443 446 3484 3
462 3433 651 3475 Fratrum
664 3429 914 3474 utilitatibus
930 3458 946 3479 ,
960 3430 1001 3471 δι
1015 3441 1160 3470 eorum

185 3490 432 3547 conficiendis
446 3489 665 3548 providere
682 3490 868 3533 volentes
885 3518 900 3542 ,
925 3488 1072 3532 cadem
1087 3500 1156 3527 au-

189 3550 367 3595 steritate
396 3549 664 3595 concedimus
679 3580 696 3603 ,
722 3560 768 3594 ut
794 3548 1068 3593 commutatio
1095 3560 1158 3588 re-

187 3610 432 3655 tumultum
448 3640 464 3664 ‚
485 3611 528 3652 ἃ.
541 3610 592 3654 ad
610 3624 678 3653 eas
693 3624 758 3654 res
769 3639 784 3659 .
813 3623 985 3667 quarum
1004 3605 1156 3652 usum-a

192 3669 395 3714 fratribus
419 3669 519 3714 licet
534 3670 686 3714 habere
700 3699 715 3721 ‚
746 3670 800 3713 de
826 3667 1094 3714 Generalium
1121 3667 1162 3707 &

183 3727 496 3774 provincialium
522 3730 804 3773 Ministrorurn
828 3730 870 3774 in
887 3728 964 3773 suis
987 3725 1160 3770 admini-

186 3783 437 3830 strationibus
446 3790 691 3848 conjumstim
702 3818 717 3842 ,
746 3789 810 3832 vel
838 3788 995 3834 divifim
1010 3791 1151 3830 aueto-

176 3846 303 3888 ritate
317 3844 535 3904 procedat,
556 3850 706 3908 *quibus
720 3851 842 3892 ctiam
856 3849 909 3894 de
925 3847 1151 3906 dispositio<

2018 204 2125 314 63

1217 363 1272 393 ne
1284 348 1378 391 usiis
1394 349 1539 390 talium
1553 361 1690 390 rerum
1706 349 1972 395 concedimus
1988 360 2179 404 ordinare
2191 387 2206 403 .

1337 407 1378 448 Si
1396 409 1498 448 vero
1512 420 1572 448 res
1589 404 1822 460 hujusmodi
1844 409 2037 455 aestimato
2067 421 2205 468 pretio

1220 461 1344 506 vendi
1358 466 1600 519 contingam,
1626 478 1719 506 cum
1732 466 1944 509 Fratribus
1962 470 2051 524 ipfis
2067 486 2135 525 per
2149 477 2207 524 se,

1219 523 1288 566 vel
1321 536 1396 579 per
1410 523 1535 566 alium
1560 525 1745 577 recipere
1770 527 1982 578 pecuniam
2017 530 2208 582 Regula„

1221 582 1473 638 prohibente
1492 611 1508 634 ,
1550 596 1633 626 non
1659 582 1788 625 liceat
1816 609 1831 632 ,
1864 584 2101 628 ordinamus
2131 616 2147 638 ,
2171 590 2211 631 δι

1220 641 1438 695 volumus,
1465 643 1578 699 quod
1594 640 1685 683 talis
1710 643 1913 698 pecunia,
1943 643 2008 685 seu
2036 647 2210 700 pretium

1225 702 1451 758 recipiatur
1464 705 1505 746 δι
1518 702 1774 759 expendatur
1792 702 1830 744 in
1842 715 1930 744 rem
1945 702 2099 746 licitam
2113 731 2128 754 ,
2141 718 2213 746 cu-

1223 760 1289 818 jus
1307 760 1420 804 usum
1438 763 1646 806 Fratribus
1662 762 1759 804 licet
1773 761 1925 804 habere
1936 770 1955 811 ς
1967 776 2044 818 per
2059 763 2212 803 Procu-

1218 830 1404 864 ratorem
1430 821 1451 863 i
1478 820 1643 878 praefata
1670 820 1779 865 Sede
1802 849 1817 872 ,
1851 821 1917 864 vel
1948 820 1970 864 Ξ
1993 820 2212 866 Cardinali

1218 880 1562 938 gubernationem
1602 893 1679 936 per
1706 880 1828 935 ipsam
1856 880 2007 924 Sedem
2047 880 2211 938 gerenti

1216 939 1397 998 ejusdcm
1408 942 1578 984 Ordinis
1595 940 1896 997 deputandum,
1919 940 2033 996 juxta
2048 939 2215 982 modum

1218 1001 1258 1043 in
1276 998 1551 1058 superioribus
1567 999 1870 1049 nccessitatibus
1893 1000 2113 1057 praeteritis
2132 1026 2148 1051 ,
2176 999 2218 1042 δι

1214 1060 1504 1117 ingruentibus
1562 1060 1833 1103 ordinatum.
1870 1064 1932 1105 De
1962 1060 2111 1103 vilibus
2137 1071 2213 1100 au·

1213 1131 1299 1164 tem
1329 1120 1574 1169 mobilibus,
1607 1120 1672 1163 vel
1702 1132 1848 1176 parum
1887 1120 2122 1163 valentibus
2155 1115 2214 1159 li·

1218 1190 1311 1224 ceat
1325 1208 1340 1232 ‚
1370 1194 1422 1223 ex
1437 1179 1620 1236 praesenti
1641 1183 1771 1224 nostra
1784 1179 2042 1224 conceffione
2059 1176 2213 1223 Fratri·

1219 1243 1323 1291 bus,
1355 1241 1520 1296 pietatis
1547 1241 1611 1282 seu
1653 1238 2059 1282 devotionisintuitu
2098 1263 2113 1286 ‚
2147 1234 2215 1278 vel

1215 1314 1291 1357 pro
1304 1299 1383 1342 alia
1403 1299 1567 1344 honesta
1584 1324 1599 1347 ,
1630 1299 1672 1341 &
1689 1298 1927 1343 rationabili
1955 1298 2072 1341 causa
2088 1323 2103 1345 ,
2135 1296 2215 1337 ob-

1214 1358 1330 1402 tenti
1359 1360 1475 1414 super
1509 1360 1585 1400 hoc
1613 1359 1727 1413 prius
1742 1360 2012 1416 Superiorum
2052 1356 2218 1399 suorum

1217 1415 1383 1462 licentii
1402 1446 1416 1466 ‚
1448 1417 1564 1472 juxta
1578 1418 1689 1473 quod
1708 1418 1819 1461 inter
1836 1421 2006 1461 Fratres
2035 1416 2076 1457 in
2090 1426 2219 1469 genc-

1216 1476 1293 1521 rali
1306 1503 1321 1526 ,
1354 1475 1420 1518 vel
1436 1478 1475 1519 in
1491 1476 1819 1531 provincialibus
1835 1475 2044 1532 Capitulis
2059 1484 2143 1516 tam
2157 1471 2214 1515 de

1215 1538 1307 1592 ipsis
1323 1535 1447 1580 rebus
1465 1535 1617 1578 vilibus
1633 1564 1647 1587 ,
1672 1534 1739 1578 seu
1767 1548 1912 1592 parum
1941 1532 2177 1576 valentibus
2197 1559 2213 1583 ‚

1216 1598 1258 1640 δι
1281 1609 1422 1640 earum
1451 1594 1620 1647 valore,
1651 1593 1777 1651 quim
1819 1593 1987 1648 praesata
2020 1591 2224 1643 licentia,

1219 1657 1376 1700 scilicet
1406 1653 1591 1712 iquibus
1607 1681 1622 1704 ,
1653 1656 1695 1698 δι
1724 1654 1905 1711 qualiter
1930 1655 1974 1695 sit
1993 1648 2215 1701 habenda,

1223 1716 1412 1761 extiterit
1427 1714 1682 1768 ordinatum,
1699 1716 1807 1758 intra
1821 1715 1863 1758 δι
1876 1722 1994 1758 extra
2010 1711 2218 1756 Ordinem

1225 1776 1316 1820 aliis
1342 1774 1542 1831 elargiri.

1341 1894 1850 1940 ARTICLUS
1942 1891 2096 1936 vll.

1531 2016 1599 2057 De
1637 2010 1882 2071 vestu-eneis
1897 2039 1910 2053 .

1335 2128 1427 2171 leet
1444 2135 1582 2169 autem
1594 2130 1860 2173 contincatur
1874 2129 1914 2170 in
1928 2123 2223 2183 Regulgquod

1346 2191 1519 2230 Fratres
1533 2185 1707 2229 babeant
1720 2200 1842 2230 unam
1855 2190 2036 2230 tunicam
2050 2196 2138 2227 curn
2151 2196 2228 2235 ees-¹

1209 2251 1328 2296 paule
1343 2267 1359 2289 s
1386 2241 1437 2285 θ’
1451 2243 1671 2295 ‘liaustu
1680 2249 1855 2295 caputio,
1868 2246 1909 2285 δι
1926 2245 2055 2286 videri
2073 2240 2190 2298 poffit
2204 2267 2224 2290 ‚

1214 2296 1286 2340 illa
1302 2295 1413 2341 fuiffe
1431 2296 1678 2340 instituentis
1694 2300 1896 2346 intentio,
1934 2301 2049 2355 quod
2076 2298 2224 2349 necess

1215 2359 1334 2401 fitatc
1349 2353 1526 2401 ceffante
1542 2357 1730 2412 pluribus
1742 2373 1821 2401 non
1837 2367 2007 2400 utantur
2021 2384 2037 2408 ‚
2071 2356 2221 2400 decla-

1217 2431 1307 2520 {²13²
1301 2414 1856 2520 122‘0‘1'13'⁰‘¹&⁹‘‹':¹fii12i‘¹“⁸⁸
1870 2416 1923 2483 ‘³⁰
1941 2416 2217 2519 'isi-‘³⁸⁵²&Ma‘5

1368 2527 1372 2533 ι
1457 2503 1472 2527 ,
1719 2492 1786 2519 um
1803 2490 1955 2530 conjun
2001 2490 2054 2518 im
2067 2504 2083 2528 ,
2194 2490 2226 2520 s·

1221 2535 1334 2579 vilim
1353 2537 1397 2579 in
1422 2535 1842 2579 administrationibus
1872 2533 1943 2578 fibi
1971 2533 2189 2578 commiffis
2202 2562 2221 2588 ,

1220 2609 1315 2639 cum
1333 2596 1392 2639 eis
1410 2594 1619 2638 ridebitur
1644 2596 1859 2654 (pensatis
1888 2594 2188 2639 ueceffitatibus
2203 2622 2220 2647 ,

1216 2656 1258 2700 δι
1272 2654 1367 2698 aliis
1384 2656 1699 2701 circumstantiis
1713 2686 1728 2709 ,
1743 2670 1829 2712 quae
1844 2653 2069 2699 secundum
2085 2656 2219 2698 Deum

1213 2717 1256 2759 δι
1270 2715 1467 2771 Regulam
1480 2714 1742 2760 attendendae
1762 2716 1982 2768 videntur3
2009 2716 2032 2773 )
2046 2718 2105 2759 uti
2122 2713 2218 2770 plu-

1213 2778 1339 2821 ribus:
1353 2789 1428 2821 nec
1447 2788 1518 2830 per
1535 2777 1614 2819 hoc
1630 2776 1849 2819 videantur
1863 2774 1887 2818 ί
1904 2775 2064 2831 Regula
2077 2773 2222 2819 devia·

1215 2850 1278 2887 re,
1300 2850 1394 2879 cum
1412 2835 1539 2879 etiam
1557 2835 1596 2877 in
1610 2836 1691 2891 ipsa
1704 2837 1866 2879 dicatur
1880 2831 2071 2888 exprcff'e
2082 2865 2096 2889 ,
2108 2830 2223 2891 quod

1224 2895 1406 2939 Ministri
1424 2924 1439 2946 ,
1471 2896 1511 2937 &
1526 2894 1729 2938 Custodes
1744 2895 1798 2938 dc
1815 2893 2068 2937 infirmorum
2083 2893 2223 2938 neccs-

1225 2955 1416 2998 sitatibus
1433 2956 1470 2996 δι
1489 2955 1699 2998 Fratribus
1725 2952 1946 2996 induendis
1959 2980 1976 3004 ‚
2004 2952 2220 2998 sollicitam

1218 3029 1360 3058 curam
1373 3023 1521 3071 gerant
1534 3042 1550 3064 ,
1567 3011 1799 3058 ‚secundum
1818 3012 1911 3056 loca
1944 3013 2188 3071 &tempora
2200 3038 2220 3062 ,

1216 3076 1255 3117 &
1281 3072 1451 3130 frigidas
1469 3073 1655 3128 regiones
1673 3104 1686 3116 .
1719 3075 1775 3117 Et
1791 3085 2040 3129 quamquam
2066 3070 2215 3130 praedi-

1217 3138 1280 3176 aa
1297 3133 1458 3189 Regula
1470 3134 1685 3177 contineat
1700 3160 1715 3183 ‚
1730 3133 1843 3189 quod
1857 3131 1909 3174 de
1926 3132 2136 3175 Fratribus
2158 3130 2222 3172 in-'

1217 3193 1393 3237 dnendis
1419 3220 1435 3243 ‚
1471 3193 1514 3234 &
1540 3191 1842 3237 ueceffitatibus
1869 3188 2123 3235 infirmorum
2138 3188 2221 3234 Mi·

1221 3252 1332 3296 nistri
1373 3251 1557 3296 tanfttim
1587 3254 1627 3295 &
1655 3251 1862 3295 Custodes
1890 3250 2109 3295 sollicitam
2141 3262 2218 3292 cu·

1220 3325 1312 3356 ram
1342 3321 1490 3366 gerant
1505 3322 1522 3364 3
1550 3313 1589 3354 δι
1615 3311 1741 3354 dictio
1767 3311 1839 3354 illa
1852 3338 1868 3362 ,
1890 3309 2080 3360 tannim,
2110 3307 2219 3352 adeo

1222 3370 1431 3415 Ministros
1446 3399 1463 3422 ,
1487 3372 1529 3412 δι
1544 3370 1748 3415 Custodes
1765 3373 1804 3414 in
1822 3371 1897 3413 hac
1912 3383 2009 3413 cura
2022 3368 2220 3426 perstrin-

1220 3445 1320 3487 gere
1346 3431 1541 3474 videatur
1553 3460 1570 3483 ,
1599 3432 1712 3488 quod
1743 3431 1792 3473 ab
1823 3444 1870 3472 ea
1884 3439 2056 3472 caeteros
2083 3431 2216 3485 prima

1217 3490 1326 3534 facie
1345 3490 1567 3534 excludat:
1593 3492 1689 3547 quia
1713 3500 1851 3533 tamen
1884 3488 2061 3531 sollicite
2090 3486 2219 3530 confi-

1216 3551 1363 3594 derare
1379 3555 1465 3594 Nos
1489 3551 1686 3593 convenit
1698 3576 1713 3599 ‚
1740 3552 1955 3604 &tempus
1971 3546 2144 3603 Regulae
2158 3546 2220 3588 in-

1219 3611 1372 3654 stitutae
1385 3639 1400 3661 ,
1427 3623 1512 3666 quo
1527 3611 1694 3652 Fratres
1710 3608 1769 3651 isti
1786 3607 1837 3650 ad
1854 3608 2214 3664 comparationem

1219 3668 1461 3726 praesentem
1491 3682 1660 3712 numero
1687 3669 1807 3725 pauci
1824 3677 1944 3710 erant
1965 3696 1980 3719 ,
2011 3668 2052 3710 δι
2080 3662 2215 3707 forsan

1221 3730 1399 3772 Ministri
1425 3759 1439 3781 ‚
1464 3728 1504 3769 &
1518 3726 1724 3771 Custodes
1761 3727 2017 3770 videbantur
2042 3736 2139 3766 tunc
2164 3719 2214 3762 ad

1220 3788 1292 3830 ista
1306 3787 1569 3845 procuranda
1587 3786 1696 3842 poffc
1711 3787 1912 3837 sufficere,
1929 3801 1974 3827 ac
2006 3800 2029 3826 n
2041 3779 2217 3826 ihilomi-

1215 3863 1289 3892 nus
1338 3846 1703 3903 multiplicationes
1732 3850 1918 3892 Fratrum
1957 3846 1998 3885 &
2030 3833 2211 3886 moderni

2055 3909 2153 3941 tem-
