2444 4192
793 213 957 298 Sub
1021 211 1411 299 Benedibio
1473 205 1743 297 XIII.

274 366 411 416 vorem
436 367 714 411 Parochorurn
738 394 751 418 ,
777 363 998 419 aliquando
1024 379 1158 411 autem
1182 369 1229 412 ad

276 429 455 472 favorem
483 425 776 482 Regum-ium,
803 434 880 479 pro
909 422 1075 469 diversis
1098 425 1224 469 causi.

266 501 353 531 rum
381 485 688 528 circumstantiis
718 511 732 534 ,
756 479 877 536 atque
898 482 1011 522 vario
1040 483 1227 538 judican-

265 546 367 589 tium
388 544 514 594 sensu,
526 542 664 587 decisae
680 555 725 585 ac
737 538 908 583 definitae
920 536 1082 582 fuerunt
1101 569 1113 580 .
1129 543 1222 583 Haec

264 618 398 661 porro
427 604 698 660 judicatorum
724 627 740 652 ‚
767 597 1136 653 sententiarumque
1159 597 1222 639 di-

266 662 451 716 versitas,
473 674 564 704 cum
580 659 732 703 nullam
744 686 759 710 ‚
772 665 923 700 certam
936 680 952 704 ‚
965 668 1010 696 ac
1024 654 1217 697 determi-

263 733 398 763 natam
414 718 671 764 constituerit
684 715 864 774 regulam
875 713 914 755 in
939 712 1219 756 evenientibus

263 779 414 823 casibus
439 776 760 824 observandam,
790 785 977 828 magnum
1005 770 1125 827 plane
1156 771 1222 812 so·

267 848 453 881 mentum
466 838 530 889 ‚&
551 834 683 879 ansam
698 832 890 888 relinquit
904 859 920 883 ,
947 830 1029 872 imo
1041 828 1221 871 &latam

267 895 414 939 sternit
443 896 550 939 viam
578 892 843 937 ulterioribus
873 891 982 933 inter
1011 887 1220 943 predictos

263 952 481 1010 Regularcs
506 955 546 996 δι
574 954 782 997 Par-ochos
795 949 934 992 litibus
951 975 968 1000 ,
993 949 1032 990 δι
1052 955 1222 989 contro-

262 1012 428 1062 versiis,
456 1026 505 1055 ex
533 1012 678 1066 quibus
709 1008 775 1068 ipfi
791 1037 806 1061 ‚
831 1008 901 1064 qui
928 1008 968 1050 in
994 1009 1130 1049 Domo
1146 1003 1222 1048 Dei

267 1070 477 1114 ambulare
499 1069 648 1113 debent
663 1083 754 1113 cum
771 1066 960 1111 consensu
974 1094 992 1119 ‚
1022 1063 1137 1108 novis
1167 1062 1221 1106 de

265 1140 407 1173 cetero
434 1129 665 1187 perturbari
689 1126 880 1179 diffidiis,
902 1122 1097 1181 novisque
1122 1135 1221 1179 prae-

261 1187 420 1241 gravari
447 1185 661 1242 dispendiis
682 1183 835 1242 possunt
860 1197 952 1227 cum
968 1181 1108 1226 Divini
1134 1179 1219 1223 cul.

260 1242 324 1287 tiis
336 1244 593 1288 detrimento
604 1271 620 1293 ‚
629 1247 669 1287 δι
681 1242 867 1286 scandalo
881 1241 1162 1298 plurimorum.

380 1301 590 1354 Quocirca
605 1305 694 1344 Nos
709 1300 880 1341 maxime
910 1297 1100 1353 expedire
1126 1308 1225 1337 cen-

259 1359 417 1408 sentes,
441 1367 486 1400 ut
510 1356 705 1412 ejusmodi
731 1354 1044 1406 controversiae,
1062 1355 1103 1395 &
1131 1353 1224 1394 lites

261 1420 312 1463 ab
327 1417 507 1462 Ecclesia
520 1417 594 1460 Dei
610 1416 766 1474 penitus
782 1423 996 1457 arceantur
1008 1441 1024 1463 ,
1050 1425 1095 1454 ac
1122 1408 1224 1452 insu·

261 1491 333 1536 per
348 1475 472 1527 ⁴,licet
488 1474 692 1520 universos
704 1473 879 1516 Ordines
896 1471 1121 1528 Regulares
1136 1496 1152 1521 ,
1181 1469 1223 1512 in

263 1535 437 1594 quibus,
464 1548 606 1590 nempe
632 1534 674 1576 in
687 1530 843 1575 Ordine
858 1533 1044 1574 Fratrum
1069 1526 1223 1572 Praedi-

264 1605 448 1640 catorum
462 1619 476 1642 ,
493 1596 578 1636 Nos
595 1591 660 1648 ipsi
676 1590 853 1648 plurium
878 1601 1073 1631 annorum
1097 1585 1225 1643 spatio

267 1649 412 1696 versati
425 1649 555 1694 sumus
569 1679 582 1703 ,
598 1649 758 1707 speciali
773 1658 942 1706 paternae
955 1646 1158 1691 charitatis
1170 1642 1225 1687 af·

264 1712 366 1755 fectu
383 1711 668 1767 prosequamur
679 1734 693 1759 ‚
707 1709 851 1765 eosque
862 1735 878 1758 ,
891 1707 951 1750 uti
968 1704 1019 1748 de
1036 1702 1224 1751 Ecclesia,

265 1768 480 1814 Catholisa
494 1769 596 1812 Fide
609 1793 624 1817 ‚
637 1769 675 1810 &
690 1765 795 1811 Sede
810 1769 842 1809 A
851 1764 1043 1821 postolica
1069 1760 1224 1819 optime

267 1829 468 1877 meritos,
499 1826 698 1885 praecipuo
727 1823 876 1883 semper
897 1822 935 1866 in
965 1823 1147 1870 honore,
1177 1833 1225 1863 ac

267 1889 410 1945 pretio
437 1886 716 1936 habuerimus,
741 1884 782 1925 &
807 1882 1048 1933 habeamus;
1070 1878 1225 1924 nihilo-

269 1945 398 1988 minus
431 1944 728 1987 considerantes
754 1941 1048 1997 exemptionem
1072 1943 1095 1985 a
1122 1938 1227 1982 soln-

269 2005 379 2047 tione
396 2005 560 2058 Quartae
583 2001 787 2048 Funeralis
813 1997 988 2057 praefatis
1003 1997 1227 2042 Ordinibus

269 2065 292 2106 a
319 2061 424 2104 dieta
449 2060 684 2118 Apostolica
709 2061 812 2104 Sede
847 2054 1073 2101 concessam
1103 2054 1230 2097 modo

271 2132 440 2177 vergere
461 2119 500 2162 in
515 2118 729 2163 maximum
746 2118 1023 2161 Parochorum
1052 2113 1230 2170 praejudi·

272 2179 379 2223 cium
393 2205 408 2230 ,
422 2178 508 2220 'tum
524 2187 691 2234 propter
717 2175 1096 2232 multiplicationem
1116 2176 1230 2216 Con-

272 2244 471 2279 ventuum
485 2265 502 2288 ,
517 2239 555 2278 &
570 2235 905 2279 Monasteriorum
935 2231 1198 2288 Regularium
1214 2258 1229 2280 ,

272 2305 358 2339 tum
376 2295 498 2338 etiam
522 2305 692 2350 propter
706 2295 859 2337 aufiam
873 2292 1143 2335 devotionem
1160 2318 1174 2341 ,
1188 2290 1230 2330 &

269 2351 597 2398 consuetudinem
612 2349 1070 2406 fidelium,si:pulturam
1083 2348 1236 2403 eligen-

270 2412 314 2455 di
342 2412 383 2454 in
411 2411 599 2456 Ecclefiis
625 2411 906 2468 praedie‘torum
936 2407 1230 2464 Regularium3

272 2484 320 2513 ac
346 2469 522 2527 proinde
547 2484 628 2513 non
646 2469 768 2514 modo
789 2468 1097 2512 consentaneum
1115 2494 1130 2517 ,
1162 2465 1229 2508 sed

269 2529 390 2574 etiam
420 2526 682 2572 necessarium
708 2529 975 2579 arbitrantes,
998 2534 1042 2568 ut
1064 2538 1228 2568 corum·

270 2588 365 2632 dem
382 2588 661 2631 Parocborum
675 2614 688 2639 ,
700 2587 843 2642 quibus
856 2585 1102 2640 ceteroquin
1120 2583 1228 2627 Sacri

269 2647 478 2693 canones,
489 2646 530 2688 &
545 2644 667 2702 prisca
685 2642 871 2688 Ecclefiae
884 2643 1093 2698 disciplina
1111 2655 1226 2699 aper·

268 2704 311 2748 te
325 2702 866 2761 suffragantur‚indemnitati
882 2702 1115 2758 opportune
1128 2715 1205 2744 eon
1216 2723 1228 2732 ·

270 2761 426 2806 sulatur
438 2787 454 2810 ‚
477 2761 520 2803 &
532 2760 734 2815 antedifla
761 2759 995 2817 Apostolica
1011 2759 1229 2816 Privilegia

269 2822 322 2865 ad
337 2819 530 2877 equitatis
557 2817 704 2863 limites
729 2819 975 2861 reducantur
990 2845 1001 2858 .
1026 2819 1133 2875 Hinc
1154 2818 1228 2874 igi·

272 2887 343 2922 tur
365 2878 439 2927 est,
458 2877 567 2934 quod
590 2880 676 2920 Nos
699 2876 834 2920 omnia
857 2878 897 2919 δι
914 2875 1067 2931 singula
1085 2889 1233 2919 memo-

274 2945 366 2981 rata
384 2935 596 2992 Privilegia
611 2935 837 2990 exemptiva
849 2936 872 2979 ὲ
885 2933 1081 2978 solutione
1096 2936 1230 2990 Quar-

267 3005 321 3041 ,τε
336 2994 560 3046 Funeratus,
575 2991 771 3051 quibusvis
784 2992 1022 3045 Ordinibus,
1044 2996 1230 3047 Congre-

275 3054 502 3112 gationibus
516 3079 530 3103 ‚
545 3065 592 3096 ac
610 3052 802 3096 Institutis
825 3051 1081 3109 Regularibus
1107 3051 1157 3093 ab
1172 3055 1230 3095 Α·

274 3112 471 3170 postolica
486 3110 591 3156 Sede
605 3139 620 3163 ‚
634 3120 679 3154 ut
695 3110 908 3166 prefertur
921 3138 936 3163 ,
953 3109 1230 3166 quandocum-

274 3185 352 3229 que
363 3198 378 3223 ,
389 3173 432 3215 δε
443 3169 823 3228 quomodocumque
835 3167 1012 3212 concessa
1030 3166 1230 3225 presenti-

272 3231 347 3275 bus
373 3245 450 3288 pro
477 3227 623 3286 plene,
649 3227 943 3272 &sufficienter
959 3226 1143 3283 expressis
1157 3227 1228 3269 ha·

273 3290 416 3335 bentes
429 3316 444 3340 ,
465 3302 512 3331 ac
527 3288 581 3331 de
606 3301 747 3330 eorum
762 3296 903 3331 tenore
918 3315 932 3339 ,
963 3285 1225 3329 &substantia

276 3345 369 3392 satis
390 3348 586 3403 superque
614 3346 817 3395 instrum,
837 3346 888 3390 de
913 3344 1226 3389 nonnullorum..

275 3406 579 3452 Venembilium
595 3406 780 3448 Fratrum
795 3404 1035 3449 Nostrorum
1050 3406 1090 3447 S.
1109 3404 1160 3446 R.
1179 3405 1228 3446 E.

277 3462 571 3515 cardinalium,
583 3466 623 3508 δι
636 3464 789 3521 aliquot
803 3465 927 3506 etiam
942 3465 1129 3506 Romanae
1143 3463 1230 3504 Cu-

278 3523 345 3565 riae
370 3523 627 3568 Praelatorum
651 3525 676 3568 ὲ
704 3523 833 3567 Nobis
857 3521 907 3566 ad
934 3520 975 3564 id
1002 3519 1229 3577 specialiter

277 3581 572 3636 deputatorum
583 3581 776 3635 consilio,
802 3579 1049 3627 suadentibus
1072 3580 1229 3626 etiam.⁴

279 3637 513 3694 Episcopus,
539 3640 678 3685 &aliis
705 3639 969 3685 Ecclefiarum
999 3637 1228 3683 Praelatisin

277 3694 461 3754 praesenti
471 3699 593 3741 Sacro
604 3700 791 3743 Concilio
809 3699 1067 3755 congregatis
1084 3726 1098 3749 ‚
1109 3699 1228 3741 acin·

276 3757 393 3812 super
408 3758 527 3798 Motu
545 3757 735 3812 proprio,
758 3773 807 3802 ex
834 3770 945 3802 certa
961 3755 1121 3800 scientia
1136 3785 1151 3807 ‚
1181 3771 1226 3801 ae

276 3825 434 3858 matura
446 3813 739 3860 deliberatione
763 3817 908 3861 nostris
921 3846 935 3872 ,
960 3817 1090 3876 deque
1109 3819 1224 3875 Apo·

2004 243 2181 325 479

1289 367 1434 409 stolicae
1457 365 1663 422 potestatis
1677 361 1929 418 plenitudine
1944 391 1959 412 ,
1988 365 2062 407 hac
2080 371 2241 415 nostra„-

1286 426 1486 480 pcrpetuo
1512 421 1686 463 valitura
1713 419 2041 468 Constitutione,
2056 431 2243 476 praemnh

1283 484 1419 523 omnia
1446 479 1665 532 Privilegia
1688 477 1820 531 quoad
1847 479 2044 537 Qartam
2071 482 2243 525 Funera.

1284 539 1365 581 lem
1379 537 1534 580 tantum
1552 549 1625 590 pro
1637 534 1735 576 locis
1752 531 1852 575 infra
1866 535 2138 587 exprimendis
2152 553 2242 579 mo.

1280 596 1474 639 dei-amur
1486 622 1500 645 ‚
1516 591 1776 636 reformamus
1795 619 1808 641 ,
1821 593 1871 634 ad
1889 593 1991 634 viam
2009 593 2106 650 juris
2121 596 2243 645 redu,-

1278 656 1431 706 eimus,
1447 654 1505 703 &‚
1519 662 1713 708 quatenus
1740 665 1837 706 opus
1852 654 1897 693 sit
1911 682 1926 703 ‚
1945 654 2066 695 etiam
2083 666 2246 695 revoca·-

1282 726 1371 755 mus
1388 738 1404 758 ‚
1425 713 1463 753 δε
1476 713 1718 766 abrogamus
1731 737 1746 759 ,
1770 722 1899 766 neque
1916 711 2106 766 cuiquam
2121 711 2240 753 dein-

1279 784 1375 827 ceps
1404 768 1608 826 suffragari
1637 768 1744 824 posse
1756 795 1771 818 ‚
1800 768 1862 812 vel
1875 769 2025 812 debere
2052 769 2242 812 decerni-

1282 842 1369 872 mus
1381 857 1394 869 .

1398 888 1591 929 Praeterea
1607 893 1721 928 motu
1739 913 1754 937 ,
1767 885 1955 939 scientia,
1981 889 2019 929 &
2035 887 2241 943 potestatis

1273 946 1523 1002 plenitudine
1548 943 1736 986 similibus
1751 943 1971 997 sancimus,
1994 947 2201 990 statuimus
2217 971 2231 994 a

1279 1007 1320 1047 δι
1332 1003 1568 1047 mandamus
1582 1030 1596 1052 ‚
1623 1012 1667 1045 ut
1689 1004 1730 1046 in
1756 1003 1875 1046 ltalia
1890 1035 1906 1056 ‚
1921 1005 2038 1060 eique
2055 1005 2103 1047 ad
2108 1006 2242 1061 jacen·

1280 1065 1385 1108 tibus
1410 1062 1575 1114 lnsulis,
1603 1060 1624 1102 ἃ
1641 1061 1707 1104 die
1729 1062 2014 1118 publicationis
2037 1064 2239 1118 praesentis

1280 1123 1594 1167 Constitutionis
1609 1120 1650 1161 in
1674 1121 1853 1163 futurum
1877 1123 2065 1165 Parochis
2090 1122 2244 1166 Defun-

1281 1186 1464 1233 ἂοωιιι,
1485 1182 1556 1238 qui
1585 1180 1625 1221 in
1644 1179 1829 1225 Ecclesiis
1853 1195 2244 1238 quorumcumque,

1280 1240 1547 1298 Regularium
1584 1238 1861 1294 praedic'torum
1907 1238 2214 1283 tumulabuntur
2228 1264 2243 1286 ,

1285 1300 1538 1357 persolvatur
1549 1328 1565 1351 ,
1578 1299 1619 1338 δι
1634 1311 1726 1339 cum
1741 1298 1881 1341 effefilu
1910 1299 2096 1341 tradatur
2111 1301 2248 1358 Qar-

1286 1369 1327 1400 ta
1346 1368 1437 1412 pars
1451 1361 1634 1397 omnium
1653 1357 1968 1400 lutorticiorum
1985 1387 2001 1408 ,
2025 1359 2065 1398 δι
2086 1354 2250 1398 Cande-

1285 1415 1438 1461 larum,
1451 1414 1596 1468 quibus
1616 1412 1806 1454 Defunfiii
1829 1415 2019 1455 Cadaver
2044 1414 2085 1454 in
2104 1413 2249 1455 itinere

1282 1473 1334 1519 ad
1351 1471 1573 1516 Ecclesiam
1594 1471 1867 1514 tumulantem
1883 1468 2250 1520 associabitunnec-

1285 1545 1364 1576 non
1394 1531 1575 1573 omnium
1601 1531 1908 1573 Intorticiorum
1934 1559 1949 1582 ,
1975 1532 2016 1573 δι
2045 1529 2250 1573 Candela-

1285 1602 1374 1634 rum
1385 1617 1401 1641 ‚
1418 1601 1503 1645 qna·
1514 1588 1553 1630 in
1569 1587 1714 1630 eadem
1731 1589 1907 1632 Ecclesia
1920 1589 2029 1631 circa
2045 1589 2250 1641 Cadaver,

1286 1648 1350 1692 vel
1365 1650 1487 1690 etiam
1502 1647 1540 1689 in
1557 1646 1764 1689 Altaribus
1784 1648 1823 1689 in
1849 1647 1918 1689 die
1945 1645 2093 1691 funeris
2109 1659 2251 1690 accen·

1286 1708 1438 1750 dentur
1451 1735 1463 1749 .
1481 1706 1532 1749 A’
1545 1705 1729 1762 praedic'ta
1753 1716 1886 1748 tamen
1899 1708 2060 1763 Quarta
2073 1707 2250 1750 Funera-

1287 1767 1316 1809 li
1331 1774 1507 1823 exceptae
1536 1764 1819 1821 intelligantur
1844 1767 1884 1807 δι
1915 1764 2251 1818 fint,Candelae‚

1285 1838 1380 1884 quas
1394 1824 1630 1870 Sacerdotes
1646 1849 1660 1872 ‚
1674 1825 1798 1867 etiam
1815 1824 2039 1879 Regulares
2054 1854 2069 1875 ,
2084 1823 2146 1866 vel
2170 1824 2253 1879 pia-

1287 1897 1377 1928 rum
1422 1882 1699 1925 Sodalitatum
1741 1880 1986 1926 Confratres
2029 1880 2146 1925 sunus
2189 1881 2247 1922 as-

1287 1944 1504 1995 sociantes,
1520 1941 1760 1984 manualiter
1773 1954 1844 1998 per
1859 1941 1963 1984 viam
1978 1940 2165 1984 accensas
2179 1939 2253 1982 de·

1287 1999 1587 2057 ferent.Quod
1612 2000 1640 2040 si
1657 1998 1774 2043 sunus
1788 2013 1867 2042 non
1884 1998 1998 2043 lieret
2030 2002 2069 2044 in
2091 1999 2160 2042 die
2183 2009 2250 2041 tu-

1290 2060 1520 2104 mulationis
1535 2087 1552 2110 ,
1576 2056 1642 2099 sed
1669 2058 1719 2099 ad
1742 2054 1939 2100 diversam
1953 2058 2061 2101 diem
2074 2087 2091 2108 ,
2107 2056 2171 2099 vel
2194 2058 2246 2101 ad

1289 2118 1397 2162 aliud
1414 2117 1572 2174 longius
1592 2126 1749 2171 tempus
1776 2115 2039 2165 differretur,
2066 2117 2250 2159 Parocbo

1289 2176 1550 2220 nibilominus
1565 2174 1775 2230 assignetur
1789 2176 1947 2235 Qarta
1959 2189 2046 2232 pars
2066 2175 2249 2217 omnium

1289 2235 1624 2280 Intorticiorum,
1650 2234 1692 2275 &
1715 2233 2022 2284 candelarum,
2051 2230 2250 2289 quaeipsa-

1293 2303 1378 2336 met
1394 2293 1541 2348 perassi
1559 2290 1709 2334 funeris
1725 2291 1792 2333 die
1809 2293 1848 2332 in
1863 2291 2036 2335 Ecclesia
2051 2320 2064 2343 ‚
2086 2292 2153 2334 ubi
2169 2292 2252 2333 De·

1294 2349 1451 2397 functus
1474 2352 1663 2393 humatus
1680 2347 1773 2402 fuit,
1785 2351 1895 2393 circa
1909 2351 2252 2407 Coenotaphium‚

1294 2414 1356 2456 seu
1373 2410 1572 2454 tumulum
1589 2410 1848 2451 honorarium
1861 2438 1876 2461 ‚
1902 2419 2023 2466 atque
2038 2410 2161 2453 etiam
2178 2410 2250 2454 in..

1292 2471 1505 2514 Altaribus
1532 2468 1703 2526 ejusdem
1731 2469 1946 2520 Ecciefiae,
1972 2467 2132 2511 accensa
2158 2467 2251 2512 fue·

1289 2530 1374 2574 rint
1390 2557 1401 2571 .
1418 2532 1513 2572 Haec
1532 2541 1655 2584 porro
1669 2530 1802 2571 omnia
1819 2528 1956 2571 locum
1986 2528 2160 2570 habeant
2173 2557 2190 2580 ,
2211 2529 2252 2570 δε

1289 2589 1426 2634 exacte
1443 2586 1686 2644 inposterum
1698 2585 1959 2632 observentur
1975 2587 2254 2642 ‚quotiescun-

1288 2662 1367 2704 que
1384 2645 1605 2690 Defunetus
1620 2657 1734 2689 extra
1751 2647 1858 2690 suam
1877 2646 2160 2689 Parochialem
2174 2647 2256 2687 Ec·

1287 2706 1445 2750 cleliam
1461 2705 1703 2753 tumuletur,
1716 2704 1781 2747 vel
1798 2714 2038 2759 exponatur,
2053 2703 2145 2755 five,
2160 2704 2254 2759 quia

1292 2767 1331 2809 in
1346 2764 1525 2808 Ecclesia
1539 2763 1789 2814 tumulante,
1805 2763 1870 2806 vel
1886 2772 2112 2820 exponente
2128 2764 2255 2806 Bene.-

1289 2822 1425 2866 ficium
1437 2824 1661 2866 obtinuerit
1678 2851 1692 2873 ,
1718 2821 1919 2879 five‚quia
1947 2820 2101 2866 ibidem
2122 2820 2255 2876 sepul·

1290 2883 1431 2924 chrum
1460 2881 1642 2924 habuerit
1656 2880 1904 2935 gentilitium
1916 2909 1932 2932 ‚
1965 2880 2046 2923 sive
2060 2880 2222 2924 tandem
2236 2907 2252 2930 ,

1289 2939 1382 2996 quia
1410 2938 1449 2980 in
1469 2952 1516 2981 ea
1545 2936 1790 2993 sepulturam
1814 2937 1983 2992 elegerit
2008 2965 2021 2977 .
2047 2937 2252 2980 Caeterum

1291 2997 1360 3040 sub
1373 2997 1557 3054 praedicta
1567 2999 1730 3057 Qarta
1747 2993 1932 3038 Funerali
1960 2996 2250 3051 comprehendi

1291 3071 1369 3100 non
1386 3055 1629 3099 intendimus
1644 3081 1659 3104 ,
1672 3053 1758 3097 imo
1768 3052 1949 3109 expresse
1975 3054 2025 3096 ab
2039 3068 2085 3097 ea
2101 3055 2252 3110 excipi-

1289 3129 1376 3158 mus
1390 3142 1404 3163 ,
1416 3114 1548 3169 legata
1562 3112 1764 3156 Missarum
1778 3114 1842 3163 ,δι
1854 3112 2248 3166 Anniversariorum‚

1288 3173 1427 3229 hisque
1443 3172 1582 3214 similia
1605 3173 1669 3228 pia
1683 3171 1824 3215 relicta
1842 3173 1891 3216 ad
1913 3170 2091 3215 savorem
2109 3173 2251 3217 Eccle-

1287 3232 1344 3276 siae
1368 3230 1604 3275 tumulantis
1618 3260 1632 3283 ,
1660 3229 1728 3274 vel
1761 3232 1999 3286 exponentis
2014 3232 2036 3274 a
2053 3228 2249 3275 Defunc'lo

1289 3289 1498 3346 disposita3
1523 3291 1648 3334 Circa
1670 3303 1757 3347 quae
1770 3319 1783 3341 ,
1810 3303 1855 3331 ac
1869 3290 2003 3332 omnia
2020 3290 2058 3330 &
2073 3288 2248 3344 singula„

1288 3349 1367 3392 alia
1386 3349 1463 3401 ‚de
1474 3349 1620 3405 quibus
1635 3349 1676 3391 in
1693 3348 1874 3401 praesenti
1891 3348 2247 3394 Constitutione...

1289 3409 1444 3452 mentio
1458 3406 1559 3451 Γαδία
1582 3421 1664 3450 non
1681 3406 1756 3449 suit
1770 3435 1784 3459 ,
1818 3406 2247 3462 Priviiegiatpraediens

1289 3466 1540 3522 regularibus
1566 3467 1786 3509 Ordinibus
1812 3468 1864 3508 ab
1891 3465 2127 3522 Aposiolica
2142 3467 2249 3510 Sede

1289 3522 1466 3570 concessa
1482 3525 1588 3568 salva
1601 3528 1763 3580 prorsus
1777 3554 1792 3577 ‚
1807 3523 1923 3567 illaesa
1938 3553 1952 3576 ,
1977 3539 2024 3568 ac
2050 3525 2244 3569 inviolata

1290 3586 1487 3640 perpetuo
1511 3597 1773 3637 permanere,
1797 3585 1837 3626 Gt
1863 3584 1914 3624 ab
1942 3585 2160 3637 omnibus,
2190 3584 2241 3625 ad

1287 3656 1386 3698 quos
1417 3641 1562 3698 spectat
1577 3671 1592 3695 ‚
1618 3644 1745 3698 &pro
1759 3653 1944 3698 tempore
1966 3643 2242 3699 quandocum-

1286 3714 1365 3758 que
1385 3701 1556 3757 speeiabi
1562 3711 1579 3744 t
1592 3729 1607 3752 ‚
1620 3701 1857 3746 inconcusse
1870 3724 1886 3747 2
1897 3714 1941 3744 ac
1957 3699 2240 3756 irrefragabili-

1286 3771 1350 3804 ter
1365 3760 1569 3804 observari
1587 3761 1737 3804 debere
1750 3761 1957 3810 volumus,
1970 3760 2237 3808 decernimus,

1283 3821 1322 3862 &
1336 3819 1587 3864 mandamus.
1605 3821 1688 3866 Ubi
1707 3823 1806 3865 vero
1819 3820 2128 3880 consuetudines
2140 3815 2238 3867 legit

2085 3885 2187 3915 timae
