2444 4192
797 168 808 173 ’
839 155 1023 246 Sub·
1064 160 1451 244 Clemente
1510 156 1680 244 IV.

2103 194 2198 281 31

238 300 541 359 Ecclesiarum
564 299 764 353 Praelatis
799 303 983 355 Fratres
1012 308 1221 358 Minores
1283 310 1588 361 Ecclefiarum
1606 312 1808 361 Praelatis
1826 311 2162 387 quibuscunque
2178 328 2267 374 Re-

241 398 248 419 :
304 372 333 424 ἐ
356 374 599 442 Religione
621 368 814 443 egressos
833 406 849 430 ,
866 371 958 424 five
974 379 1018 425 in
1039 377 1221 430 Habitu

299 443 495 494 Ordinis
514 479 530 502 ,
556 443 630 513 sen
650 444 860 495 Saeculari
875 440 1027 495 secum
1056 450 1219 499 retine-

306 530 358 563 re
393 515 661 574 interdicit,
686 511 734 564 ἃ
772 514 969 565 Litteras
1013 520 1217 567 Alexan-

239 582 242 587 ’
296 583 484 638 drilV.
511 583 702 655 desuper
727 581 870 635 editas
899 585 1146 638 confirmat
1163 622 1179 639 .

226 715 648 770 CLEMENS
715 716 1208 774 EPISCOPUS

413 791 596 832 δεινος
629 787 880 830 Sesvoauu
913 787 996 828 Det
1015 815 1030 830 .

227 901 514 949 Venerabilibus
541 901 773 958 Fratribus,
786 902 974 950 universa
1000 906 1208 963 Arcbiepi-

260 962 392 1023 fiopir
405 989 420 1012 ‚
447 967 503 1014 0³·
519 964 715 1021 Epist-opit
728 993 744 1016 ,
774 977 821 1007 ac
833 962 985 1006 ditet-tis
999 964 1104 1022 filiis
1121 966 1206 1011 Ab-

233 1060 235 1066 ,
270 1021 446 1074 batibus,
462 1023 666 1066 Prt'ort'bus
679 1048 694 1071 ‚
712 1021 1074 1079 Archiprcrkyteris
1088 1056 1103 1078 ,
1122 1029 1206 1069 De·

270 1084 402 1131 canis,
431 1081 756 1131 Archidr‘aconir,
786 1081 963 1126 Plebaem‘r
990 1111 1006 1137 ‚
1034 1085 1090 1137 ό·
1114 1084 1206 1130 aliis

271 1140 528 1199 Ecclesiarum
602 1140 832 1184 ReHorlbur
857 1171 873 1194 ,
912 1143 970 1185 ad
1005 1157 1099 1200 quor
1141 1147 1198 1188 11-

269 1209 364 1244 terae
396 1198 483 1255 iste
498 1202 756 1253 pervenerint
775 1226 791 1250 ,
800 1200 983 1259 stilutcm
1016 1203 1071 1256 ά·
1096 1208 1206 1262 Apo-

254 1257 447 1319 stolicam
470 1257 782 1302 Benedibl'ionem
796 1286 809 1302 .

330 1378 410 1422 Um
421 1405 437 1430 ,
454 1376 557 1423 ficut
569 1393 620 1423 ex
633 1388 750 1436 parte
761 1379 787 1423 d
794 1380 1008 1426 ileftorum
1021 1379 1202 1426 filiorum

342 1438 558 1482 Generalis
584 1440 626 1482 δι
652 1441 976 1485 Provincialium
1000 1442 1204 1486 Ministro·

210 1509 302 1540 rum
315 1497 482 1540 Ordinis
499 1499 687 1542 Fratrum
707 1500 909 1545 Mirorum
927 1500 1004 1545 fuit
1019 1501 1200 1559 propofi·

210 1561 298 1598 tum
309 1569 449 1600 coram
466 1559 600 1601 Nobis
614 1587 632 1611 ,
659 1558 771 1617 quod
786 1560 992 1605 nonnullae
1020 1562 1203 1605 Persona

207 1613 519 1669 Eccleliallicoe,
548 1615 754 1662 seculares
777 1620 817 1662 δι
831 1620 1040 1676 regulares
1057 1650 1069 1671 ,
1084 1623 1200 1674 Apo·

205 1670 324 1716 statas
336 1672 514 1732 ejusdem
541 1676 713 1719 Ordinis
734 1705 748 1728 ‚
773 1679 845 1736 qui
874 1679 962 1735 poll
990 1677 1200 1735 proseffio·

206 1734 347 1777 nemin
358 1730 446 1791 ipso
459 1734 619 1780 Ordine
633 1734 846 1789 fastam,ad
863 1738 1047 1780 laeculum
1065 1753 1200 1782 rever-

206 1798 372 1846 tuntur,
386 1792 580 1850 quosdam
598 1795 788 1841 videlicet
805 1797 844 1840 in
866 1797 1098 1853 Religionis
1114 1800 1200 1841 Ha-

168 1898 174 1904 ,
205 1849 292 1895 bitu
306 1880 322 1904 ,
337 1853 492 1910 aliquos
507 1856 660 1899 veroin
677 1856 871 1910 seculari,
887 1854 1024 1901 secum
1041 1884 1056 1907 ‚
1072 1868 1141 1900 aut
1158 1858 1198 1900 in

204 1906 284 1974 suis
296 1909 529 1967 obsequiis,
560 1915 622 1959 vel
642 1916 864 1969 Eccleiiis,
891 1927 961 1960 aut
989 1917 1200 1961 Monaste·

207 1979 277 2011 ms
291 1969 476 2013 detinere
485 1973 783 2026 presumunt,in
795 1977 1023 2018 animarum
1036 1975 1196 2019 suarum

210 2026 461 2083 dispendium
479 2055 493 2080 ,
522 2030 559 2070 in
577 2029 764 2083 injuriam
795 2034 973 2085 praedicti·
1000 2035 1196 2084 Ordinis,

207 2085 492 2129 &scandalum
506 2087 803 2144 plurimorum:
829 2093 917 2132 Nos
935 2089 1118 2130 volentes
1134 2088 1196 2128 su·

204 2145 389 2243 25:333
391 2151 536 2242 ²:313?ss
547 2143 755 2240 ‘335521‘3'5
759 2146 1194 2241 ⁶35.2:?·3355553?3·

201 2257 264 2303 nis
277 2256 502 2302 Alexandri
520 2260 637 2314 Pap:
651 2252 950 2313 pradeccss‘oris
963 2258 1106 2311 nostri,
1120 2270 1192 2313 per

202 2315 440 2375 Apostolica
454 2311 601 2373 scripta
631 2315 900 2373 praecipiendo
926 2315 1165 2359 mandamus
1181 2344 1195 2370 ,

202 2389 398 2436 quatenus
428 2373 565 2431 finguli
584 2374 756 2421 vestrum
771 2407 788 2429 ,
811 2376 901 2421 cum
925 2376 948 2419 ἐ
970 2374 1162 2418 fratribus
1178 2403 1194 2427 ,

201 2436 378 2495 requiriri
393 2432 550 2478 fueritis
565 2465 580 2488 ,
609 2449 754 2480 omnes
772 2436 893 2485 illos,
917 2434 1192 2489 cujuscunque

200 2494 451 2541 conditionis
462 2495 629 2539 existant
648 2525 660 2546 ,
685 2497 754 2552 qui
772 2494 1001 2550 hujusmodi
1017 2494 1191 2550 Aposta-

200 2566 261 2600 tas
274 2585 290 2608 ,
321 2554 533 2613 postquam
547 2569 617 2611 per
633 2554 858 2608 Ministros,
871 2552 1073 2598 Custodes
1086 2580 1100 2603 ‚
1124 2552 1192 2598 seu

201 2615 461 2660 Guardianos
486 2613 659 2669 predicti
673 2613 869 2665 Ordinis,
895 2626 1071 2671 quorum
1101 2610 1189 2657 sunt

200 2688 308 2720 curae
320 2671 518 2716 commisii
533 2702 549 2725 ,
562 2672 911 2717 excommunicati
928 2671 1094 2728 publice
1109 2671 1195 2716 fuc-

199 2735 315 2785 rint,
342 2731 367 2776 ὶ
394 2732 432 2776 se
452 2746 531 2776 non
546 2732 764 2787 rejecerint
781 2761 796 2785 ,
823 2732 888 2779 sed
918 2732 1094 2776 scienter
1119 2746 1192 2776 eos

198 2796 335 2839 secum
349 2822 366 2846 ,
389 2804 456 2837 sut
476 2792 515 2835 in
529 2789 608 2837 suis
627 2791 830 2850 obsequiis
845 2820 861 2846 ‚
887 2791 952 2834 vel
974 2791 1163 2837 Ecclefiis
1177 2819 1193 2844 ,

199 2852 264 2900 vel
283 2851 530 2897 Monasteriis
563 2852 842 2906 retinuerint,
876 2851 938 2896 vel
971 2851 1027 2897 eis
1054 2852 1092 2894 in
1110 2852 1190 2895 hoc

200 2913 392 2958 auxilium
422 2911 680 2968 praestiterint
705 2940 718 2963 ,
747 2911 812 2956 vel
842 2910 1027 2955 favorem
1054 2940 1070 2963 ,
1096 2924 1192 2955 cum

195 2972 285 3031 ipiis
299 2970 644 3016 communicando
659 2971 798 3015 taliter
811 2971 850 3015 in
864 2971 1036 3016 erimine
1051 2969 1192 3025 hujus·

195 3032 307 3076 modi
333 3029 582 3082 criminoso,
609 3031 694 3085 post
725 3030 849 3075 latam
871 3030 995 3076 ineos
1022 3045 1190 3075 exeom-

195 3090 482 3137 municationis
497 3088 736 3146 sententiam
753 3118 767 3141 ,
784 3090 899 3133 fimili
914 3089 1109 3135 sementis
1124 3092 1187 3133 in·

195 3152 445 3205 volvantur,
475 3148 725 3196 denuntietis
750 3151 1184 3194 excommunicationis

195 3211 366 3256 vinculo
393 3211 632 3255 innodatos:
654 3210 994 3256 contradictores
1006 3225 1076 3265 per
1088 3224 1184 3252 cen-

164 3307 181 3315 ..
196 3267 331 3316 suram
354 3263 670 3315 Ecclesia'ffieam
682 3270 958 3326 appellatione
970 3267 1189 3326 postpofiti

197 3329 527 3387 compescendo.
563 3334 659 3373 Non
688 3330 903 3379 obstante,
931 3328 956 3370 fi
986 3329 1188 3386 aliquibus

199 3387 324 3435 ‘sede
340 3388 575 3446 Apostolici
598 3390 642 3431 fit
658 3388 892 3436 indultum,
919 3388 1031 3444 quod
1058 3390 1187 3431 inter-

201 3446 280 3493 dici
306 3478 324 3502 ,
354 3448 537 3505 suspendi
562 3478 578 3502 ,
615 3449 681 3493 vel
721 3448 1069 3492 excommunicari
1106 3462 1188 3493 non

203 3506 358 3562 poffins,
373 3523 446 3566 per
463 3507 600 3553 literas
618 3509 874 3564 apostolicas
887 3521 967 3551 non
989 3504 1186 3554 facientes

203 3564 357 3621 plenam
383 3569 436 3613 de
458 3569 621 3612 indulto
648 3568 877 3623 hujusmodi
906 3568 1183 3618 mentionem,

319 3629 467 3671 Datum
496 3629 671 3673 viterbii
700 3642 855 3674 xviii.
890 3627 983 3674 Kal:
1003 3627 1183 3688 januarii

209 3680 469 3730 pontificatus
482 3690 606 3732 nostri
624 3692 745 3732 Anno
771 3690 894 3732 tertio
906 3715 919 3730 .

266 3742 425 3798 Rvd'iq·
453 3752 495 3790 in
521 3749 667 3792 colleae.
686 3745 766 3804 sol.
796 3762 868 3801 4¹·
888 3748 961 3790 col.
994 3762 1030 3791 ι.
1055 3745 1183 3791 Wad-

322 3800 533 3858 dmg-rom.
547 3824 589 3865 4.
606 3806 834 3863 Amal-fol·
852 3819 903 3865 53
912 3821 952 3865 3⁴

284 3878 286 3880 >
327 3861 430 3903 Tom-
451 3865 508 3910 VI.

1284 412 1288 417 -
1350 381 1589 446 gularium
1602 382 1843 448 privilegia
1854 385 1975 433 clara
1996 420 2014 444 ‚
2038 393 2112 437 vel
2123 393 2261 444 dubia

1347 451 1639 519 interpretari
1647 451 1861 520 prohibet
1876 486 1891 501 .

1275 593 1700 645 CLEMENS
1772 594 2256 653 EPISCOPUS

1458 721 1635 766 Sr-:twus
1668 720 1926 768 Settvoituu
1956 723 2072 767 Der·

1270 839 1495 900 Magistro,
1523 841 1573 890 (9·
1590 840 1805 884 Frate-Ibus
1831 842 1989 886 Ordinis
2021 840 2263 887 Praedicato-

1325 913 1418 944 rum
1434 930 1450 953 ‚
1481 900 1530 950 δ’
1547 902 1745 944 Generale·
1771 903 1957 958 Ministro
1973 929 1987 951 ,
2016 901 2065 950 δ’
2094 904 2202 944 Fra-

1380 960 1512 1006 tribus
1531 959 1693 1003 Ordinis
1707 959 1911 1003 mnarum
1925 989 1940 1011 ‚
1969 963 2143 1002 Salutem

1426 1020 1483 1073 ό·
1499 1020 1759 1078 Apostolicam
1770 1020 2079 1064 Beni-damonem
2090 1050 2105 1065 .

1283 1152 1289 1159 ’
1406 1139 1555 1184 Rdinis
1572 1137 1691 1183 vestri
1709 1124 1833 1186 Sa⁰cra
1851 1140 2021 1197 Religio
2037 1166 2052 1189 ‚
2086 1138 2155 1183 sub
2181 1152 2259 1195 qua

1424 1201 1620 1243 virtutum
1636 1199 1815 1242 Domino
1858 1203 1896 1242 in
1918 1199 2151 1244 humilitate
2180 1198 2258 1254 spi·¹

1264 1260 1367 1304 ritus
1399 1259 1662 1303 laudabiliter
1690 1259 1934 1312 deservitis,
1962 1270 2256 1315 promeretur,

1263 1329 1310 1363 ut
1347 1322 1434 1363 Nos
1462 1317 1588 1371 ipsum
1616 1320 1816 1364 Ordinem
1860 1317 2010 1362 sincera
2035 1319 2257 1376 diligentes

1263 1380 1304 1422 in
1322 1378 1503 1422 Domino
1515 1379 1718 1421 charitate
1732 1408 1746 1431 ,
1778 1380 1847 1421 illa
1864 1380 1977 1421 vobis
2002 1377 2148 1419 libenti
2163 1376 2254 1417 ani-

1262 1451 1334 1480 mo
1346 1437 1617 1481 concedamus
1632 1464 1647 1485 ‚
1679 1453 1748 1492 per
1765 1453 1853 1494 quae
1869 1435 2042 1480 materia
2071 1433 2256 1478 submota

1266 1496 1507 1553 gravaminis
1525 1523 1539 1547 ‚
1561 1494 1683 1538 ssatus
1715 1498 1828 1540 vestri
1858 1494 2133 1550 tranquillitas
2159 1508 2255 1552 pro·

1262 1567 1459 1600 curetur.
1488 1554 1595 1599 Sane
1618 1582 1634 1607 ,
1663 1554 1885 1598 transmisi}
1914 1555 2046 1597 Nobis
2073 1567 2252 1609 conque-

1264 1618 1391 1660 stione
1404 1613 1647 1659 monstrastis
1660 1643 1673 1666 ,
1700 1616 1811 1670 quod
1828 1614 2018 1662 nonnulli
2036 1613 2252 1668 Archiepi·

1262 1677 1396 1733 scopi,
1423 1677 1464 1718 δι
1484 1673 1696 1731 Episcopi,
1711 1676 1751 1716 8ι
1765 1675 1835 1717 alii
1856 1672 2128 1717 Ecelefiarum
2147 1675 2252 1715 Prae-

1262 1736 1334 1780 lati
1349 1762 1364 1785 ‚
1395 1734 1535 1780 vel'lris
1551 1734 1811 1778 libertatibus
1822 1734 2093 1789 derogantes,
2109 1732 2254 1776 lndul-

1260 1794 1439 1852 gentias‚
1473 1793 1536 1838 seu
1553 1795 1767 1851 privilegia
1798 1794 1913 1837 vobis
1942 1794 1991 1835 ab
2011 1792 2249 1849 Apostolica

1260 1854 1368 1899 bede
1380 1854 1560 1897 concessa
1572 1856 1830 1908 interpretari
1845 1882 1860 1906 ‚
1885 1855 1925 1895 δι
1939 1853 1989 1896 ad
2004 1850 2115 1893 suum
2132 1851 2254 1893 intel-

1258 1915 1409 1958 lectum
1435 1915 1602 1957 trahere
1629 1913 1855 1956 moliuntur
1874 1943 1887 1964 ,
1915 1923 2161 1969 quamquam
2189 1911 2253 1951 in-

1258 1975 1469 2018 tellessum
1498 1975 1625 2030 ipsum
1655 1974 1782 2018 verba
1802 1971 2184 2031 indulgentiarum,
2210 1970 2252 2012 δι

1257 2033 1576 2089 Privilegiorum
1595 2032 1822 2089 hujusmodi
1843 2035 2074 2091 exprimere
2090 2028 2255 2076 videan-

1258 2099 1355 2137 tur,
1386 2102 1434 2128 ac
1453 2103 1525 2132 vos
1542 2090 1655 2140 iuxta
1670 2091 1846 2144 ipsorum
1864 2090 2253 2145 interpretationem

1256 2145 1473 2200 Privilegia
1504 2144 1583 2200 ipsa
1612 2145 1770 2191 servare
1797 2149 2082 2202 compellunt,
2113 2148 2152 2188 in
2183 2161 2254 2189 se-

1254 2200 1375 2239 ssrfim
1402 2214 1485 2239 non
1514 2204 1721 2244 modicum
1737 2204 2011 2256 praejudicium
2036 2205 2077 2246 δι
2105 2215 2250 2259 grava-

1253 2270 1370 2299 men.
1403 2256 1516 2314 Qia
1535 2260 1634 2301 vero
1651 2258 1768 2311 super
1789 2262 1867 2299 hoc
1890 2262 2134 2315 Apostolicae
2150 2276 2250 2316 pro-

1258 2314 1418 2358 vilionis
1434 2315 1659 2359 remedium
1677 2316 1923 2372 implorastis
1938 2346 1953 2368 ‚
1986 2322 2074 2360 Nos
2105 2322 2247 2364 vestris

1254 2368 1614 2430 supplicationibus
1630 2388 1857 2418 annuentes
1873 2404 1887 2427 ,
1917 2393 1967 2421 ne
1989 2375 2143 2433 praefati
2172 2384 2250 2423 Ar-

1254 2432 1537 2490 chiepiscopi,
1572 2435 1789 2491 Episcopi,
1814 2438 1854 2479 &
1874 2436 2036 2480 Praelati
2062 2438 2130 2480 alii
2145 2454 2245 2495 prae·

1252 2492 1359 2536 dicia
1377 2493 1597 2550 Privilegia
1616 2522 1631 2545 ,
1654 2494 1695 2535 ἀ
1728 2494 2008 2550 Indulgentias
2024 2525 2037 2548 ,
2058 2497 2138 2541 live
2163 2497 2248 2540 cla-

1252 2566 1296 2595 ra
1317 2581 1333 2604 ,
1358 2567 1441 2610 quae
1458 2553 1799 2608 interpretatione
1821 2568 1903 2597 non
1922 2555 2138 2610 indigent,
2165 2559 2247 2599 five

1250 2612 1374 2654 dubia
1412 2613 1678 2665 contineant,
1713 2612 1767 2656 de
1805 2624 1956 2657 caetero
1983 2615 2245 2671 interpretari

1255 2669 1531 2727 prasumant‚
1559 2673 1808 2717 auctoritate
1836 2673 2084 2728 praesentium
2113 2675 2245 2718 distri-

1253 2731 1626 2784 Eliusinhibemus,
1660 2732 1875 2781 volentes,
1904 2743 1948 2776 ut
1974 2747 2066 2776 cum
2097 2734 2179 2786 ejus
2197 2734 2242 2779 fit

1254 2791 1555 2846 interpretari,
1582 2790 1698 2846 cujus
1729 2792 1784 2835 est
1801 2792 2010 2838 condere«.
2042 2794 2245 2851 interp‘e·

1253 2851 1359 2895 tatio
1373 2851 1489 2907 super
1515 2850 1744 2905 hujusmodi
1771 2850 1937 2903 dubiis,
1968 2855 2008 2896 δι
2033 2853 2238 2906 obscuris,

1252 2910 1369 2955 dieta
1395 2909 1660 2966 sedisjudicio
1677 2911 1959 2970 relinquatur.
1990 2912 2109 2956 Nulli
2139 2929 2238 2970 crgo

1250 2971 1463 3016 hominurn
1481 2971 1600 3016 liceat
1616 2971 1695 3012 &c-

1374 3032 1523 3074 Datum
1543 3030 1717 3074 Viterbii
1734 3029 1995 3088 NonisJulii,
2011 3031 2234 3076 Pontificas

1249 3088 1314 3135 tris
1331 3091 1471 3133 Nostri
1488 3094 1612 3135 Anno
1626 3102 1777 3151 quarto
1790 3120 1802 3132 .

1305 3212 1487 3256 Monam.
1524 3211 1621 3255 Ord-
1645 3207 1731 3270 fol.
1751 3223 1820 3265 3¹·
1848 3209 1879 3251 ὅ
1902 3219 2014 3267 tergo
2030 3240 2042 3254 .
2063 3210 2234 3268 Rodriq.

1368 3271 1470 3313 Buu.
1492 3268 1570 3327 fil.
1595 3283 1669 3326 40.
1695 3271 1766 3314 col.
1782 3286 1814 3316 2·
1837 3267 2057 3324 Confcmm
2086 3269 2128 3309 in
2152 3274 2232 3314 col-

1366 3330 1453 3373 leel.
1460 3330 1605 3387 privil.
1604 3329 1689 3392 sol.
1709 3344 1723 3376 ι
1733 3344 1774 3388 3.
1791 3329 2021 3390 Waddingu
2047 3339 2168 3375 stom.
2185 3344 2228 3386 4.

1354 3386 1439 3450 fol·
1452 3401 1554 3449 539·

1716 3867 1756 3909 G
1788 3876 1811 3909 2
2095 3859 2169 3903 Di·
