2444 4192
311 158 402 245 51
417 154 480 238 4

308 302 417 338 ante
446 285 713 337 Concilium
735 281 1064 334 Tridentinum
1081 319 1097 342 ,
1133 299 1216 335 aut

311 377 393 429 per
418 355 887 406 communicationem
928 352 1213 414 concessum,

312 431 495 480 nullum
515 464 531 487 ,
548 427 596 479 ἃ
610 440 794 476 econtra
814 424 915 494 post
938 428 1211 477 Concilium

308 499 581 570 praedic'tum
598 498 734 547 alicui
754 496 926 548 Ordini
945 497 1139 558 direcie,
1159 499 1210 550 ἀ

307 569 516 640 expresse
551 566 811 619 conceffum
835 604 855 629 ‚
886 569 1094 621 validum
1129 569 1208 620 de·

309 645 455 693 clarat
472 675 487 690 .

231 770 753 824 BENEDICTUS
791 771 1205 829 EPISCOPUS

398 892 574 934 Sanvus
607 890 864 932 Seavoaun
899 892 982 933 Der
1002 919 1017 932 .

377 998 448 1041 Ad
457 1006 698 1054 perpetuam
710 999 773 1040 rei
785 995 1013 1041 memoriam
1022 1027 1037 1040 .

288 1116 454 1171 Mpofiti
470 1115 617 1164 Nobis,
632 1114 732 1158 licet
747 1114 1194 1170 immerentibus,Apo·

311 1175 439 1218 stolici
467 1174 676 1222 Ministerii
706 1175 814 1218 ratio
844 1174 1046 1231 postulat,
1074 1185 1118 1216 ut
1139 1173 1191 1216 ad

217 1234 418 1277 tuendum
436 1233 719 1277 Ecclefiaflieae
738 1232 959 1290 disciplinae
986 1234 1192 1289 vigorem,

217 1308 301 1338 non
334 1293 461 1336 modo
484 1306 614 1336 novas
640 1292 852 1336 interdum
878 1292 990 1348 leges
1017 1292 1190 1351 provide

218 1352 511 1396 constituamus
523 1381 540 1406 ‚
555 1354 698 1395 verum
713 1353 837 1396 etiam
864 1362 1022 1395 veteres
1038 1350 1060 1395 a
1085 1354 1193 1395 Ρη·-

218 1410 494 1455 decefforibus
521 1411 668 1454 nostris
697 1412 895 1467 sapienter
921 1411 1089 1454 statutas
1117 1436 1133 1459 ‚
1166 1408 1191 1451 fi

217 1470 385 1524 quidem
405 1467 614 1512 fallacium
630 1471 835 1512 rationum
846 1469 1031 1524 praefidio
1043 1468 1196 1511 debitis

220 1528 464 1572 fraudentur
491 1528 724 1573 effectibus,
755 1524 1193 1567 novisseinviolabili-

222 1590 297 1630 bus
313 1585 577 1627 sanctionibus
590 1583 940 1635 communiamus;
968 1580 992 1622 fi
1010 1582 1110 1623 vero
1126 1594 1192 1623 ea·

217 1658 305 1687 rum
330 1643 493 1685 claritas
510 1642 642 1697 pravis
670 1642 712 1682 δι
729 1639 919 1695 captiofis
943 1640 1193 1695 interpreta-

216 1702 398 1747 tionibus
414 1699 572 1743 involvi
590 1701 629 1742 8<
643 1700 877 1743 obumbrari
902 1699 1164 1753 dignoscatur
1177 1726 1192 1750 ‚

218 1759 377 1804 casdem
399 1759 616 1815 perspicuis
654 1757 881 1815 apertisque
906 1757 1192 1803 declarationi·

216 1823 292 1865 bus
309 1820 349 1862 in
371 1820 535 1875 propria
552 1817 646 1860 luce
660 1818 929 1862 collocemus.

307 1878 414 1923 saut:
430 1907 446 1930 ‚
459 1890 545 1935 quae
557 1876 659 1919 olim
683 1877 735 1921 de
753 1877 1098 1921 Ordinationibus
1111 1876 1191 1920 Re-

215 1938 418 1996 gularium
433 1937 707 1980 controversia
721 1936 919 1993 viguit‚an
936 1936 1090 1981 scilicet
1108 1939 1191 1980 Re·-

214 1997 378 2055 gulares
400 1997 424 2040 a
444 2008 703 2052 quocumque
735 1995 964 2039 Catholico
999 1996 1190 2039 Antistite

211 2055 443 2101 indistincte
463 2053 646 2096 ordinari
662 2053 848 2109 polsent,
875 2068 925 2096 an
943 2056 1042 2098 vero
1055 2056 1095 2098 id
1127 2055 1190 2113 ju-

211 2118 266 2158 ris
283 2112 484 2171 privative
499 2112 727 2169 pertineret
743 2114 795 2157 ad
821 2113 1064 2169 Episcopum
1080 2114 1188 2157 illius

213 2172 415 2219 Dioecefis
426 2202 442 2226 ,
459 2174 565 2215 intra
586 2186 707 2230 quam
722 2171 793 2215 fita
805 2171 864 2216 est
882 2174 1082 2229 Religioia
1100 2176 1187 2217 Do-

209 2248 327 2285 mus,
362 2245 487 2290 quam
515 2231 735 2290 Regularis
752 2232 804 2276 ad
819 2232 992 2277 Ordines
1019 2247 1186 2291 promo-

208 2292 362 2337 vendus
387 2291 585 2336 inhabitat
615 2322 630 2346 ,
663 2292 844 2349 providis
867 2294 1183 2338 Romanorum..

207 2350 459 2398 Pontificum
474 2349 808 2395 Praedecefforum
825 2351 1051 2396 nostrorum
1069 2356 1183 2396 Con·

208 2411 485 2455 [litationibus
509 2412 550 2454 δι
569 2410 919 2455 declarationibus
942 2411 1182 2468 jamdudum

211 2470 365 2513 sublata
390 2468 467 2512 suit
483 2498 496 2511 .
518 2472 564 2514 ln
589 2484 666 2529 qua
683 2469 849 2526 quidem
862 2470 1182 2516 controverfia.)

207 2526 399 2586 Episcopi
425 2530 614 2575 locorum
637 2530 844 2573 Ordinarii
872 2529 962 2588 jura
989 2529 1056 2574 sua
1086 2529 1182 2574 sun-

208 2589 350 2632 dantes
367 2589 405 2630 in
420 2589 671 2645 generalibus
690 2589 905 2633 Canonum
922 2588 1076 2634 statutis
1094 2619 1110 2642 ,
1141 2590 1183 2633 δι

209 2647 251 2689 in
274 2645 361 2701 ipfis
375 2650 684 2703 exemptionum
714 2647 967 2706 privilegiis,
986 2662 1072 2706 quae
1097 2651 1182 2693 Re·

209 2704 422 2762 gularibus
438 2706 594 2748 indulta
611 2706 697 2749 sunt
712 2733 729 2763 t
744 2706 906 2761 aiebant
924 2733 940 2757 ,
965 2706 1181 2762 ipsorum-e

210 2763 502 2806 Ordinationes
529 2791 544 2815 ‚
570 2773 714 2819 utpote
733 2761 987 2806 Dioecesanis
1019 2761 1185 2819 Episco-

212 2823 273 2879 pis
289 2818 475 2876 expresse
490 2819 708 2866 reservatas
721 2851 735 2874 ,
748 2835 880 2878 neque
899 2821 1076 2878 spectare
1092 2820 1184 2878 pos-

213 2881 252 2923 se
269 2881 317 2922 ad
334 2879 571 2922 ordinarios
584 2893 723 2923 eorum
739 2879 942 2935 Originis,
955 2893 1075 2936 quam
1103 2882 1183 2923 Re·

212 2941 369 3002 gulares
383 2941 406 2983 a
422 2936 458 2980 se
483 2938 676 2982 abdicant
692 2939 814 2992 ,dum
832 2939 977 2983 saeculo
996 2939 1183 2983 nuntium

214 3000 427 3042 remittunt
444 3009 605 3055 ;ncque
620 3011 747 3054 porro
770 2998 820 3042 ad
845 2999 1091 3043 Ordinatios
1108 3001 1183 3042 Be-

215 3057 379 3111 neficii,
410 3058 600 3113 quoniam
632 3058 699 3114 ipli
733 3058 783 3102 ad
810 3057 976 3103 titulum
993 3057 1183 3102 Beneficii

215 3132 294 3161 non
313 3127 618 3173 promovemus
633 3117 887 3175 proindeque
902 3118 1020 3163 unice
1040 3119 1064 3162 s
1058 3120 1184 3175 pesis-

213 3179 312 3221 read
329 3174 550 3234 Episcopus
577 3175 817 3221 Ordinarios
839 3192 981 3222 eorum
1003 3177 1186 3222 Domiei·

215 3237 259 3280 lii
278 3265 291 3287 ‚
304 3235 493 3278 nimirum
509 3234 616 3279 illius
635 3235 829 3280 Dloeceiis
844 3264 858 3289 ‚
874 3251 920 3279 ac
938 3235 1087 3291 loci,in
1103 3250 1186 3295 quo

215 3294 283 3349 ipsi
297 3293 527 3339 Ordinandi
541 3304 848 3340 commorantur
863 3324 875 3337 .
896 3298 1059 3340 Contra
1085 3297 1185 3340 vero

216 3354 443 3410 Regulares
481 3353 724 3411 Apostolicia
770 3353 993 3413 privilegiis
1026 3356 1151 3401 innixi
1167 3384 1182 3408 ‚

211 3428 297 3516 aaz
310 3415 434 3458 certis
448 3413 672 3458 Ordinibus
687 3415 891 3460 recentius
906 3415 1076 3473 elargita
1093 3442 1108 3467 ‚
1133 3428 1180 3459 ac

243 3474 404 3531 eincepa
434 3487 509 3530 per
551 3474 658 3518 viam
698 3474 1091 3519 communicationis
1130 3473 1182 3517 ad

212 3544 353 3576 omnes
380 3530 543 3578 extensa
572 3531 756 3584 fuerant,
781 3534 939 3579 licitum
965 3531 1183 3581 sibidio

210 3591 543 3651 contendebant,
574 3595 722 3637 Sacros
735 3593 915 3638 Ordines
942 3594 963 3638 i
985 3607 1184 3653 quocum·

208 3651 525 3768 qtztgamicp
540 3652 730 3698 Antistitc
744 3680 759 3705 ‚
784 3651 1159 3759 5¹⁸¹‘³‘b‘.⁰'.²¹‘¹’s¹}‘}
1171 3678 1185 3690 ·

239 3723 248 3751 t
323 3723 364 3754 to
508 3724 670 3754 cnorem
700 3740 716 3766 ‚
761 3726 834 3771 pro
862 3729 882 3756 a
936 3725 1033 3760 tttto
1077 3726 1180 3757 ue·

204 3782 306 3826 pete
318 3796 332 3812 .

765 123 928 212 Sub
992 123 1390 213 Benedibi'o
1451 125 1598 213 XI
1618 129 1722 216 V.

1378 283 1671 342 Vct-tim,quum
1687 284 1815 329 felicis
1832 286 2126 330 recordationis
2142 287 2247 330 Prae·

1273 339 1455 386 decessor
1487 347 1621 388 noster
1645 345 1870 399 Gregorius
1899 349 2004 402 Papa
2020 350 2143 391 xm.
2172 362 2247 403 per

1271 403 1391 468 suam·
1423 405 1702 458 Apostolicam
1736 405 2087 449 constitutionem
2106 433 2133 456 Ἰ,
2162 420 2248 464 quae

1266 463 2245 568 {affigam—pgr:sstggerigul’nc-a-rnssitdtlrls‘gug

1266 582 1424 624 minicae
1444 594 1569 639 1573.
1595 581 1791 626 Kalendis
1807 582 1948 623 Martii
1972 609 1987 633 ‚
2011 580 2124 635 iustis
2149 598 2245 639 gra-

1267 637 1464 696 vibusque
1478 643 1531 686 de
1547 644 1693 694 causis,
1706 641 1878 684 alteram
1898 640 2243 687 constitutionem

1267 701 1573 759 sui,noflrique
1605 702 1753 758 pariter
1774 699 2080 743 Praedecefloris
2110 704 2153 746 S.
2180 703 2244 745 Pii

1266 764 1382 816 Papae
1401 762 1452 804 V.
1466 791 1483 813 ,
1509 760 1625 818 cujus
1649 758 1816 803 initium
1842 758 1899 801 est
1928 773 1986 800 =
2017 759 2108 814 Etsi
2123 763 2244 803 Men-

1263 821 1484 862 dicentium
1514 835 1572 862 =
1588 847 1603 869 ‚
1634 820 1685 862 ad
1712 818 1810 876 juris
1828 819 2059 861 communis
2073 820 2113 861 δι
2129 820 2243 864 Sacri

1265 878 1447 922 Concilii
1463 878 1698 922 Tridentini
1713 876 1908 920 terminos
1930 876 2242 932 reduxiffet‚eo-

1264 939 1357 981 dem
1371 952 1531 995 quoque
1552 952 1659 981 anuo
1677 938 1716 979 in
1741 933 1873 979 Causa
1899 938 2239 984 Monac-horum„

1237 1026 1241 1031 -
1263 996 1427 1040 Ordinis
1442 998 1697 1040 Carthufiani
1718 997 1944 1039 Decretum
1963 995 2094 1039 edidit
2111 1026 2129 1050 ,
2158 1010 2242 1053 quo

1260 1055 1367 1111 ipsos
1381 1055 1433 1098 ab
1450 1054 1657 1112 Episcopis
1680 1051 1926 1110 Digcest'im,
1942 1054 1983 1099 iu
2003 1056 2154 1113 quibus
2170 1069 2243 1107 eo,-

1254 1126 1345 1156 rum
1379 1113 1626 1158 Monasteria
1660 1113 1878 1170 respective
1900 1114 1973 1158 fita
1999 1117 2088 1163 finnt
2115 1143 2131 1168 ,
2165 1115 2238 1159 vel

1254 1173 1408 1216 nonnisi
1424 1173 1477 1217 de
1499 1173 1664 1217 istorum
1678 1172 1845 1217 licentia
1857 1200 1873 1225 2
1893 1173 1945 1225 ab
1966 1174 2055 1219 aliis
2067 1171 2240 1233 quibus-

1252 1246 1330 1289 que
1358 1233 1570 1289 Episcopis
1591 1232 1849 1277 ordinandos
1869 1231 1947 1276 effe
1973 1233 2203 1279 declaravit
2216 1246 2237 1288 3

1253 1291 1599 1348 quemadmodum
1614 1292 1766 1348 legitur
1793 1294 1835 1334 in
1860 1293 1950 1335 Lib.
1975 1306 2011 1336 1.
2029 1297 2243 1338 Decreto-

1253 1364 1345 1395 rum
1361 1352 1703 1407 Congregationis
1717 1348 1899 1394 Concilii
1908 1353 2107 1408 pag-nai
2122 1362 2239 1409 tergo

1256 1409 1365 1453 nub.
1390 1413 1452 1453 Ao
1469 1410 1605 1464 Nostri
1628 1409 1852 1452 ordinandi
1871 1408 2098 1465 obligentur
2113 1410 2237 1452 babe-

1253 1482 1299 1510 re
1325 1466 1541 1522 exprffrn
1564 1466 1767 1508 licentiam
1794 1465 2035 1518 ordinarii,
2053 1472 2098 1511 in
2125 1468 2237 1526 cujus

1257 1522 1425 1574 Dia-cese·
1433 1523 1538 1578 fient
1554 1548 1569 1571 ‚
1588 1532 1666 1576 pro
1687 1520 1904 1565 Ordinibus
1915 1524 2157 1582 confi-rendit
2183 1526 2237 1568 ab

1254 1581 1439 1637 Episcopo
1465 1581 1637 1623 alterius
1670 1580 1847 1637 Dioeeest's
1877 1596 1935 1625 =
1969 1585 2106 1629 sanHi
2148 1597 2234 1628 mas

1256 1642 1448 1682 Dominus
1466 1639 1634 1695 Noster,
1661 1643 1786 1683 etlam
1808 1641 2070 1742 exdfintentia
2098 1635 2234 1687 sacris·

1255 1700 1576 1755 Congregationis
1604 1700 1772 1744 concilii
1793 1729 1811 1752 ,
1867 1702 2063 1746 celeravit
2092 1730 2108 1754 a
2134 1703 2238 1753 oble-

1244 1771 1343 1816 gari
1361 1787 1374 1800 .

1370 1816 1562 1874 Contigit
1588 1827 1722 1862 autem
1738 1845 1754 1870 ,
1777 1814 1851 1862 sub
1875 1819 1986 1863 illius
2014 1818 2232 1865 succeffore

1252 1877 1371 1922 Sixto
1389 1879 1494 1932 Papa
1512 1878 1565 1920 V.
1579 1878 1749 1922 eandem
1762 1879 2020 1935 questionem
2040 1881 2232 1924 tetrach-

1250 1938 1312 1988 ri,
1328 1935 1500 1978 instante
1515 1935 1702 1980 universo
1714 1937 1875 1980 Ordine
1903 1939 2096 1982 Fratrum
2127 1943 2233 1983 Prae.

1249 1996 1506 2039 dicatorum.
1532 1997 1628 2051 Qua
1655 1996 1709 2039 de
1735 2009 1778 2040 re
1795 1997 1904 2041 idem
1932 1996 2231 2052 Praedeceffor,

1249 2055 1335 2111 post
1352 2064 1553 2097 maturum
1575 2057 1715 2099 Causae
1733 2056 1862 2100 totius
1875 2069 2046 2100 examen
2061 2058 2102 2101 in
2126 2071 2229 2115 prae-

1249 2112 1330 2156 sata
1345 2116 1675 2170 congregatione
1690 2116 1874 2159 Concilii
1897 2116 2078 2160 habitum
2091 2144 2105 2168 ‚
2131 2131 2234 2162 cou-

1246 2173 1378 2217 stituit
1415 2202 1430 2227 ,
1469 2172 1591 2216 licere
1621 2174 1909 2231 Superioribus
1947 2175 2230 2233 Regularibus

1247 2234 1406 2276 litteras
1431 2231 1720 2277 Dimifforiales
1740 2234 1971 2279 concedere
1989 2234 2069 2279 suis
2096 2237 2232 2292 respe-

1244 2292 1407 2350 pee'iive
1429 2290 1624 2343 subditis,
1653 2291 1705 2336 ad
1720 2292 1896 2338 Ordines
1923 2291 2196 2349 suscipiendos
2211 2291 2251 2348 ς’

1245 2349 1314 2396 sed
1341 2365 1408 2395 eas
1436 2361 1575 2395 tamen
1603 2352 1851 2396 Dioecesano
1876 2351 2084 2397 dumtaxat
2108 2352 2227 2410 Epis-

1242 2425 1354 2468 copo
1366 2411 1540 2454 direc'tas
1554 2438 1569 2463 ,
1583 2425 1658 2456 nec
1672 2410 1790 2455 alteri
1805 2425 1995 2470 unquam,
2014 2411 2084 2455 nisi
2095 2426 2227 2470 quum

1242 2469 1352 2514 forte
1369 2470 1401 2514 is
1418 2471 1440 2513 a
1453 2468 1610 2532 Dieeefi
1627 2471 1836 2523 abfuerit,
1848 2481 1919 2515 aut
1935 2499 1950 2525 ‚
1963 2481 2167 2529 quatenus
2186 2471 2227 2515 in

1245 2529 1401 2587 Diecefi
1417 2531 1632 2580 extiterit‚'
1650 2530 1913 2576 Clericorum
1943 2540 2078 2575 tamen
2101 2529 2226 2576 Ordi-

1243 2592 1451 2634 nationem
1467 2588 1609 2633 oon‘fit
1623 2589 1836 2632 habiturus
1852 2618 1865 2630 .
1881 2592 1946 2633 lta
1959 2588 2134 2633 relatum
2148 2588 2228 2632 ha-

1242 2648 1363 2691 betur
1394 2646 1481 2690 Lib.
1501 2658 1562 2687 tv.
1590 2644 1879 2699 predictorum
1914 2648 2223 2693 Decretorunu

1232 2713 1332 2761 pag.
1352 2706 1447 2747 to8·
1478 2717 1536 2746 ε·-
1567 2701 1828 2758 sanfflffirnus
1858 2707 2050 2748 Dominus
2076 2705 2224 2764 Noster

1245 2763 1374 2819 XIstus
1396 2764 1460 2811 V„
1473 2759 1730 2820 exstntentia
1757 2764 2083 2820 congregativum
2097 2791 2112 2816 ,
2139 2765 2227 2821 res-'-
2290 2784 2291 2787 ¹

1233 2822 1395 2878 pendit,
1413 2822 1626 2877 Regulares
1634 2819 1738 2879 poffl’t
1750 2822 1951 2866 concedere
1968 2821 2227 2881 Dinniffl'irias

1242 2881 1298 2923 ad
1326 2877 1553 2938 Epifiopusn
1568 2878 1838 2939 Dlaecafiauen
1851 2909 1867 2934 ‚
1891 2894 2009 2939 eoque
2032 2880 2192 2941 absi'tner
2204 2911 2222 2935 ,

1244 2941 1305 2989 vel
1315 2943 1438 2983 ceiam
1452 2938 1650 2998 presente
1664 2966 1679 2992 ,
1697 2939 1748 2990 θ’
1768 2940 2074 2986 ordinationem
2095 2954 2225 2989 σοι.»

1243 3007 1399 3045 tenente
1415 3025 1431 3049 ,
1454 2998 1514 3041 ad
1536 3010 1814 3056 quemeumque
1833 3014 1852 3054 ς,
1875 3000 2078 3045 dummodo
2112 2999 2164 3044 ab
2184 3013 2226 3044 eo

1249 3058 1431 3118 Epistopo
1442 3084 1457 3107 ‚
1476 3062 1548 3114 qui
1563 3057 1724 3103 Ordirm
1746 3060 1960 3104 contulerit
1972 3090 1987 3114 ,
2000 3058 2224 3105 examinen-

1249 3131 1319 3165 tur
1334 3115 1464 3175 quoad
1487 3116 1710 3162 doarium
1722 3147 1735 3162 .

1369 3181 1548 3223 Demum
1561 3177 1583 3221 i
1611 3179 1748 3223 saneta
1762 3180 1968 3224 memorie
1993 3176 2222 3224 Praedeces-

1246 3238 1510 3295 sorequoque
1539 3236 1675 3283 nostro
1693 3237 1910 3283 Clemente
1936 3242 2046 3296 Papa
2065 3238 2189 3283 vm.
2209 3265 2223 3290 ,

1243 3300 1295 3342 ad
1314 3295 1535 3352 huiusmodi
1552 3297 1846 3342 controverfias
1867 3298 2064 3355 perpetuo
2087 3297 2221 3340 extin-

1243 3358 1447 3414 guendas,
1462 3354 1624 3413 sequens
1640 3357 1861 3403 Decretum
1888 3358 2046 3403 editum
2068 3353 2143 3400 suit
2159 3370 2216 3399 τ·-

1247 3421 1309 3461 De
1323 3418 1507 3460 mandato
1528 3415 1761 3475 sanffifflenl
1785 3420 1949 3462 Domini
1966 3412 2102 3466 Nostri
2124 3417 2214 3459 Cle-

1242 3481 1380 3520 eneneli
1399 3475 1548 3520 Ditn'na
1577 3476 1827 3522 Providentia
1846 3479 1957 3532 Rupe
1981 3475 2029 3519 V!
2035 3477 2086 3517 11.
2104 3481 2220 3519 seno.

1243 3550 1287 3579 re
1296 3534 1556 3593 pulianum
1571 3538 1785 3581 mandetur
1805 3533 1980 3579 omnibus
1997 3531 2119 3592 &fin
2147 3533 2221 3579 alis

1244 3604 1580 3651 quorumeunque
1618 3596 1876 3654 Regularum
1910 3594 2112 3650 superiori
2142 3606 2186 3638 tn
2202 3622 2219 3646 ,

1242 3665 1291 3698 m
1310 3655 1356 3698 de
1368 3665 1510 3699 utero
1522 3652 1720 3711 observent
1739 3679 1754 3703 ‚
1774 3651 1825 3702 {5
1838 3652 2042 3712 observare·
2049 3651 2221 3711 fuedant

1237 3728 1283 3756 ea
1307 3741 1321 3765 ,
1347 3727 1437 3770 que
1459 3717 1501 3756 1η
1530 3715 1699 3758 Decreta
1726 3714 1859 3756 sacre
1891 3711 2215 3779 congregationis

1241 3772 1411 3818 concula·
1428 3772 1659 3818 Tridentini
1672 3775 1924 3818 eontinentur
1936 3801 1952 3827 ‚
1983 3782 2094 3831 cusat
2105 3780 2219 3817 tenor

2110 3829 2164 3891 0st
