2444 4192
835 159 998 241 Sub
1056 162 1132 242 S.

207 292 340 356 eorum
362 300 623 362 jurisdictioni
649 299 840 354 subjicere
856 329 872 352 ,
906 303 969 343 vel
996 305 1145 359 aliquid

204 377 344 413 contra
368 374 438 405 eos
459 360 594 403 facere
609 357 768 401 minime
790 356 942 412 poffent
957 386 970 409 ‚
985 372 1145 404 exeme-

200 428 319 469 rimus
331 448 346 471 ,
361 423 398 463 δι
419 419 717 462 liberaverimus
729 444 743 459 .

308 479 609 527 Nihilominus,
641 474 736 518 ficut
761 474 1015 528 accepimus,
1047 488 1146 517 non-

197 537 299 583 nulli
314 538 530 594 Episcopi,
543 536 623 579 five
635 534 702 576 alii
716 532 900 575 locorum
920 531 1146 582 ordinarii,

197 597 347 653 aliique
363 595 632 639 Ecclefiarum
647 590 818 638 Praelati,
837 602 991 632 necnon
1005 592 1145 632 Cano-

197 656 308 704 nici,
338 655 415 697 five
439 651 696 708 Capitulares
720 650 917 705 persona,
947 660 992 688 ac
1023 650 1147 691 Paro·

193 714 387 757 chialium
419 711 683 756 Ecclefiarum
716 709 911 751 Rediores
932 735 948 758 ‚
980 706 1145 762 aliaeque

200 783 283 815 tam
305 771 612 822 Ecclefiasticae‚
640 765 757 837 qnam
781 762 986 810 saeculares
1014 764 1148 820 perso-

196 845 367 940 ,¹:an
379 826 946 943 23503332‘922ff3253ffi‘5:
963 825 1146 928 ’ἐὲἒὲἓῖ

149 1000 151 1003 ¹
198 961 315 997 mos,
343 947 382 988 &
411 949 699 990 Procuratores
723 945 841 1000 super
868 941 1065 1000 praemiffis
1082 943 1144 987 di-

200 1003 425 1048 versimode
440 1003 648 1048 molestare
662 1029 678 1053 ,
691 1001 844 1059 &ipsos
861 1004 900 1046 in
913 1000 1148 1046 corumdem

199 1065 332 1120 quiete
345 1090 360 1113 ,
374 1065 415 1106 δι
426 1062 694 1119 spiritualibus
720 1063 947 1105 muneribus
970 1061 1149 1106 turbare.

198 1123 281 1166 Alii
294 1123 403 1165 enim
419 1122 714 1177 praetendentes
730 1148 745 1172 ,
771 1122 884 1176 quod
896 1134 990 1164 cum
1003 1123 1147 1167 Canon

197 1179 377 1223 Concilii
391 1178 748 1234 hujusmodi2super
762 1188 908 1234 quo,ut
922 1178 1149 1235 praefertur,

200 1239 333 1280 nostra
361 1235 561 1280 emanavit
575 1236 825 1285 declaratio,
855 1251 935 1280 non
962 1238 1151 1291 loquatur

198 1295 269 1339 nifi
298 1294 349 1337 de
369 1308 446 1336 una
460 1302 600 1350 quarta
614 1320 628 1343 ,
653 1293 915 1344 Cathedrali,
942 1292 1007 1338 fizu
1024 1295 1150 1339 Paro-

199 1351 519 1398 chialiEcclefiae
530 1351 631 1396 solvi
662 1352 882 1404 consueta,
907 1366 981 1396 nec
996 1350 1148 1396 dietum

201 1410 438 1457 Concilium
454 1440 469 1464 ,
497 1424 569 1455 nec
595 1413 680 1453 Nos
704 1411 1017 1467 cogitaverimus
1039 1411 1148 1459 de„

198 1471 352 1514 duabus
372 1471 541 1526 quartis,
562 1467 732 1521 scilicet,
746 1470 816 1513 ubi
831 1469 1037 1515 consuevit
1054 1470 1155 1514 solvi

207 1531 250 1572 &
271 1528 504 1573 cathedrali
517 1558 534 1580 ,
555 1528 596 1569 δι
617 1527 844 1572 parochiali
873 1528 1090 1582 Eceleffls,
1117 1530 1159 1571 &

205 1589 300 1634 ideo
310 1585 425 1630 dietis
450 1587 490 1630 in
505 1585 605 1631 locis
617 1582 765 1628 ceffare
781 1586 1076 1643 dispofitionem
1099 1587 1161 1630 di-

203 1649 274 1689 &ae
287 1645 574 1690 declarationis
600 1644 766 1697 nostre,
796 1647 836 1688 δι
849 1646 1032 1690 Canonis
1051 1647 1160 1688 Con-

204 1705 317 1748 cssfi.
757 1744 761 1748 .

320 1760 406 1807 Alii
431 1765 528 1809 vero
551 1762 674 1806 etiam
699 1763 1020 1818 praetendentes,
1050 1762 1159 1820 quod

205 1821 320 1864 dietis
343 1820 481 1866 nostris
509 1821 841 1866 declarationibus
865 1836 947 1867 non
971 1821 1159 1868 obstanti·

208 1881 307 1929 bus,
331 1882 485 1924 Fratres
502 1879 704 1935 predictos
728 1891 1079 1939 quantumcunque
1109 1880 1161 1924 ab

182 1984 186 1990 ,
212 1936 447 1981 corumdem
463 1937 746 1994 Superioribus
771 1942 1021 1996 approbatos
1035 1940 1074 1981 in
1087 1952 1160 1982 eo-

213 2009 306 2040 rum
320 1995 506 2039 Ecclefiis
520 2023 535 2047 ,
549 1995 591 2037 δε
601 1994 700 2038 locis
713 1998 928 2052 praedicare
941 2010 1022 2038 non
1039 1994 1162 2050 poffe,

215 2054 284 2098 nifi
299 2055 429 2111 primo
442 2053 480 2098 se
506 2067 646 2096 coram
659 2054 885 2097 ordinariis
897 2053 1008 2111 ipfis‚
1031 2053 1164 2098 five-a

216 2127 357 2157 eorum
372 2113 543 2156 Vicariis
557 2140 572 2164 ,
584 2112 843 2155 &licentiam
863 2112 1024 2157 suorum
1039 2114 1166 2168 Supe-

214 2172 371 2215 riorum
397 2171 568 2213 muneris
593 2170 706 2212 dietae
742 2170 1042 2225 predicationis
1069 2183 1170 2224 prae-

214 2228 458 2272 scotaverint
480 2254 494 2275 .
521 2228 560 2268 &
581 2226 632 2266 ab
651 2225 800 2269 eisdem
826 2226 1077 2274 Ordinariis‚
1106 2229 1169 2267 seu

214 2286 328 2331 dicitis
348 2297 491 2329 eorum
515 2283 687 2328 vicariis
720 2283 1042 2329 benedictionem
1061 2283 1173 2326 obti-

213 2354 374 2389 nuerint
388 2373 400 2386 .

333 2403 417 2447 Alii
432 2403 554 2446 etiam
569 2403 756 2448 locorum
768 2402 974 2449 ordinarii
988 2433 1003 2457 ,
1017 2415 1174 2446 necnon

218 2461 419 2508 Canonici
433 2488 448 2513 ,
465 2464 505 2504 δε
517 2462 768 2520 capitulares
784 2462 972 2519 personas,
986 2473 1068 2506 tam
1082 2464 1173 2504 Me-

225 2529 291 2565 tro
312 2569 314 2571 ,
347 2520 559 2564 litanarum
578 2522 639 2573 ‚dt
655 2520 962 2565 cathedralium
977 2551 992 2573 ‚
1024 2522 1172 2577 quam..

221 2583 290 2624 Co
310 2579 543 2636 legiatarum
556 2609 573 2632 ‚
585 2594 745 2624 necnon
775 2580 1074 2625 Parochialium
1096 2581 1172 2621 Ec·-

221 2638 426 2683 clefiarum
442 2639 640 2684 Rectum
652 2668 669 2691 ,
693 2637 772 2682 five
792 2636 877 2683 aliae
899 2640 1079 2696 persona:
1097 2638 1175 2679 Ec-

219 2696 438 2740 clefiasticae
449 2723 464 2747 ,
477 2698 597 2742 etiam
611 2696 899 2756 pretendentes
908 2725 922 2748 ,
935 2698 1066 2741 difies
1082 2698 1177 2739 Fra-

222 2766 307 2799 tres
335 2753 477 2798 alienas
504 2756 719 2799 Parochias
740 2770 832 2798 cum
846 2769 988 2799 eorum
1002 2759 1179 2800 cruce-a

231 2814 390 2857 elevata
411 2813 460 2855 ad
475 2812 648 2857 levanda
659 2813 853 2856 cadavera
868 2828 1009 2858 eorum
1022 2840 1038 2864 ‚
1050 2812 1119 2869 qui
1139 2813 1182 2854 in

228 2870 408 2915 Ecclefia
437 2873 676 2919 Domorum,
689 2872 928 2915 &locorum
952 2869 1184 2916 eorumdem

228 2933 415 2975 Fratrum
428 2928 622 2985 elegerint
640 2927 899 2984 sepulturam,
912 2930 1118 2979 intrare,&
1128 2928 1185 2971 di.

232 2991 294 3032 &a
311 2987 503 3030 cadavera
519 2987 568 3030 ad
589 2986 763 3043 ipsorum
779 2989 964 3032 Fratrum
992 2986 1184 3031 Ecclefias

230 3060 309 3105 pro
338 3046 394 3089 eis
423 3046 520 3088 inibi
549 3045 796 3090 tumulandis
826 3072 840 3095 ,
874 3049 1078 3092 recusante
1102 3045 1185 3100 ipso

233 3106 315 3148 loci
331 3105 581 3156 Ordinario,
601 3105 680 3147 five
706 3103 900 3159 Capitulo
927 3104 991 3147 vel
1008 3105 1185 3147 uectore

235 3163 418 3212 deferre,
432 3162 495 3207 seu
509 3161 662 3207 deferri
676 3161 809 3205 facere
841 3177 920 3205 non
937 3161 1068 3218 poffe.

354 3221 435 3266 Alii
471 3229 604 3265 autem
633 3234 683 3264 ex
712 3220 1001 3264 consuetudine
1025 3227 1192 3278 praten-

241 3280 382 3326 dentcs
396 3307 412 3330 ,
425 3281 536 3338 quod
556 3282 713 3324 Fratres
734 3279 802 3336 ipfi
829 3293 919 3322 cum
934 3292 1075 3323 eorum
1088 3281 1193 3322 Cru-

246 3345 381 3382 eenon
400 3337 544 3397 poffint
557 3338 688 3383 levare
703 3338 896 3382 cadavera
909 3333 1195 3381 defunctorum

247 3398 554 3441 eat-<eorumdem
579 3397 779 3442 Domibus
813 3423 828 3446 ,
850 3398 892 3438 δε
915 3409 1060 3440 eorum
1079 3393 1196 3438 funus

250 3455 416 3508 exequi,
443 3454 507 3500 sed
536 3455 736 3512 Capitulis
762 3483 777 3507 ,
808 3454 873 3498 fleu
897 3453 1198 3512 Capitularibus

252 3510 425 3567 personis
439 3540 453 3564 ,
464 3513 531 3557 seu
545 3515 789 3562 Restm-ibus
804 3515 894 3570 ipfis
910 3515 951 3557 id
971 3513 1128 3557 tantum
1143 3511 1195 3553 li·

250 3578 341 3612 cere
368 3598 382 3618 s
401 3570 440 3610 &
465 3573 596 3626 primo
619 3572 672 3615 ad
700 3572 872 3629 ipsorum
906 3570 1196 3628 capitulorum

250 3630 328 3669 five
347 3627 676 3683 Presbyterorum
701 3632 898 3674 Ecclefias
925 3631 1028 3674 dieta
1050 3641 1198 3683 corpo-

254 3700 296 3728 ra
319 3681 466 3726 deferri
484 3685 649 3737 debere,
664 3690 701 3730 δι
718 3689 758 3733 in
771 3689 919 3733 eisdem
935 3686 1119 3732 Ecclefiis
1133 3685 1197 3728 fu·

253 3757 323 3787 nus
339 3771 354 3795 ,
369 3739 634 3846 {flagitatis
656 3745 832 3792 officium
857 3748 1022 3804 peragi,
1036 3744 1197 3804 postea...

1201 162 1339 243 Pio
1404 154 1502 242 V.
1919 185 2074 265 273

1206 310 1308 349 verb
1322 321 1395 359 per
1405 304 1510 358 ipsos
1524 301 1979 354 Presbyteros,retentis
1996 307 2153 349 funera-

1205 364 1309 404 libus
1326 360 1519 402 univerfis
1531 385 1547 407 ,
1560 357 1638 399 five
1651 357 1791 399 solutis
1806 361 1875 401 fibi
1894 364 2015 402 certis
2032 376 2155 414 pecu-

1207 420 1282 461 niis
1309 430 1380 471 per
1417 414 1596 457 haeredes
1629 412 1807 456 defuncti
1843 431 1920 470 pro
1946 415 2084 459 funere
2113 421 2153 461 δι

1208 474 1385 529 exequiis
1398 499 1413 522 ,
1439 472 1517 513 five
1543 470 1666 513 Miffis
1679 474 1720 514 in
1733 486 1871 514 eorum
1887 474 2072 516 Ecclefiis
2088 488 2158 515 ce-

1204 530 1406 577 lebrandis
1420 558 1435 581 ‚
1450 540 1570 580 tunc,
1582 531 1620 571 &
1633 543 1717 571 non
1734 532 1832 573 aliis
1860 532 1983 573 licere
2000 534 2152 574 Fratri-

1203 592 1276 634 bus
1290 602 1437 645 corpus
1451 615 1465 638 ,
1479 588 1557 630 five
1569 591 1740 632 cadaver
1761 589 1938 633 defuneli
1951 589 2000 631 ad
2016 602 2153 632 eorum

1208 650 1428 693 Ecclesiam
1449 645 1611 691 deferre
1624 678 1636 690 .

1324 707 1409 750 Alii
1432 710 1552 750 etiam
1576 714 1767 762 praetextu
1792 707 2040 751 diversarum
2056 720 2158 750 con-

1206 767 1463 811 suetudinum
1477 794 1492 817 ,
1505 767 1545 808 δι
1557 765 1918 816 concordatorum,
1932 766 2055 809 etiam
2069 777 2163 808 cum

1207 826 1324 869 dit‘tis
1350 824 1557 868 Fratribus
1572 825 1790 878 initorum,
1820 825 2114 881 praetendentes
2139 824 2163 867 ὲ

1203 885 1319 928 dictis
1333 884 1567 935 Fratribus,
1599 885 1640 926 δι
1653 885 1892 928 Monialibus
1918 884 2027 927 velle
2045 883 2163 926 habe.

1209 959 1275 995 re,
1297 945 1338 985 Bt
1352 942 1422 984 fibi
1435 942 1588 998 eligere
1602 942 1726 986 licere
1739 955 1932 999 quartam,
1946 942 2013 987 seu
2044 942 2165 985 aliam

1208 1002 1440 1062 portionem
1457 1003 1603 1050 ,etiam
1635 1015 1978 1059 quorumcumque
2006 1001 2163 1057 legato·

1210 1076 1299 1107 rum
1314 1090 1330 1113 ‚
1350 1059 1414 1103 seu
1429 1059 1595 1104 aliarum
1610 1064 1761 1117 piarum
1791 1061 2079 1119 largitionum,
2100 1059 2162 1114 ip-

1210 1122 1257 1164 fis
1285 1120 1488 1164 Fratribus
1525 1121 1563 1161 &
1588 1120 1833 1163 Monialibus
1859 1147 1874 1169 ,
1901 1121 1980 1163 five
2001 1129 2166 1161 eorum-

1208 1180 1298 1223 dem
1315 1178 1538 1227 Domibus,
1562 1179 1756 1223 Ecclefiis
1770 1207 1786 1232 ,
1807 1178 1960 1224 &locis
1972 1188 2164 1237 quoquo-

1211 1238 1333 1281 modo
1347 1236 1538 1281 factarum
1548 1266 1560 1278 .

1323 1296 1407 1336 Alii
1439 1297 1560 1340 etiam
1595 1296 1889 1354 praetendentes
1932 1291 2169 1354 jurisdiflio·

1210 1366 1301 1397 nem
1314 1380 1330 1404 ,
1343 1354 1381 1395 &
1398 1354 1714 1408 superioritatem
1732 1356 1770 1396 in
1797 1355 1926 1396 dietos
1942 1357 2100 1396 Fratres
2125 1351 2166 1392 δι

1213 1412 1410 1457 Monialcs
1424 1439 1438 1462 ,
1452 1412 1766 1469 eorumdemque
1781 1415 1933 1455 Domos
1950 1440 1964 1463 ‚
1982 1414 2173 1454 Conven-

1215 1480 1281 1515 tus
1304 1499 1320 1523 ‚
1343 1471 1581 1515 Monasteria
1606 1501 1622 1523 ,
1645 1474 1686 1514 ἀ
1712 1473 1803 1515 loca
1826 1484 2020 1514 exercere
2045 1464 2169 1522 poste,

1220 1532 1491 1585 &propterea
1510 1530 1615 1587 ipsos
1632 1534 1793 1575 Fratres
1819 1532 1859 1572 δι
1883 1525 2089 1574 Monialcs
2122 1524 2174 1567 ad

1223 1588 1462 1631 solutionem
1475 1588 1727 1632 diversorum
1739 1602 1905 1632 onerum
1917 1619 1935 1641 ,
1958 1589 2000 1630 δι
2012 1586 2173 1642 impost-

1222 1647 1375 1690 tionum
1393 1674 1408 1698 ‚
1428 1647 1710 1704 dictorumque
1735 1646 1893 1691 subfidii
1908 1675 1923 1699 ,
1938 1648 1975 1688 &
1989 1644 2170 1688 decima-

1221 1719 1308 1748 rum
1325 1717 1475 1760 cogunt
1488 1734 1504 1758 ‚
1524 1708 1566 1748 δι
1578 1705 1829 1762 compellunt
1844 1733 1854 1744 ·

1336 1766 1500 1822 Aliique
1517 1767 1557 1808 in
1571 1766 1775 1809 erectione
1791 1794 1806 1816 ,
1819 1766 1898 1807 five
1912 1762 2178 1813 institutione,

1219 1825 1260 1866 δι
1272 1822 1532 1879 acquifitione
1553 1837 1746 1867 novorum
1761 1824 1954 1865 locorum
1966 1850 1982 1872 ‚
1993 1822 2071 1863 five
2090 1823 2178 1862 Do-

1219 1896 1379 1926 morum
1394 1909 1408 1931 ,
1427 1882 1714 1926 Conventuum
1734 1910 1748 1933 ‚
1770 1883 1811 1923 δι
1824 1878 2095 1923 Ecclefiarum
2116 1877 2179 1919 di·

1218 1942 1270 1983 &i
1284 1940 1450 1983 Ordinis
1467 1968 1483 1991 ,
1512 1943 1552 1983 δε
1565 1942 1662 1984 aliis
1679 1939 1960 1997 pramifforum
1972 1934 2180 1980 occafione

1221 1996 1381 2040 eosdem
1410 1998 1566 2039 Fratres
1592 2000 1634 2039 aa
1660 1997 1862 2040 Moniales
1890 1996 2107 2039 molestant
2141 1995 2182 2035 St

1223 2053 1460 2112 perturbant
1474 2065 1642 2106 ,contra
1656 2054 1904 2105 nostrarum,
1923 2055 1964 2095 δι
1979 2053 2177 2095 dierorum

1231 2112 1567 2158 Praedecefforum
1591 2112 1818 2156 nostrorum
1847 2112 2076 2155 litterarum
2099 2106 2184 2151 sor-

1233 2184 1339 2213 mam
1364 2173 1405 2212 &
1428 2181 1636 2214 tenorem.

1351 2232 1440 2271 Nos
1465 2229 1663 2285 praemiffis
1678 2257 1692 2280 ‚
1711 2231 1752 2271 δι
1777 2229 1864 2271 aliis
1887 2229 2078 2274 similibus
2091 2238 2184 2282 gra·

1233 2285 1460 2331 vaminibus
1474 2313 1489 2336 ,
1522 2288 1893 2344 perturbationibus
1923 2290 1964 2330 δι
1992 2282 2184 2329 molestiis

1234 2346 1440 2389 Fratribus
1477 2347 1515 2387 δι
1552 2346 1797 2390 Monialibus
1829 2346 2001 2400 praefatis
2032 2343 2153 2387 illatis
2165 2369 2181 2393 ,

1234 2404 1549 2461 eorumdemque
1565 2408 1751 2448 Fratrum
1768 2407 1807 2447 δι
1822 2405 2063 2448 Monialium
2077 2401 2190 2456 quie-

1233 2465 1297 2512 ti,
1309 2465 1349 2505 δι
1366 2463 1645 2519 tranquillitati
1662 2465 1870 2507 consulere
1886 2492 1900 2515 ‚
1912 2465 1953 2505 &
1965 2471 2008 2505 ut
2027 2463 2190 2503 Fratres

1236 2523 1307 2579 ipfi
1329 2519 1512 2571 facilius,
1537 2524 1576 2564 &
1591 2523 1815 2579 promptius
1843 2519 2080 2566 eorumdem
2103 2516 2188 2559 offi-

1234 2582 1295 2625 cia
1307 2607 1322 2630 s
1337 2582 1376 2623 &
1391 2581 1515 2622 vitam
1534 2582 1790 2638 regularem,
1819 2595 1863 2626 ac
1877 2593 2021 2623 munus
2050 2574 2194 2632 praedi-

1236 2640 1406 2683 cationis
1418 2640 1477 2682 cis
1492 2640 1708 2695 injunctum
1723 2667 1738 2689 ,
1765 2641 1815 2682 ad
1849 2638 1989 2682 summi
2007 2636 2083 2680 Dei
2106 2635 2193 2676 lau-

1237 2699 1333 2743 dem
1351 2728 1366 2752 ‚
1389 2701 1431 2742 dt
1455 2698 1567 2742 fidei
1591 2700 1818 2743 Catholicae
1833 2697 2191 2755 propagationem,

1240 2759 1407 2813 exequi,
1435 2759 1477 2799 ἃ.
1502 2757 1750 2814 adimplere,
1781 2757 1939 2814 illisque
1964 2754 2196 2799 incumbere

1243 2815 1415 2875 poffint,
1440 2818 1481 2858 δι
1494 2816 1546 2860 ad
1560 2816 1630 2859 illa
1645 2818 1915 2873 promptiores
1940 2814 2164 2858 reddantur
2179 2839 2196 2861 ‚

1244 2873 1478 2931 opportune
1503 2874 1977 2930 providere,acomnem
2001 2868 2201 2924 ambigui-

1244 2943 1400 2980 tatem,
1417 2933 1538 2976 etiam
1560 2932 1702 2974 nostrat
1725 2931 1934 2989 amplioris
1951 2928 2197 2973 declaratio-

1245 2994 1302 3036 nis
1318 2990 1536 3033 ministcrio
1549 3003 1756 3032 removere
1779 2989 1990 3039 volentes,
2020 2983 2198 3042 ipsosque

1246 3054 1408 3094 fratres
1422 3078 1437 3100 ,
1462 3052 1503 3092 δι
1522 3047 1719 3091 Moniales
1732 3074 1747 3098 ,
1770 3050 1809 3090 &
1835 3059 1980 3092 eorum
1994 3043 2165 3099 fingulos
2178 3041 2201 3084 a

1249 3105 1451 3165 quibusvis
1462 3107 1895 3150 excommunicationis
1910 3134 1924 3155 ‚
1946 3100 2202 3158 suspenfionis

1250 3170 1291 3210 δι
1304 3165 1507 3208 interdifli
1521 3190 1535 3213 ,
1547 3163 1714 3222 aliisque
1726 3163 2013 3209 Ecclefiasticis
2035 3157 2201 3203 senten-

1251 3225 1319 3268 tiis
1336 3252 1350 3276 ,
1363 3222 1535 3267 censuris
1560 3225 1602 3265 δι
1621 3224 1776 3279 poenis,
1797 3223 1919 3278 ajure
1933 3251 1947 3273 ‚
1969 3219 2036 3262 vel
2056 3219 2106 3260 ab
2125 3219 2202 3260 ho-

1253 3284 1385 3334 mine,
1412 3282 1550 3337 quavis
1574 3282 1784 3326 oceafione
1812 3283 1878 3324 vel
1893 3278 2006 3323 causa
2027 3276 2146 3328 latis,
2177 3273 2204 3317 fi

1253 3342 1400 3399 quibus
1411 3340 1716 3396 quomodolibet
1732 3338 1916 3384 innodati
1939 3336 2136 3386 existunt,
2165 3335 2205 3376 δε

1256 3399 1307 3442 ad
1328 3400 1510 3442 effean
1535 3398 1786 3456 presentium
1813 3400 2023 3442 dumtaxat
2064 3391 2208 3437 conse·

1258 3458 1464 3514 quendum
1478 3487 1494 3509 ,
1510 3459 1650 3501 harum
1667 3455 1766 3499 serie
1787 3455 2042 3499 absolventes
2056 3481 2072 3506 ,
2083 3453 2123 3494 δι
2136 3453 2207 3494 ab-

1255 3516 1402 3559 solutos
1427 3515 1515 3558 fore
1538 3515 1747 3559 censentes
1763 3544 1777 3567 ,
1805 3528 1963 3558 necnon
1975 3513 2206 3556 litterarum

1257 3568 1506 3629 praefatarum
1522 3603 1536 3624 ‚
1551 3589 1596 3616 ac
1610 3573 1784 3630 cujusvis.
1797 3573 1879 3616 litis
1890 3601 1905 3626 ,
1927 3575 1967 3616 δε
1987 3570 2111 3614 causae
2133 3568 2206 3609 de-

1257 3631 1373 3687 super
1388 3633 1496 3674 inter
1510 3629 1793 3688 quoscumque,
1806 3632 1897 3675 &in
1913 3632 2052 3689 quavis
2072 3626 2207 3669 instan-

1257 3691 1314 3733 tia
1328 3690 1536 3745 pendentis
1563 3690 1682 3733 status
1700 3693 1741 3734 δι
1755 3691 1924 3738 merita,
1951 3688 2185 3735 nominaque
2195 3706 2209 3728 ²

1259 3750 1300 3805 §t
1311 3749 1548 3806 cognomina
1573 3747 1752 3808 judicum
1763 3779 1779 3800 ,
1808 3752 1846 3792 &
1862 3742 2175 3801 collitigantium
2191 3761 2208 3786 2

1694 3812 1793 3852 Mm
1827 3822 1848 3849 2
2080 3811 2150 3838 ⁶⁰·
