2444 4192
831 179 993 262 Sub
1053 184 1130 265 S.

180 322 479 374 conventibus,
512 323 582 379 qui
611 321 798 378 Collegia
817 334 1100 380 nuncupantur
1117 353 1132 375 ,

179 381 336 429 minim&
350 381 526 441 intelligi
543 381 739 432 volumus,
753 383 793 422 in
808 381 953 439 quibus
970 386 1131 425 Fratres

179 442 249 485 ωδ
265 440 427 484 ατξὶίοτὶ
448 441 625 486 clausura
642 440 794 494 degunt
808 464 823 488 ,
851 439 904 480 ita
931 450 977 482 ut
1002 443 1135 483 necin

172 500 320 556 'cnoro
333 508 502 543 cantent
512 529 528 552 ,
544 513 627 543 >nec
651 498 701 540 ad
715 506 898 541 mortuos
910 498 1106 540 accedant
1118 525 1135 548 ,

171 558 238 602 ἐξά
256 556 412 602 tantum
432 559 568 603 studiis
582 587 598 610 ,
610 556 897 601 &lectionibus
913 564 1055 596 vacent
1070 581 1082 592 .

287 618 502 667 Praeterea,
516 619 541 661 fi
561 615 784 661 forteinter
799 613 1021 669 Episcopus
1033 637 1048 661 ‚
1064 610 1132 655 vel

170 671 360 734 Collegit
375 703 390 727 ,
419 688 488 721 aut
510 673 700 731 Capitula
712 700 728 722 ,
759 673 824 718 vel
855 671 951 715 alias
976 670 1132 727 quasvis

170 732 363 787 personas
377 762 394 788 ,
422 738 463 779 δι
477 733 661 793 prefatos
676 736 835 781 Fratres
846 761 860 785 ,
891 732 955 780 seu
966 731 1131 773 Monia-

173 789 262 843 ¹0⁸⁵
277 802 348 839 aut
359 807 501 839 eorum
511 794 664 852 aliquos
675 820 690 844 ,
717 795 831 849 liiper
849 789 1046 847 praemissis
1064 788 1130 832 vel

170 850 308 909 aliquo
319 864 461 898 eorum
477 881 491 905 ‚
503 866 641 897 coram
655 862 906 910 quocumque
918 875 933 898 a
958 849 1021 892 feu
1039 850 1131 904 qui-

172 907 413 969 buscumque
436 911 663 968 judicibus,
686 911 808 956 etiam
833 906 1039 952 causarum
1054 910 1132 950 Pa-

169 966 258 1010 latii
274 969 498 1024 Apostolici
510 967 770 1015 Auditoribus
786 999 800 1022 ,
816 983 863 1013 ac
877 970 1026 1012 Sanetae
1041 969 1131 1011 Ro-

169 1039 293 1073 manae
305 1028 493 1074 Ecclesiae
505 1028 807 1081 Cardinalibus,
823 1037 904 1070 tam
919 1027 959 1069 in
976 1029 1130 1070 Roma-

171 1098 224 1127 na
236 1086 363 1130 Curia
376 1114 391 1137 ,
404 1090 522 1143 quam
537 1099 652 1135 extra
667 1102 755 1132 eam
782 1087 956 1130 ubilibet
970 1085 1017 1128 lis
1032 1114 1048 1138 ,
1063 1084 1130 1130 feu

168 1141 265 1188 lites
279 1145 497 1201 respec‘tive
510 1148 708 1204 pendeant
725 1173 740 1196 ,
770 1149 856 1191 Nos
868 1146 981 1191 litem
998 1145 1060 1188 seu
1079 1145 1130 1187 li-

171 1213 233 1246 tes
244 1229 259 1253 ,
270 1205 311 1250 dt
323 1205 480 1248 caulam
492 1205 558 1249 vel
575 1205 710 1250 caulas
731 1204 954 1258 hujusmodi
970 1203 1021 1246 ad
1041 1208 1130 1246 Nos

170 1262 417 1306 advocamus
434 1289 449 1314 ,
463 1276 509 1304 ac
523 1261 638 1307 illam
651 1290 664 1314 ,
689 1262 833 1307 &illas
846 1290 859 1313 ,
871 1275 1042 1318 quarum
1056 1262 1130 1303 lla·

170 1328 258 1376 tum
269 1346 285 1371 2
296 1334 343 1363 ac
354 1321 518 1366 nomina
533 1348 547 1372 ,
561 1322 601 1366 δι,
613 1321 854 1376 cognomina
868 1318 1045 1375 judicum
1064 1346 1079 1369 ‚
1092 1319 1134 1363 &-

166 1378 487 1436 collitigantium
509 1405 525 1431 ,
554 1379 806 1436 praesentibus
834 1377 975 1421 haberi
1012 1379 1130 1420 volu-

170 1450 258 1484 mus
277 1453 350 1495 pro
363 1436 607 1486 sufficienter
623 1437 809 1494 exprellis
820 1464 835 1488 ,
858 1434 1047 1482 caffamus
1061 1466 1076 1488 ,
1091 1438 1132 1478 δε

172 1497 440 1553 extinguimus
453 1523 468 1548 ,
498 1511 545 1541 ae
569 1498 749 1553 partibus
781 1495 871 1555 ipsis
888 1505 1132 1554 perpetuum

172 1553 374 1601 filentiutn
386 1555 554 1613 desuper
568 1556 812 1611 imponimus
830 1585 843 1601 .

287 1617 350 1658 Ac
370 1613 528 1671 iusuper·
542 1626 611 1663 ,ut
625 1613 782 1662 facilius
791 1613 978 1670 premissa
1001 1615 1139 1658 omnia

177 1671 331 1718 illibata
345 1672 544 1730 perfistant
557 1700 571 1723 ‚
584 1672 716 1717 omnia
727 1700 741 1723 ,
753 1675 793 1716 δι
811 1673 959 1730 lingula
973 1675 1137 1730 privile·

173 1731 236 1788 gia
247 1731 545 1784 ,immunitates
557 1759 572 1782 ,
585 1732 853 1789 indulgentias
864 1760 878 1782 ,
897 1731 1107 1777 facultates
1123 1759 1138 1782 ,

175 1789 379 1837 libertates
394 1819 410 1846 2
421 1790 576 1837 indulta
593 1790 944 1847 ,dispensationes,
959 1790 1136 1842 favores,

178 1850 220 1894 δι
232 1851 374 1903 gratias
386 1878 401 1902 ,
414 1863 497 1909 qua:
510 1849 684 1894 decretis
698 1850 872 1894 Concilii
891 1849 1137 1898 Tridentini,

178 1906 275 1949 aliis
291 1904 482 1963 quam,ut
496 1905 674 1964 superius
687 1908 744 1951 est
759 1910 909 1951 dietum
926 1937 942 1960 ,
976 1906 1138 1951 conces-

178 1965 264 2008 sum
277 1994 292 2017 ,
311 1967 352 2011 &
365 1965 607 2011 declaratum
619 1993 634 2016 ,
661 1979 739 2007 non
752 1966 1047 2010 contrariantur
1066 1979 1138 2008 ex-

180 2022 319 2082 pressi·⁴
330 2050 345 2074 ,
369 2022 516 2070 eisdem
530 2022 733 2068 Fratribus
745 2050 761 2074 ,
784 2037 942 2069 necnon
955 2022 1142 2065 Moniali-

182 2084 256 2128 bus
269 2079 598 2142 quibuscunque,
621 2082 662 2126 δι
688 2083 907 2127 Sororibus.
918 2082 1047 2125 Tertii
1062 2083 1140 2122 Or-

179 2141 286 2185 dinis
305 2138 585 2198 predictorum
599 2138 802 2185 Ordinum
823 2139 1040 2194 respeStive
1056 2141 1139 2181 Or·

181 2198 344 2245 dinibus
360 2226 374 2253 ,
387 2210 432 2243 ac
444 2196 610 2241 illorum
627 2197 838 2245 Ecclefiis,
856 2200 1051 2240 Domibus
1066 2226 1078 2246 ,
1097 2197 1136 2236 δι

176 2255 357 2314 perionis
371 2282 388 2307 ,
400 2254 520 2298 etiam
537 2256 632 2298 vive
648 2255 756 2297 vocis
771 2255 951 2304 oraculo,
965 2256 1002 2296 in
1016 2267 1137 2307 gene-

176 2326 222 2361 re
236 2313 300 2357 vel
327 2314 370 2359 in
392 2313 550 2370 specie,
579 2322 658 2354 tam
685 2327 756 2368 per
773 2327 854 2356 rcc-
868 2327 990 2356 mem.
1005 2313 1139 2369 Euge-

179 2374 293 2417 nium
309 2373 385 2416 tv.
401 2372 582 2426 ,sixtum
598 2372 673 2415 IV.
688 2400 702 2423 ,
730 2374 907 2416 Leonem
925 2374 963 2415 X
989 2401 1006 2426 ,
1041 2374 1132 2414 Pau-

181 2432 266 2478 lum
282 2434 361 2478 111.
376 2458 391 2483 ,
419 2444 463 2477 ac
475 2430 624 2476 diatim
638 2430 800 2474 Paulum
820 2433 892 2475 tv.
913 2460 926 2482 ,
954 2434 994 2477 dt
1025 2433 1138 2476 Pium

181 2491 302 2535 etiam
323 2491 398 2535 1v.
411 2491 531 2546 quim
542 2490 640 2534 alios
652 2488 920 2546 quoscumque
938 2493 1141 2534 Romanos

181 2546 402 2596 Pontifices
414 2549 533 2593 etiam
550 2546 856 2596 Praedecellores
879 2550 1036 2594 nostros
1051 2578 1066 2601 ,
1095 2563 1138 2592 ac

180 2611 266 2654 Nos
277 2633 293 2658 ‚
306 2609 345 2654 &t
358 2606 502 2656 sedem
517 2607 697 2652 eamdem
712 2607 1023 2664 quomodolibet
1037 2623 1141 2652 con-

183 2664 306 2716 ceffa,
330 2663 586 2718 confirmata,
616 2668 656 2709 δι
673 2666 878 2717 innovata,
894 2682 1051 2715 necnon
1067 2682 1138 2710 no—

183 2727 276 2773 stras
285 2753 301 2778 ,
311 2725 353 2770 δὲ
367 2723 699 2771 Praedeeefforum
714 2726 944 2770 nostrorum
957 2757 976 2779 „
986 2742 1030 2770 ac
1043 2727 1142 2771 alias

183 2783 450 2842 quascumque
461 2781 633 2838 desuper
645 2784 849 2828 consessas
863 2784 998 2828 literas
1009 2813 1024 2836 ,
1045 2801 1142 2843 qua·

187 2855 278 2888 rum
304 2840 486 2885 omnium
499 2849 687 2893 tenores,
708 2855 752 2882 ae
776 2844 1016 2887 eorumdem
1041 2848 1142 2889 Prae·

191 2897 444 2946 decelsorum
467 2897 694 2942 nostrorum
717 2899 904 2950 nomina,
931 2903 972 2944 sc
995 2903 1071 2946 alia
1091 2903 1147 2947 de

189 2957 420 3006 necestitate
439 2955 702 3012 exprimenda
715 2984 730 3009 ,
753 2971 797 3000 ac
816 2960 845 3003 fi.
866 2959 919 3002 de
947 2965 1073 3006 verbo
1094 2962 1146 3005 ad

191 3015 505 3066 verbum,nihil
524 3017 683 3069 penitus
700 3015 863 3068 omilso,
888 3019 928 3060 δι
948 3018 1079 3063 forma
1103 3023 1147 3065 in

102 3101 107 3107 ·
191 3076 274 3121 illis
288 3074 437 3120 tradita
449 3073 660 3119 observata
672 3103 691 3126 ,
702 3074 839 3119 inserti
857 3073 1013 3130 forent,
1023 3080 1148 3121 etiam

191 3191 1154 3247 „a

391 3220 407 3244 9
930 3221 945 3245 ²

196 3250 443 3307 presentium
456 3252 660 3306 perpetuo
669 3251 956 3307 approbamus,
989 3255 1028 3295 δι
1047 3266 1148 3295 con-

202 3307 402 3355 firmamus
414 3338 430 3361 ,
460 3307 830 3367 illisqueperpetuae
855 3311 891 3351 &
907 3311 1150 3357 inviolabilis

204 3364 400 3425 firmitatis
413 3368 539 3413 robur
555 3367 762 3426 adjicimus
775 3396 790 3419 ,
805 3383 933 3423 eaque,
944 3369 1160 3425 perpetuis

204 3418 616 3483 fututlstcmporibus,
637 3426 927 3472 inviolabiliter
950 3429 1154 3475 obi’ervari

206 3480 353 3527 debere
367 3512 382 3536 ,
394 3498 438 3530 ac
454 3486 656 3533 Fratribus
670 3516 686 3538 ,
703 3488 1000 3542 superioribus,
1013 3489 1053 3530 δι
1064 3502 1152 3543 per-

208 3539 312 3584 sonis
321 3541 522 3590 ordinum
531 3544 758 3602 hujusmodi
769 3546 1054 3598 ,necnonaliis
1065 3547 1153 3603 qui-

207 3594 653 3658 buscumqueffluosilla
667 3614 934 3659 concernunt,
955 3603 1162 3660 suffragari.

205 3654 356 3700 debere
367 3683 385 3705 s
408 3656 475 3705 seu
485 3661 590 3713 poffe,
599 3662 782 3710 volumus
794 3693 811 3707 .Ᾰ
838 3667 1010 3709 Necnon
1026 3664 1153 3721 privi-

201 3713 308 3781 legia
319 3740 334 3763 s
352 3713 619 3781 immunitates
632 3717 870 3772 „facultates
884 3752 898 3776 ,
912 3725 1120 3767 libertates
1134 3752 1161 3776 ,‚

199 3770 356 3818 indulta
369 3798 384 3824 2
396 3771 700 3829 dispensationes
713 3807 729 3834 ,
753 3783 1030 3843 exemptiones
1046 3809 1060 3833 ,
1090 3781 1149 3831 far.

1199 186 1337 268 Pio
1403 180 1503 266 V.
1927 188 2080 291 263

1192 339 1310 367 vores
1322 354 1338 375 ,
1350 325 1570 379 &gratim
1585 328 1668 364 tam
1681 320 1900 376 spirituales
1917 335 2035 382 quam
2053 347 2154 377 tem-

1190 384 1353 439 porales
1366 409 1382 431 ,
1413 381 1563 432 modo,
1593 381 1632 419 δι
1647 377 1793 431 forma,
1814 386 1958 437 quibus
1975 393 2154 434 concessa

1195 439 1286 479 sunt
1303 465 1316 487 ,
1336 438 1458 478 etiam
1473 450 1543 490 per
1561 438 1665 478 viam
1679 442 2056 486 communicationis
2075 475 2089 498 ,
2117 451 2155 490 δι

1195 493 1436 538 extenfionis
1452 521 1466 543 ,
1483 493 1612 539 afiive
1626 523 1642 545 ‚
1655 497 1695 538 δι
1710 495 1856 550 paffive
1872 525 1886 548 ,
1899 498 2003 541 inter
2018 503 2054 542 se
2071 528 2086 551 ,
2120 507 2159 546 δε

1194 554 1294 596 alios
1320 553 1594 609 quoscumque
1621 555 1797 598 Ordines
1829 558 2043 612 relpeetive
2060 586 2075 608 ,
2104 562 2154 605 de

1193 624 1304 654 novo
1319 611 1579 657 concedimus
1595 642 1608 663 ,
1625 613 1774 670 illaque
1786 616 1920 658 omnia
1936 643 1951 667 ,
1965 618 2005 658 δι
2020 617 2153 673 fingu-

1192 671 1232 716 la
1247 670 1296 711 ad
1310 671 1461 712 Domos
1477 698 1492 722 ,
1515 674 1556 717 Gt
1572 671 1662 714 loca
1682 686 1941 731 quaecumque
1954 674 2154 719 dictorum

1193 730 1514 775 Mendicantium
1545 732 1744 774 Ordinum
1773 761 1788 785 ,
1818 735 1859 778 δι
1879 733 2152 779 Monialium...

1190 802 1561 847 quarumcumque,
1588 804 1633 832 ac
1650 792 1910 836 sororumde
1928 794 2055 836 tertio
2071 797 2157 836 Or-

1191 847 1286 892 dine
1319 858 1642 902 nuncupatarum
1674 851 1714 892 in
1736 852 2068 908 congregatione
2101 852 2161 895 vi·

1192 906 1375 950 ventium
1391 907 1595 952 dictorum
1611 909 1813 953 Ordinum
1829 936 1843 959 a
1858 921 1900 953 ut
1916 909 2123 967 praescrtur
2137 937 2153 962 ,

1191 968 1383 1012 haetenus
1400 978 1564 1022 recepta
1581 996 1596 1019 ,
1623 968 1664 1011 δι
1684 968 1724 1009 in
1740 969 1941 1023 posterum
1955 971 2154 1026 recipien-

1190 1025 1242 1068 da
1254 1055 1266 1068 .
1298 1028 1471 1069 Necnon
1485 1026 1535 1068 ad
1552 1040 1691 1069 eorum
1704 1026 1892 1083 personas
1907 1058 1922 1080 ,
1952 1030 1993 1071 δι
2024 1030 2128 1072 bona
2143 1057 2159 1079 ,

1184 1085 1342 1129 etiamsi
1356 1085 1661 1141 privilegiorum
1675 1113 1689 1136 ‚
1702 1088 1742 1132 δι
1754 1086 1920 1130 aliarum
1932 1089 2157 1144 gratiarum

1190 1143 1450 1201 praefatorum
1464 1146 1701 1189 authentica
1723 1146 1932 1200 originalia
1948 1175 1962 1198 ,
1988 1156 2159 1204 propter

1190 1204 1389 1259 temporis
1420 1204 1706 1260 antiquitatem
1718 1234 1733 1256 ,
1766 1204 1827 1248 vel
1864 1206 1992 1248 varias
2034 1205 2160 1250 Urbis

1192 1265 1325 1306 ruinas
1339 1262 1552 1315 deperdita
1567 1264 1628 1305 exi
1636 1264 1735 1308 stant
1751 1293 1766 1316 ,
1795 1263 2020 1307 dummodo
2035 1264 2088 1306 de
2104 1264 2163 1306 eis

1192 1322 1289 1364 alias
1305 1320 1487 1375 legitime
1501 1323 1680 1370 constet,
1706 1323 1963 1365 extendimus
1984 1351 1999 1375 ,
2023 1324 2063 1364 δι
2077 1336 2164 1365 am·

1222 1379 1366 1423 liamus
1378 1406 1389 1418 .

1194 1395 1218 1441 p
1311 1438 1364 1480 Et
1380 1435 1431 1479 sic
1450 1438 1488 1479 in
1502 1436 1702 1492 praemissis
1716 1441 1904 1484 omnibus
1920 1467 1935 1490 ,
1961 1440 2001 1481 δι
2027 1440 2159 1495 fingu-

1194 1498 1242 1544 lis
1257 1525 1273 1548 ,
1299 1510 1371 1551 per
1383 1494 1834 1552 quoscumqueJudices
1850 1531 1866 1552 ,
1897 1500 1936 1540 δι
1952 1498 2158 1548 Personas,

1194 1556 1336 1614 quavis
1349 1556 1584 1599 auctoritate
1599 1554 1814 1613 fungentes
1828 1586 1843 1610 2
1873 1558 1993 1601 ctiam
2010 1558 2163 1600 Cardi-

1198 1613 1337 1665 nales,
1364 1616 1405 1656 δι
1422 1614 1642 1659 Auditores
1658 1617 1866 1670 praefatos,
1899 1616 2053 1660 sublata
2076 1618 2162 1665 eis,

1196 1677 1235 1718 δι
1250 1687 1389 1715 eorum
1403 1673 1571 1718 cuilibet
1584 1674 1723 1730 quavis
1739 1677 1859 1720 aliter
1870 1674 2075 1730 judicandi
2090 1705 2103 1728 ,
2122 1678 2161 1718 &

1198 1732 1493 1787 interpretandi
1510 1729 1722 1783 facultate,
1750 1737 1789 1779 &
1806 1734 2045 1778 auctoritate
2055 1733 2166 1789 judi·

1197 1792 1279 1834 cari
1297 1817 1310 1839 ,
1321 1792 1360 1834 δι
1374 1789 1549 1832 deffiniri
1564 1791 1717 1835 debere
1732 1822 1747 1845 ,
1766 1807 1924 1837 necnon
1938 1820 1953 1845 ,
1968 1793 2158 1849 quicquid

1201 1845 1312 1893 secus
1327 1848 1447 1904 super
1462 1849 1521 1890 liis
1546 1851 1569 1892 a
1594 1864 1796 1908 quoquam
1825 1851 1967 1908 quavis
1992 1851 2162 1893 auetori-

1199 1918 1286 1952 tate
1300 1937 1314 1959 ‚
1342 1906 1514 1951 scienter
1531 1907 1593 1950 vel
1612 1910 1847 1965 ignoranter
1864 1908 2083 1964 contigerit
2098 1919 2163 1951 at·

1199 1967 1379 2014 tentari,
1404 1968 1564 2009 irritum
1595 1969 1629 2012 sc,
1644 1971 1761 2012 inane
1775 1968 2029 2012 decernimus
2047 1999 2059 2009 .

1313 2025 1518 2083 roirca
1545 2023 1702 2067 dilectis
1742 2026 1835 2068 filiis
1855 2027 2031 2075 nostris,
2057 2029 2165 2071 Ρη·

1201 2081 1429 2127 dicatorum
1445 2081 1655 2125 Cardinali
1677 2084 1904 2125 Protectori
1919 2112 1935 2134 ,
1949 2085 1988 2124 δι
2006 2087 2046 2125 8.
2064 2085 2162 2126 Hie·

1200 2141 1356 2195 ronymi
1374 2140 1568 2182 Generali
1585 2140 1785 2184 Ordinum
1803 2171 1817 2194 ,
1844 2155 1890 2184 ac
1914 2142 2047 2186 Curiae
2061 2155 2159 2184 cau-

1199 2199 1327 2242 sarum
1356 2200 1538 2239 Camerae
1569 2198 1809 2254 Apostolicoe
1834 2201 1956 2243 etiam
1983 2198 2163 2254 generali

1199 2255 1398 2298 Auditori
1411 2281 1425 2304 ,
1443 2270 1547 2297 nunc
1563 2258 1603 2301 δι
1618 2271 1693 2313 pro
1708 2268 1891 2315 tempore
1906 2260 2162 2301 existentibus

1197 2327 1273 2373 per
1289 2314 1519 2371 Apostolica
1552 2316 1695 2372 scripta
1714 2322 1830 2361 Motu
1864 2316 1976 2360 simili
2004 2318 2165 2360 manda-

1198 2388 1287 2420 mus
1303 2402 1317 2425 ,
1348 2384 1541 2429 quatenus
1567 2377 1635 2430 ipsi
1664 2376 1725 2420 vel
1748 2377 1832 2419 duo
1849 2405 1863 2428 ,
1893 2386 2075 2421 autunus
2090 2391 2163 2420 eo·

1202 2448 1292 2477 rum
1304 2460 1317 2482 ,
1332 2446 1406 2488 per
1421 2431 1458 2476 se
1472 2435 1536 2476 vel
1551 2436 1672 2479 alium
1692 2466 1706 2488 ,
1734 2435 1798 2478 seu
1812 2434 1934 2487 alios,
1949 2436 2157 2490 praesentes

1202 2494 1342 2538 literas
1358 2520 1373 2542 ‚
1387 2494 1429 2537 &
1441 2494 1483 2535 in
1496 2494 1553 2537 eis
1566 2505 1759 2539 contenta
1775 2507 2036 2551 quaecumque
2051 2525 2065 2547 ‚
2081 2495 2167 2547 ubi,

1200 2556 1241 2597 δι
1255 2550 1419 2609 quando
1432 2566 1530 2607 opus
1542 2549 1665 2596 fuerit
1680 2581 1694 2603 ,
1726 2568 1772 2596 ac
1787 2554 1948 2609 quoties
1958 2566 2032 2607 pro
2047 2563 2161 2610 parte

1199 2610 1436 2657 eorumdem
1463 2613 1646 2654 Fratrum
1659 2643 1674 2665 ,
1705 2623 1774 2657 aut
1792 2612 2031 2655 Monialium
2049 2642 2063 2664 ,
2094 2612 2159 2654 vel

1199 2669 1365 2722 alicuius
1393 2683 1533 2714 eorum
1566 2670 1720 2716 fuerint
1744 2671 1914 2727 desuper
1949 2673 2122 2727 requisiti
2148 2699 2163 2722 ,

1201 2730 1431 2775 solemniter
1445 2731 1696 2783 publicantes
1708 2761 1722 2782 ,
1749 2729 1901 2774 eisdem
1917 2732 1953 2772 in
1967 2729 2164 2786 praemiffis

1200 2789 1371 2836 efficacis
1390 2787 1632 2832 defentionis
1652 2790 1830 2845 praefidio
1842 2790 2079 2841 allistentes,
2107 2788 2165 2829 fa-

1205 2850 1314 2894 ciant
1327 2849 1567 2892 anaor-itate
1579 2850 1709 2909 nostra
1723 2847 1937 2904 presentes
1949 2874 1964 2896 ‚
1996 2851 2037 2890 δι
2051 2850 2090 2891 in
2107 2848 2163 2889 eis

1204 2917 1402 2951 contenta
1417 2905 1828 2960 hujusmodifirmiter
1848 2908 2087 2960 observari,
2118 2918 2164 2946 ac

1207 2965 1379 3021 singulos
1394 2991 1408 3014 ,
1431 2978 1530 3020 quos
1546 2963 1770 3020 literaeipsae
1784 2974 2062 3013 concernunt,
2093 2976 2166 3019 pa·

1205 3023 1324 3067 cifice
1339 3021 1450 3073 frui,
1470 3025 1510 3064 &
1531 3021 1710 3078 gaudere
1725 3037 1743 3069 ς,
1768 3036 1853 3065 non,
1880 3023 2161 3077 permittentes

1209 3096 1303 3131 eos,
1329 3081 1397 3123 vel
1416 3082 1591 3137 aliquem
1605 3095 1745 3126 eorum
1758 3079 1930 3135 desuper
1949 3107 1966 3130 ,v
1989 3089 2165 3123 contra..-

1211 3139 1462 3195 praesentium
1474 3149 1658 3183 tenorem
1670 3154 1742 3197 per
1751 3138 2165 3197 quoscumque,etiam

1208 3199 1392 3242 locorum
1406 3197 1645 3242 ordinarios
1655 3227 1668 3249 ,
1695 3197 2000 3255 quomodolibet
2011 3197 2167 3240 indebi-

1208 3257 1252 3300 te
1265 3255 1464 3299 molestari
1479 3281 1494 3304 a
1523 3258 1845 3302 contradictores.
1865 3256 2066 3312 quoslibet
2080 3283 2095 3306 ,
2125 3258 2166 3299 dc

1213 3315 1385 3358 rebelles
1399 3343 1414 3366 ,
1439 3329 1517 3370 per
1534 3317 1715 3359 cenlhras
1747 3318 1793 3359 δι,
1811 3329 1950 3372 poenas
1966 3314 2165 3358 Ecclefia-

1213 3375 1355 3426 flicas,
1365 3373 1525 3430 aliaque
1533 3386 1767 3429 opportuna
1777 3374 1879 3430 juris
1890 3373 2085 3424 remedia,
2095 3388 2166 3429 ap-

1211 3430 1658 3489 pellationeponpolita
1670 3462 1682 3484 ,
1696 3429 2011 3490 compescendo,
2026 3431 2166 3489 legiti-

1209 3490 1363 3547 misque
1377 3491 1498 3545 super-
1517 3491 1583 3532 his
1593 3491 1790 3534 habendis
1799 3491 1961 3534 servatis
1974 3491 2165 3548 procerri-

1215 3551 1516 3602 bus,censuras
1544 3551 1590 3594 δι,
1608 3563 1756 3605 poenas.
1779 3548 1906 3606 ipsas,
1931 3551 2056 3594 etiam
2080 3553 2159 3593 ite-

1213 3608 1318 3651 ratis.
1328 3608 1479 3650 vieibus
1492 3607 1750 3663 aggravando
1763 3637 1777 3659 ,
1803 3610 1849 3651 &1
1867 3610 2161 3653 interdictum

1211 3665 1527 3712 Ecclefiaffleum
1545 3668 1817 3722 apponend03
1842 3669 2033 3711 invocato
2046 3669 2163 3710 etiam

1208 3725 1257 3767 ad
1275 3726 1350 3767 hoe
1366 3753 1381 3778 ,
1414 3724 1549 3783 fiopus
1567 3721 1716 3776 fuerit,
1745 3728 1897 3772 auxilio
1923 3726 2074 3769 brachii
2097 3721 2161 3762 sae-

1210 3784 1354 3829 cularis
1369 3813 1381 3827 .

1345 3839 1352 3842 “
2005 3840 2101 3881 Νοη
