2444 4192
342 234 502 339 362

265 391 467 441 Modum
486 386 844 442 Conservatores
868 386 1227 454 privilegiorum

334 462 640 532 Regulariurn
684 455 881 526 eligendi
925 455 1178 525 praescribit
1209 493 1226 516 ,

331 536 568 600 qualitates
608 529 658 581 &
686 525 926 578 facultates
952 537 1111 584 eorum
1152 546 1227 577 ex·

329 605 490 673 primit
518 640 534 662 ,
562 600 610 652 <St
631 605 709 664 Jus
737 601 1046 667 Regularium
1075 596 1226 665 huJ'us-

333 675 466 725 modi
492 670 852 725 conservatores
883 671 1081 742 eligendi
1120 688 1227 720 con·

335 743 497 796 firmat
514 780 531 794 .

348 862 598 906 Anffiffimus
612 862 652 904 in
668 859 833 904 Christo
847 863 971 904 Pater
985 889 1000 913 ‚
1027 861 1066 902 δι
1082 861 1224 904 Domi-

359 937 435 965 nus
451 922 600 965 Noster
614 923 669 963 D.
685 921 917 977 Gregorius
929 920 1068 963 divina
1081 921 1223 977 provi-

260 982 398 1025 dentia
427 983 534 1036 Papa
556 981 654 1024 XV.
694 994 744 1026 ex
768 979 894 1023 certis
917 979 1222 1024 rationabilibus

258 1041 383 1084 caufis
395 1040 576 1083 animum
588 1037 701 1082 suum
716 1039 1036 1090 moventibus,&
1046 1038 1096 1081 de
1111 1041 1224 1081 Voto

256 1099 562 1143 venerabilium
580 1101 771 1142 fratrum
789 1096 1223 1142 suorumS·R.E.Car·

254 1158 451 1202 dinalium
475 1158 655 1202 concilii
670 1156 897 1201 Tridentini
922 1161 1192 1210 interpretum
1206 1184 1222 1208 ,

254 1218 406 1275 partim
430 1213 499 1260 fel.
524 1231 609 1261 rec.
623 1217 849 1261 clementis
864 1220 976 1273 Papae
991 1216 1108 1258 V111.
1121 1216 1223 1257 Prae·

253 1275 468 1321 decefforis
488 1275 544 1320 sui
560 1276 735 1333 vestigiis
758 1275 992 1319 inhaerendo
1005 1301 1020 1323 s
1050 1288 1226 1318 revoca-

254 1337 318 1380 vit
331 1363 346 1386 ,
357 1350 403 1379 ac
417 1335 551 1378 nullas
564 1367 581 1389 ,
592 1335 843 1379 &invalidas
858 1335 1040 1380 decrevit
1051 1347 1194 1377 omnes
1208 1362 1225 1385 ,

252 1397 296 1438 δι
306 1393 571 1451 quascumque
577 1395 768 1451 Judieum
785 1393 1130 1438 conservatorum
1139 1392 1221 1435 ele·

252 1456 436 1502 clionee,
461 1454 759 1496 nominationes
773 1481 788 1504 ,
810 1452 877 1496 seu
901 1452 1189 1508 deputationes
1202 1480 1219 1502 ,

251 1520 342 1556 tsm
368 1513 410 1553 in
440 1511 521 1553 vim
549 1511 759 1556 literarum
783 1511 1178 1554 conservatoriarum
1205 1538 1221 1562 ,

249 1569 366 1627 juxta
380 1566 554 1612 sormam
579 1573 620 1613 in
633 1573 854 1627 quinterno
869 1570 1133 1612 cancellarie
1146 1569 1219 1631 de·

249 1629 442 1685 scriptam
453 1653 469 1676 ,
493 1627 614 1680 quam
628 1629 668 1668 in
681 1629 763 1668 vim
774 1638 1123 1681 quorumcumque
1136 1636 1218 1678 prt-

250 1688 499 1741 vilegiorum
511 1684 712 1739 perpetuo
726 1711 742 1735 ,
773 1682 839 1724 vel
864 1682 916 1724 ad
941 1691 1100 1738 tempus
1112 1695 1218 1723 non-

246 1744 348 1786 dum
364 1740 541 1796 elapsum
555 1740 786 1797 Apostolica
796 1734 1219 1784 aquritateconces-

246 1801 383 1845 sorum
394 1827 412 1852 ,
424 1799 492 1843 seu
504 1798 605 1842 alias
619 1814 880 1858 quocumque
890 1803 991 1858 Jure
1004 1829 1019 1853 ‚
1033 1800 1098 1844 vel
1116 1801 1217 1843 titu-

246 1860 293 1904 lo
306 1861 495 1903 haetenus
521 1856 644 1903 factas
674 1874 748 1915 pro
770 1857 1085 1918 quibuscumque
1099 1862 1218 1903 con·

245 1918 440 1962 ventibus
454 1943 472 1967 ,
483 1917 688 1973 capitulis
702 1945 719 1970 ,
733 1918 893 1961 Militiis
908 1946 924 1970 ‚
936 1922 1063 1962 etiam
1083 1918 1217 1962 Sancti

241 1975 410 2035 Joannis
440 1972 804 2030 Hierosolymitani
829 2002 846 2027 ,
872 1977 1215 2034 congregationi·

247 2038 324 2079 bus
338 2061 354 2084 ,
379 2029 582 2084 collegiis
606 2057 623 2079 ‚
648 2033 873 2075 Ordinibus
884 2059 901 2083 ,
936 2035 1188 2078 monasteriis
1201 2063 1218 2086 ,

245 2087 530 2146 Hospitalibus
541 2117 559 2140 ‚
591 2097 659 2131 aut
674 2088 761 2131 aliis
775 2090 981 2146 quibusvis
996 2092 1072 2149 piis
1086 2121 1102 2143 ,
1134 2102 1217 2134 tam

243 2147 498 2194 secularibus
510 2174 526 2198 ‚
546 2148 666 2205 quain
681 2146 856 2204 cujusvis
870 2150 1040 2194 Ordinis
1053 2178 1067 2200 ,
1093 2151 1217 2194 etiam

243 2207 592 2260 mendicantium,
619 2212 686 2253 {eu
700 2207 878 2252 Instituti
885 2239 903 2262 ,
918 2208 983 2254 vel
995 2211 1216 2255 societatis

241 2266 520 2324 Regularibus
547 2266 650 2310 loeis
678 2268 937 2324 quantumvis
969 2271 1172 2325 exemptis
1196 2296 1213 2322 ,

244 2328 370 2372 etism
381 2326 434 2371 de
446 2324 686 2371 neceffitate
697 2326 973 2382 exprimendis
990 2352 1005 2376 ‚
1035 2326 1102 2371 seu
1118 2326 1215 2372 illo·

239 2400 336 2431 sum
351 2387 528 2443 personis
541 2411 560 2436 ‚
582 2384 756 2443 cujusvis
769 2386 978 2444 qualitatis
992 2415 1008 2440 ,
1030 2384 1096 2430 seu
1116 2400 1216 2431 con-

246 2446 420 2491 ditionis
435 2445 605 2489 existant
616 2473 632 2488 .

361 2507 410 2549 In
425 2503 607 2550 futurum
621 2507 722 2550 vero
734 2507 933 2552 Sanctitas
957 2511 1036 2553 Sua
1050 2509 1127 2552 hac
1145 2520 1215 2564 ge·

243 2563 373 2607 nerali
386 2591 404 2614 ,
428 2564 472 2606 δι
495 2565 696 2620 perpetuo
721 2565 895 2609 valitura
909 2568 1214 2611 Constitutione

240 2621 380 2665 statuit
409 2621 449 2663 8(
483 2621 669 2667 decrevit
681 2653 697 2678 ,
709 2623 923 2681 utJudiees
931 2627 1214 2669 Conservato-

242 2694 312 2724 res
327 2676 583 2735 hujusmodi,
597 2682 679 2727 five
693 2681 935 2739 principales
949 2710 964 2734 ,
978 2684 1058 2727 five
1071 2681 1210 2725 subro-

234 2737 329 2795 *gati
339 2737 463 2793 ‚eligi
472 2766 488 2791 ,
501 2737 703 2784 nominari
712 2767 728 2791 ‚
739 2748 810 2784 aut
824 2742 1012 2798 deputari
1023 2754 1105 2785 non
1120 2742 1208 2794 pos-

239 2797 334 2850 fiat,
344 2793 412 2839 nifi
425 2809 511 2840 non
525 2795 653 2841 solum
666 2799 842 2845 babeant
850 2800 1068 2857 qualitates
1080 2799 1211 2858 requi·

240 2857 332 2899 sitas
351 2883 366 2907 ,
387 2854 429 2897 ec
448 2853 665 2912 descriptas
680 2861 720 2899 ln
742 2858 1047 2904 Constitutione
1073 2857 1210 2901 similis

239 2910 528 2959 rec-Bonisacii
541 2914 655 2981 Papae
669 2914 788 2957 vm.
804 2917 927 2958 etiam
942 2914 1210 2961 Proedeceffo·

239 2975 298 3018 ris
317 2972 404 3023 sui,
430 2985 516 3028 qua
529 2971 674 3028 incipit
690 3001 704 3026 ‚
723 2977 961 3030 statutum
993 2977 1049 3019 ita
1066 2987 1110 3019 ut
1145 2975 1210 3020 vel

238 3032 444 3089 dignitate
455 3028 732 3076 Ecclenastica
747 3032 903 3090 praediti
914 3062 929 3087 ,
945 3035 1007 3079 vel
1026 3034 1210 3092 perlima-

237 3103 326 3135 tum
339 3089 592 3142 obtinentes,
605 3090 668 3135 vel
687 3092 960 3137 Ecclefiarum
973 3093 1207 3139 cathedra·

239 3151 341 3194 lium
357 3149 558 3193 canonici
570 3149 738 3195 existant
751 3164 768 3205 ὅ
783 3150 850 3196 sed
862 3153 986 3198 etiam
1000 3154 1039 3196 in
1053 3154 1208 3198 Conci·

238 3210 305 3253 liis
324 3207 657 3254 Provincialibus
672 3239 688 3263 ,
712 3221 781 3254 aut
809 3210 1055 3257 Dioecessnis
1070 3242 1083 3267 ,
1099 3212 1209 3269 juxta

242 3271 465 3311 Decretum
479 3268 658 3312 concilii
682 3270 859 3326 predicti
868 3302 884 3326 ,
903 3272 1065 3331 judices
1091 3273 1209 3318 elee'ti

241 3326 308 3370 seu
325 3325 522 3384 designati
538 3328 611 3372 sint
625 3355 639 3369 .

309 3444 317 3454 .
355 3386 566 3446 Quodaewe
595 3386 788 3444 deinceps
814 3389 960 3436 littere
976 3392 1204 3437 Conserva-

240 3456 350 3489 tori:
371 3460 442 3499 per
469 3446 615 3491 Sedem
628 3447 906 3504 apostolicam
931 3452 1203 3497 concedende

238 3504 509 3562 suprascriptis
520 3508 676 3554 tantum
689 3507 921 3566 dirigantur
936 3539 952 3564 ,
965 3511 1005 3553 δι
1015 3512 1040 3554 fi
1053 3524 1138 3568 quae
1154 3511 1203 3555 li·

239 3573 336 3607 tera
351 3562 469 3607 aliter
479 3565 749 3620 expedientur
759 3596 774 3620 ‚
787 3568 890 3622 illoe,
909 3584 956 3613 ac
967 3569 1203 3625 deputatio-

238 3635 310 3667 ne!
324 3620 549 3686 huiusmodi
563 3654 578 3677 ,
602 3626 819 3685 omniaque
831 3629 977 3673 exinde
989 3627 1205 3685 sequenda,

241 3678 394 3725 nullius
410 3686 479 3723 lint
494 3685 647 3728 roboris
662 3712 677 3734 ‚
704 3685 771 3730 vel
789 3689 1006 3742 moment53
1036 3691 1085 3732 Et
1102 3690 1202 3733 nihi·

242 3738 416 3783 lomifflss
430 3765 445 3789 s
494 3743 531 3782 ui
547 3739 655 3785 secus
669 3771 683 3793 ‚
701 3749 819 3799 quim
837 3747 942 3800 juxta
959 3750 1128 3791 sormam
1147 3747 1204 3791 su·

239 3754 994 3915 ἕξέἱῦὧίἷέῗῖίῦἕὲῖῗωὲίὰνξιεοῐα
1007 3806 1210 3909 Ρυῑιὲίῖηο-

723 3888 736 3914 ‚
781 3879 959 3909 ‹nnmarc
977 3894 991 3919 ‚
1022 3882 1070 3909 cu
1111 3881 1209 3924 epu-

859 227 1020 317 Sub
1084 226 1438 343 Gregorio
1476 225 1590 311 *X
1611 227 1712 315 V.

1288 395 1376 428 tare
1391 413 1406 437 ,
1437 397 1507 430 aut
1522 386 1657 430 elestis
1671 412 1686 435 ‚
1701 386 1914 430 nominatis
1945 386 2014 430 seu
2045 380 2254 440 deputatis

1286 445 1349 487 uti
1374 446 1452 488 aufi
1471 446 1643 498 fuerint,
1671 446 1893 500 Regulares
1919 446 2084 503 quidem
2113 456 2256 486 voce)

1289 503 1420 546 activa
1450 507 1492 548 δι
1502 504 1646 561 paffiva
1660 507 1735 546 sint
1752 502 1833 559 ipso
1849 503 1935 557 jure
1947 503 2122 559 privati,
2136 501 2256 549 adeo,

1287 571 1336 604 ut
1349 564 1672 608 habilitationem
1685 563 1707 605 a
1720 563 1880 605 nemine
1895 591 1909 614 ,
1934 562 2203 618 praeterquam
2234 559 2259 601 a

1287 623 1476 667 Romano
1490 620 1698 668 Pontefice
1725 619 1916 677 consequi
1949 621 2133 673 valeant3
2160 617 2259 660 reli-

1285 682 1355 737 qui
1372 684 1470 727 vero
1497 683 1583 724 aliis
1594 681 1727 736 poenis
1742 693 1760 720 a
1771 680 1916 721 rbitrio
1930 679 2158 722 Sanflitatis
2174 679 2261 720 Suae

1286 751 1557 785 coerceantur
1571 770 1584 792 ,
1595 741 1636 781 &
1651 738 1932 796 praedietorum
1948 737 2128 778 omnium
2143 737 2262 777 Con·

1286 809 1432 842 ventus
1447 826 1461 849 ,
1475 797 1716 854 Monasteria
1736 826 1748 848 ,
1763 812 1808 840 ac
1821 796 1908 839 loca
1925 793 2177 852 hujusmodi,
2190 806 2259 835 eo-

1287 871 1332 900 ru
1340 873 1455 915 mque
1482 858 1657 914 personae
1688 871 1733 899 ac
1770 858 1875 898 bona
1900 863 2066 896 careant
2082 849 2256 895 Conser-

1286 927 1432 962 vator-e
1445 918 1495 960 ad
1507 932 1654 961 annum
1668 946 1682 969 ‚
1699 917 1753 958 ita
1768 925 1811 956 ut
1822 913 1994 957 illorum
2008 914 2131 957 causi:
2150 910 2259 952 inte-

1283 990 1355 1019 rea
1369 991 1510 1023 coram
1528 978 1718 1020 locorum
1732 972 1957 1016 Ordinariis
1972 971 2170 1017 duntaxat
2183 983 2255 1012 co-

1284 1038 1429 1092 gnosci
1446 1065 1459 1088 ,
1473 1050 1519 1077 ac
1535 1035 1703 1077 diffiniri
1717 1033 1892 1075 debeant
1905 1060 1918 1073 .

1400 1095 1623 1147 Caeterum,
1638 1104 1683 1137 ut
1699 1091 1822 1137 latius
1836 1099 1973 1147 pateat
1983 1087 2258 1135 Conservato-

1286 1168 1377 1197 rum
1394 1152 1620 1210 hujusmodi
1636 1151 1944 1208 deligendorum
1959 1149 2152 1200 facultas,
2161 1146 2257 1190 San-

1286 1214 1400 1257 &itas
1415 1217 1492 1257 Sua
1506 1212 1738 1255 admonitos
1753 1210 1882 1254 voluit
1907 1223 2050 1253 omues
2066 1208 2255 1252 locorum

1286 1271 1527 1316 Ordinarios
1547 1301 1562 1325 ,
1593 1271 1693 1315 utin
1709 1270 1883 1326 Synodis
1898 1266 2226 1314 provincialibus
2237 1289 2254 1314 ‚

1283 1341 1356 1375 aut
1376 1330 1602 1375 Diocesanis
1619 1329 1878 1388 quamplures
1895 1327 2091 1372 Personas
2117 1338 2168 1368 ex
2183 1325 2254 1366 ha—

1283 1390 1472 1434 bentibus
1487 1389 1706 1446 qualitates
1731 1391 1769 1430 ln
1784 1387 1966 1444 praedicta
1981 1383 2252 1429 Constitutio-

1283 1463 1333 1493 ne
1345 1447 1516 1504 ejusdem
1545 1446 1737 1491 Bonifaeii
1754 1444 2052 1490 Praedeeefforis
2082 1453 2254 1488 contem

1281 1518 1344 1552 tas
1358 1536 1373 1560 ,
1392 1507 1622 1561 &alioquin
1635 1507 1684 1550 sd
1705 1505 1744 1547 id
1758 1515 1873 1560 aptas
1887 1503 2086 1560 defignari
2107 1514 2253 1558 procu.-

1279 1574 1371 1608 rent
1384 1577 1400 1615 3
1414 1566 1453 1604 δι
1468 1563 1492 1604 fi
1504 1565 1677 1618 aliquem
1692 1563 1853 1604 interim
1869 1576 1916 1605 ex
1930 1561 2142 1616 defignatis
2159 1572 2253 1600 mo-

1279 1623 1315 1663 ri
1330 1620 1564 1675 contigerit,
1580 1619 1791 1662 substituat
1805 1619 2045 1662 Ordinarius
2058 1617 2139 1660 loci
2157 1629 2254 1659 cum

1278 1678 1448 1723 confilio
1461 1677 1777 1736 Capitulialium
1789 1677 1829 1720 in
1853 1675 1940 1735 ejus
1950 1677 2091 1721 locum
2104 1702 2119 1726 ,
2132 1675 2253 1732 usque

1280 1738 1332 1781 ad
1354 1737 1534 1781 futuram
1561 1735 1856 1781 Provincialem
1880 1747 1949 1779 aut
1971 1733 2253 1780 Dioecesauam

1280 1797 1493 1852 synodum
1510 1826 1523 1839 .

1394 1855 1559 1914 Insuper
1571 1856 1770 1900 Sanctitas
1784 1858 1888 1908 sust
1918 1854 2152 1900 inherendo
2172 1853 2247 1897 hae

1278 1918 1318 1961 in
1335 1926 1452 1973 parte
1470 1919 1653 1959 Decreto
1678 1915 1814 1959 fimilis
1830 1914 2123 1958 recordationis
2139 1915 2252 1972 Gre-

1279 1978 1385 2031 gorii
1400 1978 1515 2030 Papa:
1529 1976 1658 2018 XIII.
1687 1974 1812 2017 etiarn
1843 1970 2141 2016 Praedecefforis
2164 1969 2222 2014 sui
2234 1996 2252 2021 2

1277 2034 1414 2076 statuit
1437 2033 1693 2076 &ordinavit
1705 2059 1722 2083 s
1745 2042 1791 2075 ut
1802 2031 2022 2088 Regulares
2035 2061 2052 2084 ,
2081 2046 2131 2076 ac
2147 2032 2253 2074 Per-

1279 2093 1384 2135 sonoe
1398 2090 1622 2148 hujusmodi
1646 2092 1688 2135 in
1705 2091 1824 2135 Italia
1845 2088 1949 2135 infra
1973 2091 2080 2136 duos
2091 2117 2104 2140 ‚
2129 2099 2249 2134 extra

1278 2151 1440 2195 ltaliam
1458 2151 1558 2195 vero
1575 2148 1678 2194 infra
1694 2153 1760 2195 sex
1775 2152 1926 2195 menses
1948 2151 1972 2197 ὲ
1988 2150 2056 2195 die
2066 2149 2252 2207 publicae,

1279 2210 1401 2254 tionis
1423 2211 1465 2253 in
1486 2210 1600 2255 Urbe
1628 2209 1827 2266 praesentis
1843 2209 2157 2255 ConstitutIonis
2183 2208 2250 2261 in·>

1275 2269 1482 2313 eboandos
1493 2268 1670 2312 debeant
1684 2268 1755 2311 fibi
1769 2269 1945 2324 eligere,
1975 2269 2040 2313 seu
2056 2268 2250 2313 assumere

1280 2326 1605 2372 Conservatores
1615 2326 1730 2384 juxta
1756 2324 1931 2372 formam
1958 2326 2135 2384 superius
2158 2339 2250 2383 pro·-

1275 2386 1447 2444 pofitsm
1459 2413 1475 2438 ,
1487 2384 1652 2443 eiusque
1667 2385 1879 2431 eleetionis
1891 2414 1908 2439 ,
1935 2383 2001 2429 seu
2016 2383 2248 2442 assumptio.

1275 2448 1339 2490 nis
1369 2445 1661 2490 documentum
1693 2444 1795 2488 infra
1825 2455 1982 2501 tempus
2013 2443 2243 2501 hujusmodi

1276 2519 1398 2564 penes
1412 2507 1511 2548 Aeta
1521 2505 1659 2550 Curioe
1682 2503 1995 2548 Ordinariorum
2021 2503 2212 2548 exhibere
2226 2532 2244 2557 v,

1272 2568 1313 2609 δι
1328 2564 1540 2608 dimittere
1553 2572 1787 2618 teneantur3
1801 2562 1983 2620 alioquin
1998 2577 2052 2608 eo
2065 2563 2243 2608 termino

1269 2620 1432 2678 elapso,
1460 2623 1650 2679 quamdiu
1666 2624 1995 2667 conservatores
2019 2621 2242 2668 secundum

1271 2680 1444 2725 sormam
1457 2680 1655 2737 presentis
1666 2680 1978 2725 constitutionis
2001 2694 2084 2725 non
2101 2680 2241 2737 elegea

1270 2741 1379 2791 rint,
1407 2753 1545 2785 eoram
1565 2739 1716 2784 eisdem
1730 2739 1960 2784 Ordiusriis
1988 2739 2241 2784 convenian-

1271 2810 1339 2846 tur
1351 2813 1366 2843 ε
1378 2799 1569 2858 quodque
1582 2799 1911 2843 conservatores
1927 2796 2160 2856 hujusmodi
2180 2797 2240 2842 se·

1272 2859 1350 2903 mel
1368 2858 1548 2913 legitime
1563 2858 1773 2914 deputati,
1800 2857 1867 2901 nili
1883 2870 1933 2902 ex
1946 2855 2125 2915 legitima
2139 2871 2238 2901 cau-

1270 2918 1310 2961 ss
1325 2921 1347 2961 a
1360 2917 1463 2959 Sed'e
1477 2916 1712 2975 Apostolica
1725 2942 1739 2966 ‚
1761 2925 1831 2959 aut
1854 2914 2042 2961 locorum
2057 2914 2239 2960 Ordina-

1273 2977 1343 3020 riis
1357 3006 1372 3029 ,
1388 2986 1510 3032 prout
1526 2974 1665 3020 iisdem
1679 2974 1953 3034 Regularibus
1972 3002 1987 3027 ,
2016 2978 2056 3020 δι
2072 2974 2160 3021 aliis
2178 2977 2240 3021 su·

1270 3035 1459 3093 pradieiis
1485 3035 1680 3086 libuerit,
1707 3036 1992 3094 approbanda,
2016 3036 2233 3081 durante..-

1269 3094 1548 3155 quinquennio
1560 3098 1583 3141 s
1599 3094 1668 3139 dic
1682 3094 1959 3152 deputationis
1975 3122 1990 3148 ‚
2020 3095 2202 3140 amoveri
2219 3119 2235 3145 ,

1271 3165 1340 3200 aut
1359 3153 1749 3200 mutarinullatenus
1762 3153 1936 3215 possint,
1954 3163 2024 3198 aut
2043 3153 2200 3200 valeam
2219 3180 2233 3195 .

1385 3214 1448 3260 Ad
1466 3215 1546 3259 hcc
1572 3214 1710 3258 statuit
1725 3214 1919 3259 sanctitas
1952 3216 2031 3257 Sua
2042 3238 2058 3264 ‚
2084 3222 2131 3258 ut
2161 3225 2234 3256 co·

1271 3289 1357 3319 ram
1390 3274 1478 3332 ipsis
1495 3271 1865 3319 conservatoribus
1885 3271 2111 3329 Regulares
2131 3300 2146 3324 ,
2187 3284 2230 3314 ac

1269 3333 1452 3379 Persona
1470 3332 1747 3434 suprascripte
1757 3330 1966 3375 conveniri
1977 3331 2141 3388 quidem
2150 3341 2231 3384 ,aut

1264 3396 1371 3438 trahi
1402 3394 1582 3438 debeant
1608 3420 1623 3446 ,
1670 3390 1719 3437 ed
1751 3389 1853 3434 alios
1884 3389 2106 3434 eonvenite
2121 3417 2136 3441 ‚
2161 3398 2231 3432 aut

1264 3455 1426 3497 trahere
1443 3468 1521 3497 non
1547 3450 1715 3509 poffint,
1746 3449 1803 3493 ita
1819 3457 1864 3494 ut
1881 3450 2093 3493 memorati
2115 3452 2231 3492 Con·

1264 3513 1487 3558 servatores
1503 3513 1543 3555 in
1553 3508 1742 3562 eaufis‚in
1754 3508 1896 3566 quibus
1919 3508 2141 3565 Regularcs
2158 3535 2172 3560 ,
2191 3508 2231 3550 δι

1267 3573 1336 3616 alii
1349 3574 1503 3617 setores
1517 3565 1668 3615 suerint
1679 3593 1694 3619 ‚
1725 3565 1878 3610 nullam
1894 3564 2226 3627 prorsusjurisdi-

1265 3633 1437 3675 &ionem
1456 3632 1627 3674 babeant
1642 3653 1657 3676 ,
1671 3624 1737 3670 sed
1753 3624 1791 3668 in
1807 3624 1851 3668 iis
1869 3627 2025 3671 tantum
2042 3656 2056 3680 ,
2089 3626 2128 3670 in
2142 3625 2229 3683 qui.

1263 3691 1336 3734 bus
1349 3691 1407 3734 rei
1421 3684 1647 3740 extiterint3
1661 3698 1788 3741 neque
1798 3696 1911 3728 extra
1928 3686 1981 3730 ci
1987 3687 2148 3735 vitares,
2161 3685 2226 3729 seu

1268 3747 1476 3793 Dioeeeses
1488 3773 1502 3797 ,
1518 3746 1555 3788 in
1570 3745 1711 3801 quibus
1728 3741 1877 3788 suerint
1891 3744 2078 3802 deputati
2092 3772 2107 3796 ‚
2127 3757 2225 3787 eon·

1271 3820 1332 3854 tra
1349 3806 1621 3866 quoscumque
1636 3799 1854 3860 procedere
1870 3806 2106 3861 presumant
2126 3834 2138 3845 .

1385 3866 1427 3912 Si
1442 3877 1529 3924 quoe
1546 3863 1643 3908 vero
1661 3863 1938 3919 intchudlccs
1955 3861 2226 3911 Conservato-

2108 3934 2171 3964 res
