2444 4192
332 235 452 319 40
462 235 521 319 4

269 369 471 413 Tunicam
485 366 706 419 oblongam
720 388 735 412 ,
747 374 840 401 cum
853 386 868 409 ‚
884 360 949 403 vel
969 361 1056 404 line
1072 357 1251 403 Mantel-

268 428 315 472 lo
343 428 494 485 absque
521 423 787 481 Superiorum
800 418 998 476 praediistae
1019 419 1248 476 Religionis

264 491 475 534 Minorum
502 487 554 529 de
575 479 847 526 observantia
872 481 915 521 δι
930 478 1110 536 cujusvis
1136 478 1249 521 Insti-

265 550 353 593 tuti
392 548 459 590 seu
490 549 579 589 Con
590 539 840 598 gregationis
875 541 1042 584 Ordinis
1068 538 1248 597 ejusdem

268 608 406 652 Sancti
434 603 632 650 francisci
647 599 817 643 licentia
847 599 888 641 in
904 600 1063 657 scriptis
1077 601 1248 643 obtenta

266 662 563 723 quoquomodo
589 657 752 703 deferre
773 658 1015 716 permittant
1028 688 1043 711 ‚
1062 670 1204 715 utque,
1219 660 1247 698 ss

267 726 446 781 aliquem
462 719 744 779 praemifforum
768 716 1095 775 transgrell'orem
1127 731 1245 772 repe·

265 787 415 838 serint,
431 785 546 826 illum
561 779 715 824 carceri
729 778 1063 834 mancipandum,
1074 777 1147 820 tali
1162 779 1247 820 Ha-

265 843 357 887 bitu
371 841 598 886 exuendum
611 866 626 887 ‚
649 840 691 882 δι
719 839 944 881 arbitrariis
976 838 1110 896 poenis
1135 835 1244 878 mul-

267 903 458 944 ctandum
474 897 785 944 irremifibiliter
809 909 980 942 curent:
995 900 1243 953 &praeterea

263 962 415 1005 nemini
432 960 588 1003 licitum
603 959 769 1007 saciant,
777 957 930 1005 etiamfi
945 957 1142 1014 praedictae
1155 956 1243 997 Re-

265 1021 428 1076 ligionis
443 1020 650 1064 Minorum
661 1017 714 1061 de
728 1017 996 1060 Observautia
1013 1046 1029 1068 ‚
1057 1018 1099 1058 δι
1112 1013 1242 1068 eujus-

261 1082 324 1123 vis
338 1079 515 1124 Institnti
531 1076 597 1122 seu
610 1077 962 1134 Congregationis
973 1075 1148 1118 universi
1159 1075 1238 1115 Or-

263 1139 374 1182 dinis
405 1135 635 1195 hujusmodi
662 1139 928 1193 Superiorum
960 1135 1108 1191 scripta
1118 1163 1135 1187 ‚
1167 1129 1238 1176 seu

265 1200 416 1255 quovis
440 1200 523 1242 alio
537 1207 736 1254 praetextu
761 1198 953 1239 roborata
979 1194 1147 1238 licentia
1160 1191 1239 1236 de—

258 1258 379 1315 super
393 1256 615 1310 accesserit,
626 1266 671 1300 ut
688 1256 881 1299 Habitum
895 1251 1128 1311 hujusmodi
1141 1265 1236 1297 cum

293 1317 455 1361 raedie‘to
470 1318 652 1372 Caputio
665 1343 681 1367 ‚
695 1315 759 1359 vel
776 1314 960 1365 Tunicae,
972 1312 1041 1356 seu
1058 1310 1238 1356 Mantel-

257 1333 304 1419 Ε)
319 1404 334 1427 ,
348 1384 394 1418 ut
410 1372 624 1431 prefertur
638 1401 654 1425 ‚
678 1371 852 1416 consuto
862 1371 1068 1424 deferant,
1082 1368 1239 1413 sublata

257 1433 437 1491 ejusdem
452 1432 619 1476 Ordinis
634 1430 1105 1489 superioribus‚ipfisque
1123 1429 1240 1473 loco-

259 1507 351 1538 rum
366 1492 596 1535 Ordinsriis
610 1520 627 1544 ,
648 1506 693 1533 ac
710 1490 882 1533 Nunciis
898 1489 1144 1544 Apostolicis
1156 1513 1172 1535 ‚
1198 1489 1240 1528 δι

261 1566 404 1595 eorum
417 1550 586 1592 cuilibet
608 1549 747 1603 quavis
771 1547 1015 1588 auctoritare
1049 1544 1239 1585 licentias

256 1607 486 1664 hujusmodi
500 1607 691 1662 cuiquam
707 1599 977 1654 concedendi}
991 1615 1041 1645 ac
1053 1601 1234 1648 demum,

257 1666 493 1711 earumdem
521 1675 671 1707 tenore
702 1659 953 1719 presentium
980 1660 1167 1703 volumus
1194 1661 1237 1702 δι

254 1727 511 1775 ordinamus,
525 1724 622 1776 ιη,ῐί
634 1719 933 1780 quispiam-tale
948 1717 1140 1763 deferens
1151 1722 1235 1764 Ca-

254 1780 1234 1905 53.‘¹f².¹.2³..‘.12¹.522¹:..¹'3522‘313552,stitia-:¹:52

254 1903 423 1947 vatione
436 1926 451 1950 ‚
462 1901 504 1943 δι
518 1899 608 1942 alins
622 1899 851 1943 arbitrariis
865 1898 996 1953 poenis
1008 1900 1061 1941 ab
1074 1899 1232 1943 eisdem

253 1959 485 2007 Ordinariis
498 1962 539 2001 Gr
554 1957 723 2002 Nunciis
734 1957 906 1999 omnino
918 1959 1125 2010 puniatur.
1132 1961 1228 2001 Non

253 2019 501 2065 obstantibus
516 2014 895 2059 Constitutionibns
912 2040 928 2063 ,
939 2014 981 2054 &
993 2014 1232 2058 Ordinatio·

255 2080 369 2122 nibus
380 2078 414 2118 A
420 2074 648 2131 pollolicis,
662 2086 710 2114 ac
724 2073 821 2117 dieti
834 2070 1019 2122 Ordinis,
1029 2075 1154 2117 etiam
1170 2072 1232 2131 ju·

254 2147 461 2187 ramento,
479 2130 790 2176 confirmatione
804 2130 1059 2187 Apostolica‚
1075 2132 1142 2177 vel
1155 2133 1234 2177 alia

251 2196 395 2255 quavis
409 2192 603 2237 firmitate
623 2191 825 2237 roboratis
840 2190 1000 2235 statutis
1012 2193 1053 2234 δι
1068 2191 1235 2237 consue-

254 2255 468 2301 tudinibus
480 2279 498 2304 ,
520 2251 749 2310 privilegiis
773 2264 938 2310 quoque
960 2250 1130 2297 indultis
1142 2280 1156 2305 ,
1188 2253 1232 2296 δε

253 2315 407 2362 litteris
422 2311 670 2380 Apostolicis
685 2315 726 2355 in
740 2311 997 2355 contrarium
1012 2310 1231 2368 premisso-

253 2369 1235 2488 2⁰?..22‘3't22‘f'2'2'ffiss25332553mma:

254 2495 392 2539 lorum
406 2490 589 2534 omnium
602 2488 1042 2547 tenores‚proesentibus
1055 2506 1135 2548 pro
1147 2490 1237 2548 ple-

254 2552 310 2597 ne
334 2552 376 2594 δι
402 2546 648 2593 sufficienter
670 2547 861 2605 espreffis
893 2549 1091 2595 habentes
1106 2576 1122 2600 ,
1150 2548 1232 2592 illis

253 2610 353 2655 alias
370 2609 410 2651 in
425 2607 497 2651 suo
516 2608 664 2653 robore
675 2605 968 2665 permansuris.
987 2606 1040 2651 ad
1056 2606 1230 2665 premis·

255 2669 391 2714 sorum
408 2666 595 2710 effectum
609 2666 839 2725 specialiter
852 2667 896 2708 Gt
906 2664 1092 2733 expresse
1104 2667 1230 2711 dero-

256 2739 416 2786 gamus,
431 2726 598 2769 cancris
617 2739 666 2769 ue
678 2722 894 2767 contrariis
906 2724 1229 2793 quibuscunque.

259 2789 320 2832 Ut
345 2796 481 2829 autem
503 2797 529 2840 p
599 2795 712 2829 entes
732 2782 873 2826 nostra·
900 2782 1050 2828 littere
1064 2785 1116 2828 ad
1138 2800 1230 2829 om-

254 2848 484 2900 nium‚quos
496 2842 578 2888 illa
588 2842 1055 2892 concernuutmotitiam
1071 2841 1229 2892 facilius

255 2904 478 2949 deveniant
490 2901 775 2944 &cNolumus
784 2899 1051 2957 autengquod
1065 2902 1229 2946 illarum

255 2962 513 3018 transumptis
538 2960 663 3004 ctiam
676 2959 875 3015 impreffis
887 2985 904 3009 ‚
922 2974 1045 3005 manu
1058 2960 1228 3020 alieuius

257 3021 422 3069 Notarii
441 3019 588 3078 publici
598 3017 835 3076 subscriptis
852 3049 869 3074 ,
882 3021 922 3063 ει
939 3019 1070 3077 tigillo
1084 3020 1227 3079 perso·

255 3098 311 3128 ηε
330 3084 368 3126 in
381 3079 582 3137 dignitate
603 3077 880 3124 aeclesiastica
894 3078 1120 3126 constitute
1140 3096 1227 3127 mu·

256 3142 354 3187 nitis
368 3171 383 3193 ,
397 3140 540 3184 eadem
555 3137 706 3196 ubique
718 3136 817 3183 fides
830 3140 869 3184 in
887 3137 1042 3193 iudicio
1057 3142 1096 3184 δι
1109 3151 1227 3187 estrs

258 3201 362 3245 illud
375 3198 617 3243 adhibeatur
630 3223 645 3247 ‚
658 3210 746 3255 quae
762 3197 851 3255 iplis
869 3198 1134 3255 presentibus
1157 3201 1231 3247 sd-

259 3264 486 3309 bibcretur‚
500 3257 525 3301 ii
541 3255 674 3301 forent
689 3257 880 3301 exhibite
900 3259 967 3302 vel
981 3260 1143 3305 ostensa:
1155 3290 1169 3304 .

378 3322 531 3362 Datum
557 3318 700 3362 Rome
722 3316 827 3374 apud
842 3320 1027 3362 Sanctam
1056 3320 1229 3365 Mariam

261 3378 460 3433 Maiorem
475 3376 547 3422 sub
562 3376 733 3421 Annulo
751 3374 967 3422 Pistoren-
979 3377 1046 3421 die
1060 3381 1228 3425 moeto-

258 3438 342 3482 bri·
360 3452 389 3480 κ
398 3450 517 3481 ocxx
529 3451 554 3481 κ
564 3450 592 3480 v
603 3448 616 3479 t
630 3450 647 3481 s
661 3450 696 3480 ι.
713 3432 962 3482 Pontificstll
971 3450 990 3480 s
1004 3436 1128 3482 nostri
1142 3441 1232 3485 An-

260 3510 318 3541 no
332 3497 501 3538 Decimo
513 3497 626 3539 sesto
638 3524 652 3538 .

320 3614 495 3669 lue-pl.
514 3616 642 3658 Rom
653 3615 880 3676 tnprefflm
900 3618 945 3660 In
961 3614 1230 3674 Arragan.

381 3672 480 3717 ord-
498 3678 707 3715 arnano.
721 3677 947 3721 Documen-
962 3677 1230 3723 Anthentics.

383 3730 486 3778 Fuit
499 3729 550 3779 ὅ
562 3729 643 3773 bae
660 3733 887 3783 constitutio
908 3736 936 3778 ὀ
946 3734 1009 3786 [ἃ.
1023 3749 1096 3779 ute.
1109 3739 1230 3781 Bene·

377 3790 482 3835 aaa
494 3790 599 3834 xm
612 3800 688 3845 prr
702 3792 987 3848 Conllndnelp.
999 3794 1051 3838 ΑΙ
1057 3795 1113 3839 iss
1124 3810 1229 3839 ems·

380 3850 529 3896 nIrunt
543 3862 601 3895 =
623 3850 772 3894 edita·
805 3853 866 3896 16.
882 3852 991 3910 maj}
1024 3864 1150 3910 ¹7²9·
1172 3853 1228 3905 ὰ

822 201 988 290 Sub
1050 198 1369 288 Urbano
1435 197 1735 288 VIII.

1423 357 1628 401 vr'dcndam
1648 363 1693 404 {n
1715 357 1872 403 Bullar.
1897 358 2067 401 Roman.
2088 366 2183 402 tom.
2208 371 2274 404 ιτ..

1412 415 1523 476 fol.3
1530 431 1602 476 94.
1622 421 1741 463 col.2.
1755 414 1986 473 confirmata
2001 446 2014 460 .

1305 659 1676 711 Declarationem
1698 694 1715 717 ,
1760 654 1840 706 seu
1870 651 2275 706 moderationem..

1378 728 1735 781 Constitutionis
1759 728 1882 798 glor.
1897 743 2036 776 mem.
2061 726 2278 777 Clemen-

1373 802 1435 921 ἒῐε
1456 803 1611 852 VIII.
1639 803 1689 852 de
1705 801 1931 870 largitione
1943 815 2152 850 munerum
2165 814 2275 850 cone

1409 885 1530 922 rmat
1546 907 1560 922 .

1303 968 1743 1056 URBANUS
1794 1002 2017 1053 PAPA
2067 1001 2274 1052 v111.

1445 1130 1516 1173 Ad
1536 1138 1776 1186 perpetuam
1797 1134 1860 1175 rei
1871 1132 2099 1175 memoriam
2114 1157 2129 1171 .

1438 1251 1551 1305 Uper
1582 1250 1608 1294 a
1622 1251 1967 1305 congregatione
1977 1248 2274 1293 nonnullorum

1466 1310 1658 1351 Romanae
1677 1307 1815 1351 Curiae
1828 1308 2093 1353 Praelatorum
2103 1337 2118 1361 ,
2133 1320 2275 1351 coram

1298 1367 1456 1411 dilecto
1472 1368 1578 1411 Filio
1596 1367 1731 1410 nostro
1743 1395 1758 1424 ‚
1775 1369 1960 1411 Antonio
1975 1367 2086 1411 tituli
2102 1368 2144 1409 S.
2157 1366 2272 1410 Petri

1300 1426 1352 1468 ad
1384 1427 1560 1469 Vincula
1586 1425 1840 1479 Presbytero
1863 1425 2079 1470 cardinali
2105 1426 2276 1470 S-Onu-

1298 1484 1407 1538 phrii
1432 1492 1674 1537 nuncupato
1698 1507 1715 1530 ‚
1756 1483 1900 1539 Maiori
1931 1482 2276 1532 Poenitentiario‚

1299 1553 1348 1580 ac
1364 1540 1505 1582 nostro
1517 1540 1559 1581 in
1574 1539 1695 1582 Alma
1709 1541 1820 1584 Urbe
1845 1541 2121 1584 Pro-vicario
2145 1540 2186 1583 in
2201 1540 2280 1596 spi-

1300 1597 1520 1642 ritualibus
1547 1597 1748 1641 Generali
1773 1627 1790 1651 ,
1822 1599 1865 1642 δι
1888 1598 2024 1644 nostro
2051 1598 2275 1645 secundum

1296 1671 1462 1702 carnem
1478 1660 1626 1701 Fratre
1647 1660 1865 1702 Germano
1875 1685 1891 1709 ‚
1916 1658 1939 1701 ἑ
1953 1659 2085 1704 Nobis
2100 1659 2274 1716 deputa-

1296 1727 1339 1760 ta
1352 1745 1369 1770 ‚
1382 1718 1586 1761 emanavit
1607 1715 1835 1760 declaratio
1856 1718 2011 1762 tenoris
2036 1715 2275 1776 subsequen.

1295 1777 1351 1821 tis
1364 1802 1381 1827 2
1395 1776 1589 1820 videlicet
1605 1778 1742 1820 :Cum
1756 1776 1869 1820 circa
1894 1777 2274 1834 interpretationem

1293 1836 1607 1881 constitutionis
1631 1833 1703 1879 sel.
1715 1850 1799 1880 rec.
1815 1834 2047 1880 Clementis
2064 1839 2185 1881 VIII.
2202 1837 2274 1881 sub

1293 1894 1380 1940 dat.
1398 1909 1483 1940 χιι
1499 1909 1531 1938 ι.
1551 1894 1641 1940 Kal.
1662 1894 1762 1950 Julii
1777 1893 2045 1939 Pontificatiis
2070 1894 2128 1939 sui
2147 1899 2272 1941 Anno

1295 1955 1458 2006 Tertio,
1475 1957 1538 1996 De
1553 1954 1791 2009 Largitione
1807 1967 2040 2008 munerum,
2054 1955 2276 2012 Regulari-

1295 2015 1371 2056 bus
1397 2011 1605 2069 utriusque
1632 2011 1743 2057 sexus
1767 2012 1983 2058 interdieta
2009 2041 2025 2064 2
2058 2015 2272 2059 nonnulla

1295 2070 1594 2123 difficultates,
1619 2071 1662 2113 δι
1683 2072 1976 2128 ambiguitates
1998 2073 2073 2118 lint
2094 2085 2273 2127 exorte}

1294 2133 1578 2188 congregatio
1605 2129 1834 2186 specialiter
1858 2133 1883 2175 ἆ
1907 2133 2159 2178 83ηᾶὶῶωο
2185 2137 2274 2179 Do·

1294 2190 1408 2233 mino
1441 2190 1576 2233 nostro
1609 2191 1780 2234 Urbano
1822 2192 1976 2236 Divina
2010 2194 2276 2238 Providentia

1293 2251 1404 2304 Papa
1417 2250 1538 2292 VIII.
1554 2261 1696 2292 coram
1715 2249 2039 2294 Eminentiffimo
2055 2252 2270 2296 cardinali

1295 2311 1339 2352 S.
1357 2308 1561 2365 Onuphrii
1588 2306 1740 2363 Maiori
1758 2308 2069 2355 Poenitentiario
2083 2341 2101 2364 ,
2121 2325 2168 2356 sc
2187 2314 2271 2356 Ur-

1291 2368 1356 2411 bis
1382 2367 1656 2411 Pro·Vicario
1681 2367 1878 2425 deputata
1893 2395 1908 2417 s
1931 2370 2177 2415 austeritate
2197 2368 2268 2414 fibi

1295 2428 1496 2471 attributa
1508 2425 1734 2471 declaravit
1749 2456 1766 2481 ‚
1777 2429 1819 2471 δι
1831 2426 2015 2472 declarat
2030 2458 2045 2483 ,
2060 2442 2226 2475 munera
2243 2430 2268 2475 i

1295 2486 1512 2543 Religiofis
1535 2483 1748 2544 utriusque
1774 2484 1888 2531 l‘exus
1908 2489 2035 2533 tribui
2052 2486 2188 2547 poffe,
2215 2501 2264 2533 ex

1293 2546 1414 2590 causis
1440 2544 1731 2602 gratitudinis,
1752 2542 2054 2592 conciliationis
2080 2549 2263 2592 benevo-

1293 2604 1457 2656 lentiae,
1480 2602 1644 2661 ejusque
1669 2602 1996 2649 conservationis
2022 2620 2069 2650 er
2139 2605 2265 2665 ipsam

1291 2662 1551 2719 Religionem
1562 2688 1578 2712 ,
1594 2662 1657 2707 vel
1669 2667 1937 2723 conventum
1953 2691 1968 2716 ‚
1982 2666 2052 2709 alii
2074 2679 2123 2710 ve
2136 2665 2264 2711 saulis

1289 2736 1339 2767 ex
1352 2719 1409 2764 sui
1427 2733 1575 2767 natura
1587 2725 1720 2767 actum
1737 2723 1901 2767 virtutis
1911 2749 1927 2774 ‚
1955 2725 1998 2767 δι
2012 2725 2146 2769 meriti
2159 2739 2265 2769 con-

1290 2781 1515 2826 tinentibus
1527 2809 1543 2834 ‚
1573 2780 1753 2825 modeste
1768 2790 1920 2830 tamen,
1932 2795 1980 2826 ac
1993 2781 2170 2829 discrete
2185 2813 2199 2837 ,
2221 2786 2263 2829 δε

1290 2840 1520 2885 dummodo
1546 2840 1586 2882 id
1609 2853 1689 2884 non
1704 2838 1802 2891 fiat,
1827 2840 1899 2886 nili
1922 2840 1976 2885 de
1990 2844 2260 2901 superiorum

1292 2898 1486 2943 localium
1516 2898 1707 2950 licentia,
1733 2913 1781 2944 ac
1795 2900 1920 2945 etiam
1941 2914 2036 2946 cum
2064 2902 2261 2948 conlensu

1288 2957 1455 3028 majoris
1470 2959 1602 3017 partis
1621 2959 1881 3014 Conventus,
1895 2958 1922 3005 fi
1941 2960 2035 3005 talis
2047 2959 2262 3008 consensus

1286 3020 1340 3062 de
1352 3031 1470 3075 jure,
1497 3017 1564 3063 vel
1595 3031 1646 3062 ex
1661 3019 2046 3072 constitutionibus,
2070 3019 2134 3067 seu
2156 3035 2259 3067 con-

1291 3076 1315 3121 s
1309 3077 1570 3123 uetudinibus
1583 3076 2008 3137 cuiusqueReligionis
2019 3078 2256 3139 respuente,

1291 3137 1330 3182 in
1346 3135 1565 3194 hujusmodi
1577 3137 1731 3183 calibus
1749 3139 1993 3198 requiratur.
2008 3140 2256 3185 Consentiam

1289 3199 1392 3243 vero
1415 3195 1658 3243 Conventus
1684 3198 1723 3241 in
1737 3199 1774 3250 ξ.
1797 3212 1838 3256 3.
1853 3195 2034 3255 ejusdem
2049 3197 2256 3243 Constitu-

1288 3258 1414 3302 tionis
1429 3256 1479 3301 sd
1495 3256 1648 3302 leviora
1662 3257 1865 3302 esculenta
1878 3285 1896 3310 ,
1917 3267 1987 3301 sut
2003 3256 2223 3313 poculenta
2236 3288 2252 3314 ,

1289 3316 1355 3362 seu
1373 3316 1423 3361 ad
1436 3316 1700 3362 devotionem
1712 3345 1730 3371 ,
1755 3318 1797 3362 δι
1809 3314 2107 3373 religiositatem
2123 3318 2230 3372 perti
2236 3344 2254 3354 -

1291 3379 1432 3422 nentis
1444 3375 1676 3423 munustuls
1687 3374 1892 3433 largienda
1899 3373 1982 3419 &c-
1998 3373 2250 3431 requisitum,

1291 3435 1470 3494 intelligi
1496 3435 1647 3482 debere
1670 3434 1725 3480 de
1745 3431 1935 3479 consensu
1958 3431 2055 3477 slits
2079 3434 2134 3478 de
2162 3435 2250 3493 jure

1291 3494 1509 3556 requisito,
1521 3498 1557 3541 δι
1574 3494 1640 3540 ubi
1652 3492 1861 3541 concurrit
1883 3493 2117 3539 ambitionis
2130 3492 2253 3554 suspi.

1290 3556 1357 3601 cio
1372 3588 1388 3611 ,
1413 3569 1492 3614 qus
1515 3554 1717 3607 cell'aute,
1733 3552 1863 3598 necin
1881 3552 1941 3596 his
1954 3553 2107 3610 requiri
2124 3554 2250 3600 lices·

1290 3619 1390 3663 riam
1404 3615 1666 3673 superiorum
1682 3611 1722 3657 in
1734 3609 1810 3656 scri
1842 3612 1894 3656 tis
1922 3615 1959 3657 in
1974 3613 2056 3669 Μ.
2068 3611 2249 3671 ejusdem

1292 3674 1412 3720 Bulla·
1437 3671 1696 3731 requistum,
1719 3668 1784 3716 sed
1824 3670 1986 3717 ufficere
2011 3672 2247 3726 licentiam,

1288 3736 1409 3781 etiam
1423 3742 1614 3778 oretenus
1628 3729 1781 3775 eisdem
1792 3730 2010 3776 concessam
2024 3762 2040 3785 ‚
2053 3731 2248 3778 declarat.

1287 3788 1608 3838 Comeisstiones
1625 3800 1759 3834 autem
1773 3820 1787 3843 ,
1814 3792 2144 3847 compotationes
2160 3819 2175 3846 ‚
2205 3793 2247 3836 δι

1286 3850 1470 3898 convivia
1495 3850 1530 3894 in
1552 3850 1826 3908 excipiendis,
1842 3850 2057 3908 proesertim
2082 3851 2250 3953 Beetncfaet-

2145 3924 2192 3952 ο.
