2444 4192
850 153 1150 240 §abest

218 304 346 351 etiam
362 296 499 344 invitis
535 295 610 339 suis
639 295 921 350 Superioribus
948 299 1159 342 detinent.

241 364 349 412 §.ao-
363 357 499 412 Aliqui
514 359 614 400 vero
633 356 830 398 bonorum
842 352 1157 407 ipsorumFratrsi

1214 157 1359 239 JUo
1426 150 1526 237 b<
1943 185 2106 266 259

1221 302 1426 349 liederus,
1443 295 1752 341 contradicente
1765 295 1974 352 Episcopo,
1989 306 2175 355 praedica-

1220 355 1306 399 tion
1314 358 1344 396 is
1357 355 1535 398 officium
1553 352 1810 394 interdicitur
1823 382 1838 404 ,
1859 359 2173 403 Mendicanrium

214 429 417 472 tamquam
431 416 479 456 ad
499 428 567 457 eos
584 443 600 467 ,
628 413 654 456 fi
669 411 779 457 extra
796 409 966 454 claustra
983 412 1162 457 defuncti
1221 411 1422 453 Ordinum
1438 412 1597 451 Fratres
1612 409 1867 461 hujusmodi,
1891 416 2082 465 quandofi
2098 418 2172 459 suis

204 471 385 523 fuerint,
409 473 668 532 spectantium
683 467 944 527 poffeffionem
959 483 1160 526 occupare
1219 466 1483 512 Generalibus
1497 493 1514 515 ,
1547 466 1609 508 vel
1638 480 1777 508 eorum
1799 469 1988 511 Ministris
2008 473 2176 513 Provin-

206 533 499 591 praesumant,&
512 532 560 575 ad
575 530 763 574 Habitum
780 526 1002 582 Religionis
1015 541 1154 573 revere

204 591 252 635 fis
266 591 329 633 sua
342 593 448 634 bona
463 591 692 647 contignare
701 586 864 631 nolunt.

228 652 298 702 §.a
309 663 341 692 1.
356 653 418 692 Ac
434 651 558 693 etiam
571 647 740 691 uniones
748 644 878 687 §Sede
891 642 1157 701 predicta2aut

202 709 298 753 alias
325 709 405 752 rire
433 708 549 751 factas
573 706 626 752 de
650 702 851 750 beneficiis
874 702 1155 746 Ecclesiasticis

201 767 429 825 impediunt
447 794 461 816 ‚
474 770 512 810 &
532 766 600 810 fibi
616 763 782 809 relaxari
806 761 958 806 debere
982 762 1154 811 volunt,

200 828 241 925 ξι
255 827 572 870 contradictores
587 821 1003 870 excommunicationis
1015 821 1153 877 gladio

221 895 355 927 eriunr
368 915 381 928 .

218 944 332 993 §.22.
349 943 431 986 Alii
449 942 771 1000 verbRegulares
783 953 991 998 campanas
1006 938 1149 984 diebus

197 999 353 1046 festivis
367 1003 523 1059 pulsare
537 1031 552 1055 ,
582 1001 648 1046 vel
671 1001 815 1045 eodem
829 1010 1012 1057 tempore
1027 1026 1043 1051 ,
1066 1014 1151 1056 quo

199 1061 271 1117 ipsi
286 1060 518 1109 celebrant,
533 1061 662 1104 Miffas
673 1058 875 1103 celebrare
887 1058 1037 1102 nolunt
1052 1084 1066 1099 .

222 1120 477 1177 §.Q-Aliqui
491 1120 611 1161 etiam
629 1132 704 1173 pro
717 1118 880 1162 licentia
891 1117 1024 1162 danda
1037 1115 1153 1174 edifi-

194 1180 313 1220 candi
328 1178 539 1235 quamdam
557 1176 1152 1232 Domum-Regularem,trigin-

194 1243 236 1277 ta
250 1264 264 1287 ‚
295 1238 359 1280 vel
386 1235 650 1292 quadraginta
676 1234 850 1278 ducatos
873 1234 1035 1291 exigere
1066 1248 1150 1277 non

192 1295 450 1340 erubuerunt
461 1322 475 1333 .

218 1353 418 1407 §.aedui
434 1351 532 1396 vero
551 1364 624 1395 eos
640 1357 894 1394 mortuorum
907 1364 1080 1406 corpora
1092 1351 1150 1394 as·

193 1410 347 1456 sociare
361 1440 378 1465 ,
397 1411 466 1455 alii
481 1420 616 1455 autem
632 1409 726 1455 illos
740 1424 829 1454 cum
844 1410 1030 1454 Parocho
1043 1409 1148 1452 simi-

191 1469 245 1513 lia
262 1484 417 1516 munera
430 1467 560 1513 subire
573 1484 656 1513 non
675 1470 919 1525 permittunt
932 1495 947 1518 s
974 1467 1040 1511 nisi
1067 1482 1148 1514 rna-

194 1527 258 1584 jor
272 1529 574 1574 canonicorum
589 1542 678 1584 pars
689 1528 956 1572 intervenerit
967 1555 981 1569 .

219 1588 414 1639 §.as-Alii
430 1590 527 1632 vero
538 1586 750 1630 mortuorii
769 1585 900 1631 officia
913 1587 954 1629 in
971 1585 1150 1642 Regula-

191 1646 295 1689 rium
311 1645 496 1690 Ecclefiis
513 1646 647 1702 peragi
661 1646 803 1688 nolunt
819 1673 834 1696 ,
850 1644 918 1687 nifi
933 1659 1025 1687 cum
1044 1644 1147 1700 ipso·

190 1719 277 1750 runi
306 1704 505 1762 praesentia
519 1730 532 1753 ,
557 1706 597 1747 δι
623 1702 793 1760 ipsorum
821 1703 1019 1747 Monialcs
1032 1731 1047 1754 ,
1080 1702 1147 1746 vel

193 1763 295 1808 alias⁴
305 1764 491 1821 personas
507 1790 521 1815 ,
546 1761 698 1806 etiamsi
714 1763 754 1804 in
767 1776 903 1805 earum
919 1760 1062 1807 funere
1080 1763 1149 1803 Pa·

193 1823 341 1875 rochus
362 1822 610 1866 intervenire
639 1835 719 1866 non
749 1822 918 1865 deberet
934 1849 949 1871 ‚
980 1820 1150 1876 sepelire

193 1881 412 1936 prohibent
424 1907 440 1932 ,
465 1879 531 1923 nisi
556 1879 622 1936 ipfi
650 1882 834 1924 Parocho
863 1879 972 1936 priris
989 1891 1149 1925 certum

188 1938 291 1993 quid
302 1936 480 1983 ,solutum
494 1936 614 1980 fuerit
625 1949 642 1988 ;
654 1939 694 1979 δι
715 1937 739 1980 fi
754 1938 926 1992 aliquem
941 1938 1008 1994 ipfi
1026 1937 1150 1982 scive-

195 1997 278 2039 rint
292 1995 599 2052 inRegular-ium
614 1995 796 2039 Ecclefiis
810 1995 1052 2050 sepulturam
1068 1996 1154 2038 ele·

195 2053 293 2111 giss'e
307 2083 321 2107 ,
333 2069 448 2104 mm,
459 2064 502 2097 ut
514 2052 671 2097 dieitur
686 2081 700 2104 ,
711 2067 789 2096 non
809 2063 899 2096 ante
910 2053 959 2096 ad
976 2054 1067 2096 illas
1081 2053 1153 2098 de·

194 2113 305 2156 fer-re
331 2115 383 2156 flu
391 2122 488 2163 unt,
521 2114 638 2167 quam
668 2112 716 2154 ad
746 2113 917 2155 Parochi
936 2111 1151 2155 Ecclesiam

193 2171 376 2214 delatum
387 2198 400 2221 ,
416 2169 594 2225 inibique
602 2167 778 2211 officium
793 2172 1000 2222 peneum
1014 2169 1152 2212 suerit.

215 2228 240 2278 ὕ
260 2227 538 2272 26.Postrema
554 2226 649 2268 verb
665 2225 870 2270 testameta
883 2227 964 2269 fine
982 2227 1151 2280 Presby-

189 2296 374 2330 terorurn
389 2283 594 2340 prasentia
608 2280 692 2327 fieri
707 2285 938 2339 prohibent,
954 2285 995 2328 δι
1009 2284 1033 2325 fi
1049 2285 1147 2338 quid

187 2342 557 2403 ipsisRegularibus
574 2342 759 2386 relietum
775 2342 912 2393 fuerit,
925 2342 964 2384 id
980 2342 1143 2386 asseren-

187 2413 254 2448 tes
261 2415 409 2447 contra
416 2400 591 2446 concilii
608 2401 833 2447 Tridentini
847 2404 1034 2447 Canones
1047 2402 1143 2455 effe,

184 2476 382 2508 revocare
396 2461 560 2505 omnino
576 2471 795 2518 procurant
809 2491 823 2504 .

286 2525 366 2566 Ac
378 2532 591 2577 propterea
624 2520 806 2566 volentes
834 2520 1027 2577 praemiffis
1047 2551 1063 2574 ,
1096 2534 1141 2565 ac

187 2580 277 2625 aliis
286 2580 474 2624 fimilibus
493 2577 708 2623 exceffibus
721 2606 737 2629 ι,
766 2583 803 2624 δι
817 2581 1112 2636 gravaminibus
1125 2610 1142 2632 ,

183 2653 234 2684 ex
247 2641 370 2683 nostri
385 2638 592 2696 pastoralia
604 2637 727 2681 officii
742 2640 888 2683 debito
904 2640 1141 2695 providere,

183 2699 434 2742 attendentes
459 2697 579 2741 etiam
604 2697 806 2754 illoa‚qui
829 2713 932 2743 onus
946 2700 1026 2742 diei
1054 2730 1069 2751 ,
1102 2702 1142 2742 &

183 2758 295 2801 estus
305 2776 320 2807 ·‚
334 2766 416 2799 tam
434 2755 474 2797 in
491 2754 843 2810 pradicationibus
856 2784 872 2807 ‚
884 2760 1006 2812 quam
1022 2760 1059 2801 in
1074 2774 1140 2802 ce-

181 2812 568 2870 teris-spiritualibus
580 2815 809 2868 nannai-ibus
832 2815 1016 2870 quotidie
1030 2817 1142 2860 susti-

95 2911 109 2930 ,q
183 2884 284 2918 nent
298 2901 312 2924 ,
333 2870 403 2915 nili
423 2871 544 2913 etiam
560 2870 842 2928 aliquantisper
859 2870 1113 2919 subleventur
1127 2902 1144 2927 ‚

182 2931 303 2978 facile
320 2931 406 2974 sore
418 2957 433 2981 ‚
449 2940 492 2972 ut
507 2929 677 2985 oppressi
703 2929 726 2973 ἃ
743 2929 813 2974 suis
825 2930 963 2976 officiis
978 2935 1143 2978 omnino

182 2990 261 3036 defi
268 2992 363 3034 stant
377 3015 394 3040 ,
425 3002 476 3031 ne
489 2989 527 3030 in
534 2988 732 3043 posterum
750 2990 806 3033 eis
815 2989 978 3046 aliquod
993 2989 1142 3036 infera-

101 3065 107 3070 ·
178 3060 252 3093 tur
265 3047 680 3105 gravamen2Concilii
695 3049 923 3092 Tridentini
937 3049 1139 3104 hujusmo-

183 3107 228 3152 di
237 3108 400 3151 decreta
411 3132 426 3156 ,
438 3119 608 3164 quorum
624 3104 739 3158 falsa,
753 3109 816 3152 feu
830 3108 958 3151 minus
973 3122 1064 3151 vera
1076 3109 1138 3152 in·

185 3164 410 3222 telligentia
428 3163 609 3221 praemiffa
627 3163 1138 3222 irrepserunt,quorumque

187 3222 412 3268 declaratio
424 3238 501 3266 non
515 3224 585 3264 nisi
598 3223 650 3266 ad
665 3228 755 3268 Nos
771 3226 932 3282 spoliat,
945 3225 1086 3279 modo,
1100 3228 1141 3269 δε

185 3279 321 3327 bruna
337 3281 591 3340 infrascriptis
604 3282 846 3328 declaranda
860 3283 1085 3328 censuimus
1096 3314 1110 3328 .

194 3346 207 3364 ”·
216 3335 474 3404 ’·“ἢᾷηκοηιω
501 3340 779 3388 declarationes
803 3344 859 3387 ad
870 3342 1081 3400 prepostta

236 3409 246 3427 =‡
258 3405 321 3459 μ(
338 3413 359 3446 ς.
383 3416 394 3434 x
434 3432 438 3437 ,
519 3405 782 3456 gravamina.

220 3452 572 3523 {das-Nosigirur
584 3461 704 3505 Motu
722 3459 1049 3517 proprio,nonad
1063 3458 1140 3505 ali·

191 3514 559 3566 cuimnstantiams
589 3517 654 3563 sed
678 3519 731 3564 de
754 3535 863 3564 mera
874 3519 1139 3563 deliberatio·

189 3581 243 3610 ΠΕ
256 3570 329 3635 ’.δι
337 3585 385 3613 ex
394 3583 502 3617 certa
515 3576 677 3620 scientia
695 3579 842 3623 nostris
855 3605 869 3628 ,
898 3593 944 3621 ac
961 3580 1012 3622 de
1028 3578 1140 3631 Apo·

191 3625 338 3668 st0¹¹c³
363 3632 560 3682 Westffls
600 3635 852 3691 plenitudine
888 3637 1137 3680 declaramus

193 3687 407 3727 Canonem
417 3687 586 3741 seffionis
600 3707 671 3749 ²4·
687 3712 723 3740 c.
735 3709 775 3749 4.
791 3709 864 3751 per
878 3710 996 3752 quem
1007 3694 1135 3736 omni-

189 3743 262 3801 bus
278 3742 538 3847 Βῗῗὲἷᾶῗῗυε
551 3777 567 3802 ,
579 3754 701 3810 etiam
714 3754 757 3798 in
768 3752 926 3799 suorum
941 3752 1026 3798 Ord
1032 3752 1142 3796 inum

1216 525 1406 572 cialibus,
1434 524 1484 566 ad
1512 522 1550 564 id
1564 525 1748 579 deputati
1763 523 1937 575 fuerint,
1961 541 2040 568 non
2062 543 2177 570 com-

1213 584 1461 639 prehendere
1476 610 1492 634 ,
1515 596 1644 639 neque
1658 597 1727 626 eos
1756 583 1916 628 afficere
1941 583 2074 640 posse,
2108 587 2178 628 im·

1216 657 1284 684 mo
1300 641 1506 692 volumus,
1532 642 1640 698 quod
1666 645 1703 685 in
1720 643 1792 686 suis
1807 643 1991 686 Ecclesiis
2006 670 2019 691 a
2049 658 2176 698 quan-

1214 700 1268 745 do
1279 701 1334 742 eis
1348 701 1734 755 placuerit,licire‚&
1747 702 1890 758 absque
1905 702 1992 745 ullo
2009 701 2177 757 impedi-

1214 770 1351 803 mento
1363 788 1377 811 ,
1396 760 1460 804 vel
1475 761 1815 810 contradictione,
1827 763 1949 805 eriam
1965 760 2170 817 Episcopi,

1212 819 1280 862 nisi
1311 817 1390 874 ipse
1405 819 1674 874 praedicaverit
1689 851 1704 872 ,
1730 822 1946 875 pra-dicare
1960 819 2102 876 poffint
2119 849 2131 860 .

1238 878 1303 928 Ad
1321 893 1360 922 2-
1392 877 1518 939 Qod
1535 881 1630 922 vero
1643 879 1681 920 in
1698 879 1858 924 seffione
1876 893 1942 935 23.
1956 892 2064 928 c.i5.
2091 878 2174 921 cir-

1208 953 1254 981 ca
1264 935 1528 984 confeffiones
1543 936 1841 993 assegularibus
1855 944 1934 982 non
1949 937 2169 982 audiendas

1207 996 1409 1047 statuitur,
1422 997 1497 1038 hoc
1514 998 1635 1038 etiam
1650 997 1850 1043 diciorum
1863 998 2062 1042 ordinum
2080 998 2172 1039 Fra·

1211 1063 1294 1100 tres
1307 1083 1322 1105 ,
1339 1053 1362 1097 ἃ
1376 1053 1545 1111 praefatis
1561 1055 1637 1101 suis
1652 1057 1920 1100 Generalibus
1933 1082 1946 1106 ‚
1966 1057 2031 1099 vel
2048 1054 2173 1099 Mini-

1214 1116 1300 1158 stris
1318 1114 1644 1160 Provincialibus
1659 1144 1673 1167 ‚
1701 1117 1750 1159 ad
1780 1116 1998 1159 audiendas
2013 1111 2173 1160 conses-

1214 1176 1342 1219 fiones
1365 1172 1568 1229 utriulque
1594 1173 1707 1218 sexus
1735 1174 2069 1218 Chrillifidelium
2095 1186 2171 1228 ap·

1211 1235 1404 1288 probatos
1419 1261 1433 1283 ,
1446 1242 1490 1274 ut
1504 1234 1766 1288 praemittitur
1780 1262 1795 1286 ,
1808 1234 1971 1276 minime
1985 1245 2174 1287 compre-

1211 1292 1362 1334 hendat
1384 1319 1399 1340 ,
1426 1291 1524 1333 itaut
1550 1290 1572 1334 ἓ
1602 1290 1908 1338 confeffionibus
1935 1291 2171 1340 audiendis,

1210 1358 1292 1391 tam
1307 1350 1413 1394 intra
1428 1363 1568 1392 eorum
1586 1351 1847 1401 Ecclefias,ac
1864 1351 2034 1397 Demos,
2048 1350 2170 1404 quam

1208 1418 1340 1458 extra,
1355 1406 1518 1451 minime
1529 1410 1834 1462 prohibeantur,
1850 1408 1965 1465 super
1981 1410 2058 1451 hoc
2084 1407 2174 1450 lite-

1209 1481 1271 1511 ras
1288 1464 1357 1509 fel.
1373 1463 1530 1509 record.
1548 1467 1659 1510 Pauli
1674 1469 1788 1522 Papae
1808 1470 1826 1509 1
1835 1470 1885 1511 V.
1901 1468 2047 1519 ,etiam
2068 1466 2172 1508 1²1ae-

1209 1525 1419 1570 decefforis
1432 1524 1582 1576 nostri,
1609 1527 1885 1570 concedentes
1908 1526 2055 1569 eisdem
2073 1527 2173 1570 Fra—

1210 1583 1887 1641 tribusMendicantibusRegularis
1904 1585 2172 1629 Observantiae

1210 1641 1318 1699 poffe
1329 1642 1591 1687 confeffiones
1615 1643 1857 1688 fiecularium
1885 1644 2140 1701 personarum
2156 1668 2170 1689 a

1210 1701 1618 1755 etiaminfirmarum,
1645 1705 1763 1746 eriam
1780 1716 1894 1747 extra
1915 1707 2096 1754 Demos,
2132 1703 2171 1743 δι

1214 1764 1454 1805 Monaileria
1472 1763 1532 1805 sua
1547 1791 1561 1813 ‚
1589 1764 1622 1803 ει
1642 1762 1812 1807 ubilibet
1830 1753 2000 1814 audire‘,
2027 1774 2173 1817 appro-

1213 1821 1346 1864 bando
1358 1847 1374 1870 ‚
1386 1824 1426 1866 δι
1443 1821 1496 1863 de
1511 1834 1620 1863 noro
1634 1822 1901 1865 concedendo
1921 1847 1932 1859 ·
1950 1821 2174 1864 statuimus

1210 1881 1334 1922 eriam
1349 1908 1363 1929 ,
1379 1878 1487 1935 quod
1503 1878 1574 1921 ille
1592 1908 1606 1930 ,
1622 1880 1688 1935 qui
1713 1879 1834 1922 semel
1851 1881 1887 1921 in
1902 1894 1977 1922 una
1997 1875 2173 1920 Dioecefi

1212 1938 1395 1980 admistus
1418 1952 1487 1991 per
1505 1938 1741 1994 Episcopum
1768 1938 1890 1980 suerit
1906 1967 1921 1989 ,
1945 1935 2098 1992 semper
2129 1937 2171 1976 in

1212 1997 1352 2037 eadem
1373 1995 1541 2038 Dioecefi
1561 1997 1755 2041 habeatur
1772 2011 1847 2052 pro
1871 1995 2034 2040 admisso
2050 2022 2065 2046 ,
2094 2007 2172 2037 nec

1215 2052 1381 2105 amplius
1396 2053 1638 2101 examinari,
1668 2054 1734 2098 vel
1751 2055 1990 2110 prasentarii
2003 2054 2041 2095 in
2065 2052 2171 2095 dieta

1212 2111 1383 2153 Dioecesi
1406 2110 1550 2157 debeat
1565 2139 1581 2161 ,
1605 2118 1685 2152 tam
1707 2111 1839 2166 quoad
1868 2111 2174 2164 pradicationes

1214 2168 1431 2219 faciendas,
1446 2169 1566 2222 quim
1581 2169 1714 2221 quoad
1731 2166 1993 2213 confeffiones
2007 2168 2172 2211 audien·

1212 2228 1282 2267 das
1295 2254 1308 2274 ,
1323 2241 1395 2268 nec
1408 2225 1561 2281 aliquid
1578 2240 1652 2281 pro
1667 2226 1863 2282 praedietis
1877 2228 2008 2282 exigi,
2027 2227 2171 2271 velte.

1209 2284 1288 2338 cipi
1302 2283 1447 2331 debeat
1466 2314 1478 2328 .

1235 2341 1299 2386 Ad
1317 2358 1354 2399 3.
1370 2339 1630 2387 Confeffores
1646 2345 2087 2400 veroMonialium‚que
2103 2343 2171 2387 dc-

1205 2412 1304 2458 gunt
1317 2403 1386 2445 sub
1399 2402 1765 2459 curachularium
1781 2406 1831 2446 ab
1844 2405 2062 2450 Ordinatio
2074 2418 2169 2448 exa·

1206 2463 1346 2505 minari
1376 2464 1562 2505 nolumus
1577 2490 1592 2512 ,
1637 2462 1972 2516 quemadmodum
1999 2477 2164 2517 nequ&

1203 2522 1325 2564 etiam
1344 2524 1517 2570 Fratres,
1533 2521 1556 2562 si
1571 2520 1740 2563 debeant
1754 2520 1893 2563 audire
1908 2519 2169 2564 eonfeffiones

1203 2580 1374 2625 aliorum
1395 2580 1817 2628 fratrum,examinari
1832 2579 1985 2623 debent
2003 2610 2011 2619 .
2029 2582 2170 2622 Lecto-

1203 2655 1266 2685 res
1278 2641 1435 2695 insuper
1447 2653 1496 2682 ex
1512 2637 1659 2682 eisdem
1678 2638 1883 2684 fratribus
1895 2641 1956 2687 ,δι
1971 2641 2011 2680 in
2027 2640 2166 2680 Theo-

1202 2700 1312 2755 logia
1337 2699 1521 2755 graduati
1547 2726 1562 2749 ,
1591 2698 1660 2754 qui
1687 2712 1777 2740 curn
1808 2698 1974 2741 licentia
2001 2696 2162 2738 suorum

1203 2760 1466 2814 Superiorum
1480 2756 1530 2801 ad
1546 2754 1876 2812 gradumadmiffi
1891 2754 2060 2806 suerint,
2073 2768 2167 2798 cum

1204 2816 1257 2860 dc
1272 2817 1443 2871 ipsorum
1458 2818 1644 2860 doctrina
1669 2815 1957 2870 ambigendum
1979 2828 2060 2857 non
2094 2813 2164 2866 fit,

1204 2885 1284 2919 tam
1306 2874 1567 2919 consessiones
1593 2874 1796 2920 audituri,
1827 2877 1947 2926 quim
1974 2872 2166 2928 pradica-

1203 2936 1325 2979 tionis
1338 2949 1482 2978 munus
1496 2932 1669 2977 subituri
1684 2957 1699 2981 ,
1714 2930 1765 2974 ab
1779 2930 1985 2987 Episcopis
1999 2930 2163 2975 minime

1201 2993 1481 3037 examinentur
1494 3022 1506 3033 .

1229 3053 1293 3094 Ad
1309 3065 1350 3104 4.
1378 3050 1535 3106 Ipfique
1547 3046 1841 3092 Christifideles
1856 3049 2161 3092 Sacramentum

1198 3110 1450 3154 Eucharistiae
1475 3108 1497 3164 (
1514 3107 1829 3154 Resurrec‘tionis
1859 3107 2077 3149 Dominicae
2102 3104 2161 3153 fe·

1198 3168 1376 3214 stivitate
1402 3168 1613 3210 dumtaxat
1639 3166 1845 3222 excepta)
1872 3163 2060 3215 sumere,
2088 3164 2162 3206 eis·

1199 3242 1278 3283 que
1309 3226 1413 3271 illud
1438 3228 1595 3271 Fratres
1626 3223 1851 3279 huiusmodi
1898 3223 2160 3266 administrari

1201 3285 1389 3334 valeant,
1414 3299 1486 3328 nec
1513 3286 1563 3327 ad
1592 3283 1694 3328 illud
1717 3282 1943 3326 faciendum
1968 3280 2160 3336 pei-loco·

1199 3358 1288 3388 rum
1313 3342 1572 3391 ordinarios,
1596 3352 1664 3398 aut
1681 3342 1951 3385 Ecclefiarum
1966 3341 2163 3393 Rectores

1200 3400 1413 3457 praefaros,
1442 3399 1509 3444 seu
1533 3400 1635 3444 alios
1661 3399 1931 3456 quoscumque
1953 3398 1975 3454 <
1994 3398 2158 3441 illorum

1197 3461 1365 3511 licentia⁴
1379 3460 1540 3502 minime
1568 3457 1791 3516 requisita)
1815 3460 1937 3502 etiam
1967 3454 2037 3500 sub
2061 3471 2157 3502 cen-

1197 3518 1294 3562 suris
1319 3518 1626 3568 Ecclefiasticis,
1655 3518 1697 3558 δι
1723 3516 1809 3560 aliis
1838 3516 1968 3572 poenis
1985 3543 2001 3567 ,
2031 3517 2155 3571 cogi,

1198 3579 1264 3621 vel
1288 3576 1484 3630 compelli
1501 3575 1644 3629 poffiut
1660 3603 1672 3624 ‚
1705 3575 1771 3618 seu
1799 3575 1972 3624 debeant
1988 3600 2002 3621 ‚
2033 3575 2152 3616 etiam

1197 3635 1475 3681 decernimus,
1489 3635 1528 3678 δι
1543 3632 1815 3679 declaramus.
1849 3636 1901 3676 Et
1918 3633 2011 3676 licet
2032 3633 2070 3673 in
2086 3627 2152 3671 ses-
2236 3657 2245 3673 2

1197 3693 1305 3739 fione
1319 3704 1386 3741 25.
1402 3707 1494 3747 cap.
1514 3705 1578 3736 12.
1591 3703 1782 3739 caveatur
1798 3721 1811 3744 ,
1825 3693 1934 3749 quod
1949 3690 2121 3735 censurae
2137 3713 2151 3734 ι

1200 3755 1240 3812 βε
1252 3751 1461 3796 interdicta
1478 3749 1748 3856 Ecclelfigllgicza
1759 3779 1774 3802 ,
1786 3753 1908 3796 etiam
1932 3753 1955 3795 ὲ
1969 3749 2151 3845 ¹33me
