2444 4192
426 139 585 245 178

1022 133 1185 224 Sub
1247 134 1484 226 Sixto
1535 135 1579 223 I
1598 138 1699 229 V.

1377 297 1492 342 nibus
1528 301 1584 343 ad
1608 299 1826 345 Concilium
1864 295 2142 340 Tridentinum
2168 292 2316 351 dssur-
2331 304 2371 334 2·

1378 372 1535 401 num-2.
1551 361 1684 412 dixit,
1715 360 1756 402 id
1786 359 1971 401 futurum
1997 354 2074 398 effe
2090 355 2368 409 maximopere

1373 416 1636 471 proficuum,
1669 431 1784 468 tum,
1816 425 1860 458 ut
1892 414 2113 470 Episcopus
2138 413 2364 470 perspee‘tas

1372 477 1525 518 habeat
1552 476 1772 532 opiniones
1796 474 1980 515 omnium
2011 473 2174 516 suorum
2191 466 2362 515 Confes-

1371 532 1571 576 sariorum
1600 563 1615 585 ,
1649 545 1736 575 tum
1754 561 1768 584 ‚
1783 540 1831 574 ut
1847 531 2046 586 quantum
2073 532 2255 585 poffibile
2279 530 2334 572 est
2348 557 2364 580 2

1373 593 1588 637 uniformis
1621 592 1667 633 s1t
1694 588 2052 633 Confeffariorum
2080 591 2262 633 doe'trina
2288 591 2360 632 in„

1376 654 1547 695 materia
1562 663 1726 693 morum
1743 676 1756 697 a
1772 650 1813 691 &
1831 649 2038 705 signanter
2049 653 2332 692 contractuum
2343 677 2360 699 ,

1377 713 1416 752 in
1434 726 1512 766 qua
1529 710 1624 765 saepe
1636 709 1776 765 saepius
1790 707 1995 762 Theologi
2011 706 2198 750 diffident
2211 710 2234 750 ὲ
2251 708 2360 750 The-

1373 770 1511 826 ologis
1526 798 1540 820 ,
1552 771 1591 811 &
1607 773 1630 813 a
1645 768 1878 811 Canonistis
1896 781 1908 809 :
1931 766 2073 823 quibus
2095 765 2189 807 addi
2207 766 2354 822 poffet,

1376 828 1641 872 collationem
1660 829 1766 872 hanc
1786 828 1970 869 omnium
2002 823 2352 868 Confeffariorum

1377 898 1460 930 tam
1476 877 2152 943 saeculariurss‚quachgularium
2169 883 2354 927 futuram

1377 945 1456 990 effe
1481 961 1563 990 non
1595 947 1785 990 inutilem
1813 960 1891 1000 pro
1914 947 2142 988 animorum
2171 945 2352 992 unione,
2430 963 2443 978 ο

1376 1006 1487 1062 juxta
1500 1019 1650 1061 ea‚quae
1665 1006 1868 1048 habentur
1890 1005 1928 1048 in
1945 1003 2043 1046 aclis
2061 1002 2250 1045 Ecclefiae
2267 1006 2359 1045 Me-

1375 1064 1618 1108 diolanenfis
1631 1072 1736 1106 tomo
1760 1077 1794 1106 ι.
1808 1073 1932 1120 parte
1945 1076 1988 1116 4.
2004 1062 2046 1103 in
2060 1061 2237 1118 instrubl'.
2258 1065 2360 1103 Con—

1366 1122 1467 1183 feff
1470 1133 1570 1180 pag.
1583 1125 1685 1177 647·
1707 1122 1809 1166 Ideo
1826 1120 2101 1180 Regularium
2116 1122 2360 1176 Superiores

1377 1181 1639 1226 Conseffores
1657 1183 1744 1225 suos
1756 1182 1892 1239 saepius
1909 1191 2121 1232 moneant,
2134 1181 2174 1222 δι
2186 1180 2236 1223 ad
2254 1180 2358 1223 hanc

1377 1243 1608 1286 animorum
1625 1241 1817 1285 unionem
1832 1241 1872 1284 in
1884 1240 2088 1286 Fidelium
2103 1237 2360 1296 edificatione

1379 1302 1675 1354 adhortentur,
1688 1312 1927 1358 curentque
1942 1301 1984 1344 in
1999 1301 2139 1357 primis
2154 1327 2169 1351 ,
2183 1308 2244 1349 ut,
2258 1300 2357 1341 dum

1379 1363 1419 1404 in
1432 1361 1593 1406 casuum
1613 1359 1862 1405 resolutione
1880 1359 2038 1404 diversa
2062 1359 2168 1401 inter
2198 1371 2267 1400 eos
2281 1383 2296 1405 2
2314 1358 2356 1399 δι

1378 1422 1587 1466 Parochos
1602 1419 1804 1469 sententia
1820 1419 1943 1463 fuerit
1957 1448 1974 1471 ,
1989 1416 2210 1475 prudenter
2228 1417 2266 1458 in
2282 1429 2353 1459 eos

1375 1479 1415 1522 se
1433 1489 1578 1536 gerant
1590 1505 1605 1528 2
1619 1481 1656 1521 8<
1670 1478 1720 1521 ad
1736 1479 1940 1522 laicorum
1966 1477 2156 1521 notitiam
2177 1475 2216 1517 id
2234 1488 2351 1519 non.»

1375 1544 1530 1590 veniat,
1539 1536 1608 1579 sed
1624 1537 1675 1580 ad
1699 1540 1787 1580 Nos
1803 1553 1879 1595 pro
1897 1537 2103 1581 decisione
2120 1545 2352 1578 recurrant.

1494 1597 1706 1654 Negativae
1721 1607 1894 1642 econtra
1919 1594 2059 1640 favent
2076 1594 2261 1653 opinioni
2281 1609 2326 1638 ea
2341 1623 2356 1648 ,

1375 1670 1462 1713 quae
1486 1655 1716 1714 sequuntur
1739 1670 1756 1710 ς
1783 1657 1916 1713 primo
1933 1682 1948 1705 ‚
1983 1654 2094 1712 quod
2131 1650 2349 1709 Episcopus

1374 1714 1721 1760 Confeffariorum
1739 1715 2006 1772 Regularium
2019 1713 2246 1756 doctrinam
2262 1726 2354 1769 per-

1371 1774 1547 1833 speelam
1563 1773 1712 1819 habere
1725 1775 1856 1832 potest
1880 1775 1923 1817 in
1938 1773 2148 1824 examine,
2172 1771 2286 1825 quod
2303 1771 2354 1814 ii-

1371 1836 1507 1879 lorum
1532 1834 1870 1892 approbationem
1886 1832 2078 1890 praecedit
2092 1857 2106 1880 ‚
2139 1831 2191 1873 ad
2207 1831 2349 1872 termi-

1370 1909 1446 1937 nos
1461 1899 1551 1940 Sac.
1566 1894 1744 1938 Concilii
1765 1893 1999 1936 Tridentini
2001 1890 2124 1951 fili-2
2131 1904 2150 1944 3
2162 1918 2173 1931 .
2185 1898 2272 1944 cap.
2284 1900 2350 1940 15.

1371 1954 1419 1996 de
1446 1951 1666 2004 Refhrmat.
1694 1950 1890 1994 Secundo
1907 1979 1923 2001 ,
1949 1948 2060 2006 quod
2094 1947 2134 1989 in
2166 1948 2351 1993 Decretis

1370 2024 1450 2066 pro
1463 2010 1755 2053 reformatione
1779 2009 2061 2065 Regum-ium,
2082 2006 2202 2050 editis
2219 2007 2239 2050 ἑ
2254 2007 2354 2051 Cle·

1373 2079 1511 2113 mente
1526 2069 1647 2112 vlu.
1662 2069 1931 2125 praescribitur
1945 2098 1959 2122 ,
1988 2066 2099 2126 quod
2127 2067 2166 2109 in
2187 2067 2353 2124 singulis

1370 2128 1627 2172 Monasseriis
1642 2156 1656 2180 ,
1682 2130 1723 2171 δι
1745 2129 2034 2172 Conventibus
2065 2126 2180 2171 bisin
2195 2127 2353 2171 hebdo-

1371 2187 1492 2230 mada
1519 2188 1715 2230 habeatur
1733 2187 1855 2229 leelio
1872 2190 2001 2230 Sacrae
2019 2187 2241 2239 Scriptura
2255 2215 2271 2238 ,
2286 2183 2350 2228 vel

1373 2243 1533 2289 casuum
1549 2241 1835 2294 conscientie,
1864 2245 1914 2288 ad
1946 2258 2066 2302 quam
2082 2246 2244 2287 Fratres
2259 2257 2350 2286 om-

1371 2318 1442 2348 nes
1463 2304 1689 2350 convenire
1704 2314 1925 2357 tenentur-3
1953 2303 2101 2348 Tertio
2118 2332 2133 2356 ,
2155 2304 2267 2362 quod
2285 2304 2351 2347 hic

1370 2364 1412 2407 in
1429 2365 1544 2411 Urbe
1558 2391 1574 2416 ,
1601 2362 1641 2406 in
1655 2362 1799 2407 decem
1815 2364 1857 2406 ἃ.
1877 2364 2030 2419 septem
2059 2364 2350 2407 Conventibus

1370 2421 1470 2467 fiunt
1497 2424 1851 2480 Congregationes
1875 2422 2040 2466 casuum
2067 2422 2324 2467 conscientiae
2339 2450 2353 2476 ‚

1368 2481 1528 2540 illisque
1543 2483 1823 2527 interveniunt
1839 2483 2013 2526 Parochi
2029 2481 2320 2527 tantummodo
2337 2510 2351 2535 ,

1365 2544 1407 2585 δι
1422 2538 1665 2585 Confeffarii
1692 2556 1741 2585 cx
1755 2543 1886 2587 Clero
1901 2541 2091 2587 Saeculari
2107 2569 2122 2592 ·,
2146 2544 2187 2585 8ι
2209 2543 2349 2598 Regu·

1365 2602 1476 2645 lares
1502 2625 1517 2650 2
1553 2602 1592 2644 in
1626 2614 1804 2657 quorum
1833 2601 2123 2645 conventibus
2151 2601 2348 2658 predicta:

1365 2659 1526 2704 casuum
1563 2659 1757 2704 ieetiones
1789 2660 1994 2703 habentur
2020 2671 2036 2712 3
2062 2659 2229 2719 Qartb
2256 2669 2348 2702 tan-

1364 2719 1459 2764 dem
1471 2745 1485 2768 2
1502 2719 1612 2776 quod
1628 2720 1679 2762 ab
1695 2721 1769 2763 hac
1787 2721 1909 2763 Sacra
1928 2719 2262 2775 congregatione
2281 2719 2350 2763 die

1372 2792 1432 2823 ra.
1451 2779 1549 2835 Maii
1574 2779 1695 2831 1685.
1721 2778 1782 2821 uti
1811 2778 1984 2822 habetur
2010 2776 2082 2820 ab.
2099 2780 2262 2822 Decret.
2279 2790 2347 2835 35·

1352 2836 1429 2895 fol·
1447 2841 1548 2896 238.
1573 2837 1727 2895 prodiit
1757 2839 1835 2881 hoec
1850 2836 2050 2881 resolutio
2080 2836 2119 2880 in
2133 2837 2348 2896 quadam-a

1364 2899 1480 2943 causa
1508 2895 1894 2954 Forosempronien.
1924 2894 2117 2941 Accessiis
2158 2898 2209 2941 ad
2233 2897 2347 2942 Con-

1363 2961 1650 3017 gregationem
1667 2952 1829 3001 casuum
1850 2953 2106 3000 conscientiae
2118 2985 2130 2999 .

1452 3090 1801 3185 Episcopus
1835 3092 2100 3182 exponit
2134 3093 2201 3157 in
2235 3089 2344 3155 Ci-

1362 3187 1553 3256 vitate
1593 3183 2173 3276 Forosempronien.
2213 3183 2343 3250 duo

1361 3279 1561 3349 adeste
1582 3280 1978 3389 Regularium
1999 3277 2340 3356 Coenobia,

1362 3399 1558 3443 unum
1580 3371 1809 3442 scilicet
1826 3373 2150 3439 Minorum
2166 3376 2342 3438 Con-

1360 3468 1744 3537 ventualium
1767 3470 1822 3533 S.
1846 3472 1894 3534 F
1902 3465 2175 3544 rancisci,
2196 3468 2341 3533 alte-

1361 3587 1497 3631 rum
1519 3568 1671 3630 vero
1694 3560 2177 3638 Barnabitarum‚
2206 3585 2339 3653 quae

1363 3672 1622 3748 propter
1656 3657 1948 3746 exiguum
1997 3655 2338 3744 Religioso·

1365 3773 1503 3817 rum
1540 3772 1872 3817 numerum
1916 3748 2070 3817 inibi
2107 3751 2337 3836 degen-

2159 3852 2279 3891 uum,
