2444 4192
777 226 942 308 Sub
1000 227 1315 313 ‘Urbano
1385 228 1473 313 V
1490 226 1534 310 I
1562 223 1604 306 l
1636 223 1689 305 l.

264 379 683 438 URBANUS
736 377 954 425 PAPA
1020 383 1214 428 VIII.

406 497 476 541 Ad
483 504 721 553 perpetuam
739 492 799 536 rei
813 491 1036 536 memoriam
1049 522 1062 535 .

409 618 523 671 Uper
541 630 618 672 pro
631 620 746 673 parte
759 610 996 654 diletstorum
1020 606 1215 650 Filiorum

259 616 391 730 N
424 678 740 718 Procuratorem
782 667 1049 716 Generalium·
1090 666 1215 708 Ordi-

256 747 354 776 num
372 732 710 784 praedicatorum,
725 735 764 776 S·
777 725 1001 778 francisci,
1019 726 1059 767 &
1080 727 1213 767 Beatae

254 792 396 836 Mariae
423 791 476 834 de
502 794 643 836 Monte
655 787 851 836 Can-melo
871 785 1210 830 Disealceatorum

257 857 579 907 nuncupatorum
596 851 724 894 Nobis
736 848 956 904 expolitum
979 844 1082 908 fuit,
1102 841 1216 900 quod

254 909 352 953 alias
366 912 389 953 εὶ
406 909 711 952 venerabilibus
728 907 936 951 Fratribus
957 903 1101 946 nostris
1115 906 1216 945 San-

254 970 322 1009 &ae
336 969 528 1011 Romanas
549 967 732 1011 Ecclefiae
758 963 1042 1010 cardinalibus
1056 987 1072 1010 s
1086 961 1217 1006 Sacris

251 1025 416 1070 Ritibus
444 1026 660 1083 praepofitis
684 1056 700 1080 ,
727 1025 932 1068 emanavit
960 1022 1216 1065 Decretum„

255 1088 414 1129 tenoris
434 1086 638 1142 sequentis
662 1115 678 1137 ,
711 1084 900 1128 videlicet
929 1096 940 1124 :
983 1079 1220 1136 instantibus

258 1144 585 1189 procuratoribus
614 1143 866 1186 Generalibus
891 1140 1049 1185 Ordinis
1073 1138 1219 1181 predi-

260 1211 438 1244 catorum
452 1231 467 1255 ‚
492 1207 533 1245 S.
559 1201 764 1256 Francis&
791 1229 805 1253 ,
836 1205 875 1243 s.
901 1200 1138 1255 Augustini,
1166 1198 1222 1247 ὠ·

254 1258 601 1316 Discalceatorum
640 1260 947 1301 carmelitarum
994 1257 1219 1297 declarari:

256 1317 399 1364 Primo
412 1345 429 1371 ,
451 1320 514 1360 An
528 1317 645 1359 liceat
660 1318 820 1359 Curam
835 1342 850 1366 ‚
867 1315 996 1371 salvis
1010 1312 1218 1366 corumju.

253 1374 362 1420 ribus
379 1373 694 1422 Parocblalt‘bus,
719 1373 905 1426 impedire
926 1381 1063 1414 contra
1084 1375 1215 1412 volan.

254 1444 382 1479 tatem
398 1435 607 1480 Haeredum
621 1431 892 1490 &fumorum
907 1457 921 1479 ‚
946 1444 992 1472 ne
1006 1429 1211 1485 Regulares

257 1495 389 1538 vocati
403 1489 579 1548 adsumes
591 1499 749 1546 corpora
758 1487 849 1549 defu
854 1489 1029 1532 nfiorum
1038 1489 1092 1529 ad
1101 1487 1219 1544 quast

257 1549 317 1596 τίς
346 1550 524 1607 ecclosias
537 1548 741 1605 deferenda
764 1549 846 1591 und
869 1560 953 1590 cum
974 1545 1147 1588 Parocbt‘s
1169 1545 1218 1593 θ’

258 1606 749 1668 Clericisprocaffionalitcr
769 1606 949 1665 ffca'ent
965 1633 977 1646 .
994 1607 1046 1648 Et
1067 1605 1116 1646 ad
1136 1606 1212 1645 hoc

256 1671 346 1713 Sac.
364 1671 454 1711 Rit.
469 1667 753 1724 congregatio
779 1665 1011 1720 respondit:
1044 1665 1214 1719 Regula-

255 1727 372 1772 resin
386 1725 481 1784 casta
487 1725 687 1782 proposito
701 1736 775 1765 non
791 1722 895 1780 poffl-
910 1720 1092 1773 impediri
1108 1734 1122 1763 ε
1147 1729 1214 1762 se-

257 1785 422 1838 cundo,
441 1782 698 1842 Anpraedim
712 1783 854 1824 Curari
870 1779 1012 1836 poffint
1037 1790 1219 1837 coget-2³

258 1844 461 1896 Har-edes,
471 1842 539 1898 stu
557 1847 778 1887 Exacutores
808 1841 1114 1895 testamentaria
1128 1868 1143 1890 ,
1172 1848 1220 1881 ut

256 1913 332 1961 pro
364 1900 567 1953 Defunfls't
583 1929 597 1953 ,
621 1905 689 1957 qui
715 1901 966 1942 tumulantur
991 1902 1034 1940 ln
1051 1897 1220 1954 ecclesiis

262 1959 547 2018 Regularium,
574 1959 617 2002 in
629 1958 717 2018 fiais
746 1956 913 2014 Ecclestls
942 1956 1221 2000 Parocbialt'bur

261 2017 454 2064 celebrari
470 2018 637 2078 faciant
663 2017 893 2060 novennaua
918 2015 966 2063 do*
990 2014 1222 2070 anniversa·

260 2082 329 2126 ria
344 2108 359 2132 ,
378 2087 507 2135 prout
526 2076 774 2120 celebrantur
805 2077 849 2117 in
867 2073 1034 2118 Ecclesia
1052 2073 1223 2129 Regula-

263 2138 372 2183 rt‘um
389 2165 406 2190 ,
428 2136 472 2181 in
487 2136 625 2193 quibus
640 2133 845 2180 cadavera
859 2130 1112 2190 stpeliuntur
1130 2160 1142 2173 .
1170 2134 1222 2173 Et

261 2200 354 2242 Sac.
369 2196 456 2239 Rit.
474 2194 752 2249 Congregatio
764 2190 997 2245 respondit:
1015 2192 1104 2232 Non
1115 2188 1222 2246 pff

262 2266 394 2312 cogere
408 2280 422 2294 .
441 2252 521 2294 Dia·
534 2264 600 2307 23.
621 2251 768 2307 Aprilis
792 2249 893 2305 1633
905 2277 919 2290 .

380 2312 488 2356 Cum
527 2319 661 2356 autem
685 2336 701 2361 ,
738 2307 835 2352 ficut
858 2306 1000 2351 eadem
1027 2305 1223 2364 expolitio

262 2369 526 2426 subiungebat
541 2397 555 2422 ,
568 2369 662 2412 dieti
679 2370 939 2424 Exponentes
955 2396 970 2419 ,
1001 2370 1224 2410 Decretum

264 2429 540 2489 praeinsettum
566 2426 806 2484 Apostolicae
830 2426 972 2470 noflrae
1010 2423 1226 2469 confirma-

264 2490 385 2534 tionis
415 2489 566 2535 robore
585 2485 825 2531 communiri
853 2484 1102 2540 summopere
1123 2480 1225 2525 defi-

265 2550 415 2593 derent
427 2577 442 2601 ,
457 2550 572 2596 Nos,
599 2545 691 2587 illos
715 2542 946 2600 specialibus
963 2542 1170 2587 favoribus
1185 2542 1226 2582 δι

295 2606 403 2650 ratiis
424 2604 610 2662 prosequi
625 2603 808 2648 volentes
822 2628 836 2652 ‚
861 2615 1079 2658 eorumque
1096 2603 1226 2656 (ingu-

283 2678 370 2711 ares
382 2663 569 2722 personas
590 2663 612 2706 ὲ
625 2662 830 2720 quibusvis
849 2662 925 2704 Sec.
944 2659 1147 2704 absolutas
1167 2657 1226 2701 fo-

267 2739 322 2769 re
333 2721 573 2775 censentes,
586 2719 944 2777 supplicationibus
965 2721 1135 2764 illorum
1154 2731 1229 2761 no·

268 2781 381 2831 mine
407 2781 535 2826 Nobis
560 2777 676 2834 super
695 2780 774 2822 hoc
799 2779 1007 2822 humiliter
1032 2776 1229 2834 porcean

270 2839 472 2891 inclinati,
487 2842 708 2882 Decretum
723 2835 1015 2892 praeinsertum,
1029 2834 1230 2891 Apostoli-

274 2912 322 2942 ει
352 2896 591 2941 auctoritate
614 2904 757 2938 tenore
770 2893 1021 2950 praesentium
1036 2893 1231 2949 approba·

274 2969 366 3001 mus
396 2957 439 2999 δι
463 2951 741 3003 confirmamus
770 2979 785 3004 ,
814 2951 954 3009 illique
986 2951 1231 2995 inviolabilis

276 3014 517 3073 Apostolicae
542 3010 744 3061 firmitatis
771 3011 895 3055 robur
913 3009 1150 3064 adjicimus,
1184 3024 1230 3052 ac

277 3087 420 3123 omnes
434 3073 472 3116 δι
488 3070 658 3126 fingulos
673 3078 755 3112 tarn
767 3067 859 3123 juris
872 3097 888 3121 ‚
921 3071 1042 3126 quim
1062 3069 1152 3112 sacti
1165 3069 1235 3111 de-

282 3128 408 3179 fectus
423 3160 438 3183 ,
451 3130 476 3173 fi
492 3129 558 3187 qui
572 3129 739 3185 desuper
751 3128 1042 3172 intervenerint
1052 3153 1068 3175 a
1083 3126 1235 3183 supple-

281 3207 392 3242 mus.
423 3192 696 3233 Decernentes
726 3190 944 3230 Decretum
973 3183 1237 3242 praefatum,

271 3262 440 3298 necnon
464 3247 620 3290 litteras
634 3244 843 3302 praesentes
857 3245 991 3288 valida
1006 3273 1020 3296 ,
1030 3245 1146 3286 firma
1158 3245 1239 3286 διε.

283 3302 378 3354 Non
395 3306 638 3351 obstantibus
653 3307 734 3348 διε.
748 3303 943 3347 Volumus
962 3311 1114 3353 autem,
1129 3302 1240 3358 quod

287 3365 535 3422 prestariam
548 3363 807 3419 transumptis
819 3363 894 3406 ἃς.
925 3361 951 3405 fi
982 3361 1117 3405 forent
1130 3363 1242 3406 exhi·

293 3423 384 3468 bita·
395 3422 463 3468 vel
477 3423 657 3468 ossensae.
961 3463 964 3466 ,
1024 3463 1028 3466 .

405 3481 710 3534 Datum-Rornae
730 3479 838 3538 apud
862 3483 1045 3524 Sanaam
1073 3479 1240 3524 Mariam

297 3537 494 3593 Maiorem
506 3541 751 3587 sub-Annulo
777 3538 991 3583 piscatoris
1007 3538 1073 3581 die
1088 3551 1150 3580 xx.
1168 3541 1240 3595 Ju-

296 3596 352 3640 nii
365 3608 648 3655 -quncxxxttn
687 3596 946 3643 Pontificatfis
974 3597 1096 3641 nostri
1119 3600 1241 3640 Anno

299 3657 473 3712 Decimo
487 3681 500 3696 .

351 3771 454 3818 Bau.
465 3746 568 3814 ora.
582 3752 703 3819 ΜΔ.
721 3784 839 3822 mm
848 3791 882 3819 1.
883 3776 1043 3836 flass-

355 3926 359 3930 .
411 3892 449 3934 T
444 3901 511 3931 om.
522 3891 584 3934 111.

1280 378 1493 431 Abusum
1524 374 1728 427 Habiti'ls
1765 374 2104 428 Tertiariorum
2145 385 2242 432 Or.

1348 448 1465 495 dinis
1496 450 1544 495 S.
1577 448 1628 494 P.
1657 442 1881 492 Francisci
1913 448 2124 511 reprobat
2148 484 2163 505 ,
2192 451 2242 502 ὃς

1346 517 1563 564 locorum
1589 514 1882 568 Ordinarios,
1899 512 1947 562 ἃ
1968 515 2091 562 sedis
2122 524 2241 582 Apo-

1344 583 1511 633 stolicae
1531 586 1734 634 Nuntios
1753 619 1769 641 ,
1787 601 1841 631 ne
1855 602 2131 651 quenquam,
2149 584 2246 634 abs-
2308 591 2312 595 '

1342 671 1428 720 que
1482 656 1662 704 licentia
1708 658 2008 721 Superiorum
2041 655 2246 722 praedicti

1345 724 1537 775 Ordinis
1571 728 1615 774 in
1643 722 1819 791 scriptis
1837 724 2026 775 obtenta
2045 761 2059 780 ,
2097 726 2243 776 Habi-

1346 809 1448 845 tum
1475 799 1644 864 pariter
1669 797 1934 863 praedifium
1956 793 2130 846 deferre
2147 813 2248 863 per-

1341 866 1599 925 mittant,&
1616 884 1670 916 ne
1684 867 2133 933 cuiquamHabitum
2149 883 2248 934 pot·-

1346 937 1473 987 tandi
1505 956 1613 988 cum
1645 942 1849 1006 Caputio
1877 940 2108 987 licentiam
2141 946 2249 987 coni

1346 1008 1510 1058 cedant
1524 1044 1540 1067 ,
1554 1010 1783 1066 hortatur,
1802 1027 1853 1057 ac
1869 1005 2121 1058 deferentes
2148 1024 2248 1057 car-

1348 1080 1463 1129 ceris
1490 1079 1750 1130 detentione
1769 1114 1784 1138 ,
1804 1078 2003 1130 Habitus
2029 1079 2247 1147 privatio-

1350 1151 1475 1200 tione
1490 1186 1506 1209 ,
1523 1148 1709 1220 aliisque
1728 1153 1875 1220 poenis
1890 1149 2141 1200 arbitrariis
2163 1164 2249 1218 pu-

1348 1224 1434 1271 niri
1446 1221 1581 1286 jubet
1596 1259 1610 1273 .

1279 1361 1710 1416 URBANUS
1768 1366 1993 1412 PAPA
2048 1362 2247 1411 VIII.

1418 1487 1506 1533 Aa
1516 1483 1710 1546 suturam
1731 1490 1793 1534 rei
1819 1492 2049 1534 memoriam
2065 1518 2078 1531 .

1403 1606 1481 1647 Um
1497 1632 1512 1655 ‚
1544 1602 1644 1647 ficut
1662 1604 1833 1649 dileetus
1856 1609 1976 1652 Filius
2001 1610 2252 1651 Procurator

1417 1664 1635 1706 Generalis
1651 1665 1823 1709 Ordinis
1841 1670 2026 1710 Fratrum
2047 1667 2253 1708 Minorum

1282 1722 1498 1778 Regularis
1514 1722 1789 1768 Observantiae
1807 1727 1936 1770 Sancti
1949 1724 2149 1770 Francisci
2167 1727 2257 1767 No·

1281 1782 1341 1823 bis
1359 1795 1487 1836 nuper
1510 1783 1658 1836 exponi
1670 1776 2052 1842 'fecit,quamplures
2081 1783 2256 1825 abuten-

1283 1850 1342 1883 tes
1374 1841 1531 1883 Habitu
1562 1844 1748 1883 Fratrum
1783 1844 2070 1886 Tertiariorum
2087 1841 2253 1883 Ordinis

1282 1898 1460 1955 ejusdem
1490 1900 1624 1943 Sancti
1655 1900 1859 1943 Francisci
1874 1928 1889 1950 ‚
1916 1899 1983 1943 vel
2000 1900 2257 1954 [implicem-2

1286 1959 1485 2000 Tunicam
1510 1958 1737 2011 oblongam
1764 1972 1855 2001 cum
1872 1959 2105 2008 Mantello,
2132 1958 2258 2000 velst-

1285 2028 1334 2057 nc
1348 2028 1401 2057 eo
1414 2013 1559 2069 absque
1572 2016 1832 2067 superiorum
1848 2016 2045 2072 predicte
2061 2015 2255 2072 Religio-

1286 2073 1346 2115 nis
1374 2071 1536 2114 licentia
1564 2070 1745 2115 defernnt
1760 2100 1774 2122 ,
1798 2076 1863 2117 vel
1894 2075 2014 2118 etiam
2046 2073 2101 2114 eis
2117 2077 2258 2129 Capu.

1285 2132 1387 2175 tium
1401 2140 1472 2174 sut
1489 2132 1650 2174 Tunicae
1665 2132 1892 2187 adjunctum
1910 2160 1925 2183 ‚
1948 2142 2019 2176 aut
2048 2131 2116 2188 ipfi
2142 2134 2259 2182 Man-f

1287 2190 1390 2234 tello
1417 2188 1626 2233 consutum
1644 2191 1910 2245 superaddant
1926 2219 1941 2243 ‚
1970 2204 2253 2249 eorumquu

1285 2247 1471 2292 nonnulli
1486 2257 1603 2292 extra
1620 2249 1805 2294 Claustra
1822 2252 2014 2308 degentes
2038 2261 2124 2294 tum
2141 2251 2255 2293 scan-

1285 2306 1426 2351 dalose
1442 2335 1457 2358 ,
1490 2308 1531 2349 δι
1559 2309 1792 2363 importune
1819 2309 1888 2352 sub
1918 2310 2046 2367 specie
2073 2309 2257 2368 peregri-

1287 2366 1466 2410 nationis
1479 2395 1494 2419 ,
1505 2376 1574 2410 aut
1591 2367 1758 2412 alterius
1771 2370 2018 2413 emendicati
2036 2365 2255 2426 praetextt'is

1285 2427 1544 2482 divagemur,
1557 2437 1643 2470 tum
1656 2428 1776 2471 etiam
1792 2428 1943 2486 aliquas
1959 2428 2158 2473 Ecclefias
2188 2425 2258 2470 seu

1287 2485 1477 2540 Capenas
1494 2515 1509 2539 ,
1529 2486 1682 2529 adscito
1697 2487 1765 2531 fibi
1784 2488 2053 2532 Eremitarum
2067 2487 2228 2531 nomine
2241 2512 2257 2535 2

1288 2545 1467 2588 incolant
1482 2573 1497 2597 ,
1518 2544 1744 2602 exindeque
1772 2548 1944 2590 maxima
1960 2547 2065 2603 apud
2097 2545 2256 2587 saeeula-

1287 2616 1350 2646 res
1362 2601 1537 2647 scandali
1555 2608 1720 2649 materia
1732 2637 1747 2658 ‚
1770 2608 1811 2648 δι
1830 2621 1956 2664 prava*
1969 2604 2174 2661 opinionis
2190 2617 2257 2647 er-

1290 2677 1341 2719 ga
1357 2661 1580 2717 prodieram
1596 2664 1852 2721 Religionem
1876 2668 2101 2722 ingeratur,
2130 2662 2260 2708 Nobis

1290 2722 1705 2837 ffiffsszi‘ffissiississ
1713 2735 1930 2836 {33:²²3}ss
1943 2723 2263 2827 Ξῖἳίἱῖἷέἑέἓῖ

1289 2838 1399 2881 dis&
1414 2836 1609 2882 scandalis
1635 2852 1913 2896 opportunum
1938 2843 2108 2899 aliquod
2126 2854 2263 2884 reme-

1291 2896 1402 2939 dium
1428 2897 1619 2940 adhibere
1659 2898 1712 2939 de
1739 2900 1987 2954 benignitate
2024 2900 2260 2955 Apostolica

1292 2952 1582 3011 dignaremur.
1615 2959 1704 2999 Nos
1727 2956 1849 3010 igitur
1871 2957 2042 2999 eundem
2066 2962 2264 3000 Procura-

1295 3023 1429 3057 torem
1456 3015 1700 3058 Generalem
1731 3014 1967 3070 specialibus
1993 3014 2197 3057 favoribus
2221 3016 2262 3057 δι

1297 3073 1438 3128 gratiis
1457 3073 1644 3128 prosequi
1660 3072 1842 3115 volentes
1854 3099 1870 3122 ‚
1885 3075 1925 3115 δι
1937 3076 1961 3118 ὲ
1976 3073 2177 3130 quibusvis
2191 3087 2263 3115 ex-

1295 3132 1698 3180 communicationis,
1731 3130 2008 3188 suspensionis,
2032 3133 2071 3173 &
2090 3132 2262 3174 interdi-

1294 3189 1345 3231 &i
1358 3217 1373 3241 ,
1387 3188 1550 3246 aliisque
1564 3188 1850 3234 Ecclefiasticis
1864 3191 2069 3234 sententiis
2089 3217 2103 3239 ,
2118 3191 2263 3234 censu-

1298 3248 1383 3299 ris,
1414 3249 1452 3289 &
1469 3248 1739 3304 poenisajur'e
1766 3251 1827 3293 vel
1862 3252 1913 3292 ab
1938 3252 2099 3293 homine
2126 3250 2263 3306 quavis

1300 3306 1507 3351 occasione
1524 3309 1587 3351 vel
1606 3306 1722 3351 causa
1736 3309 1827 3351 latis
1841 3338 1857 3360 ,
1890 3311 1917 3350 fi
1929 3311 2075 3366 quibus
2090 3322 2263 3364 quomo-

1298 3365 1458 3408 dolibet
1475 3367 1688 3410 innodatus
1700 3368 1831 3412 existit
1847 3397 1862 3419 ,
1890 3369 1939 3410 ad
1954 3367 2138 3410 effeetum
2168 3380 2265 3424 prae·

1299 3423 1473 3468 sentium
1485 3425 1698 3469 dumtaxat
1713 3427 2038 3482 consequendum
2054 3455 2067 3477 ,
2084 3428 2263 3469 haran„

1302 3481 1402 3524 serie
1427 3485 1677 3528 absolventes
1704 3488 1741 3528 8(
1756 3485 1980 3529 absolutum
1997 3484 2084 3528 fore
2103 3484 2263 3528 censen-

1302 3551 1363 3583 tes
1378 3570 1393 3592 ,
1420 3542 1640 3597 hujusmodi
1672 3543 2021 3599 supplicationibus
2052 3542 2263 3592 inclinati,

1302 3600 1498 3642 Omnibus
1514 3603 1553 3642 δι
1567 3601 1726 3657 lingulis
1752 3603 1934 3645 locorum
1948 3603 2175 3646 Ordinariis
2188 3628 2202 3650 ‚
2216 3613 2261 3640 ac

1302 3657 1627 3702 nostris&Sedis
1658 3661 1903 3715 Apostolicae.
1927 3664 2098 3706 Nunciis
2130 3658 2259 3702 ubivis

1304 3717 1523 3761 Terrarum
1536 3718 1764 3762 constitutis
1777 3722 1818 3763 δε
1829 3720 2065 3776 degentibus
2082 3746 2097 3768 ,
2120 3726 2262 3758 tenore

1306 3776 1554 3833 praesentium
1577 3777 1750 3822 districte
1782 3781 2053 3835 praecipiendo
2095 3771 2262 3815 manda-

1305 3849 1394 3880 mus
1403 3862 1418 3888 ³
1431 3850 1484 3882 ne
1497 3835 1549 3879 de
1570 3846 1718 3882 caetero
1740 3853 1976 3894 quemquam
1999 3833 2259 3930 praedii-tam..

1722 3900 1757 3940 Ε
1773 3913 1795 3941 e
1809 3913 1832 3939 e
1861 3909 1883 3937 2
2157 3901 2204 3928 Π·
