2444 4192
699 222 861 307 Sub
924 217 1324 307 Benediffo
1384 223 1478 306 X
1491 222 1535 304 I
1554 222 1654 308 V.

201 373 311 415 cirea
331 371 527 416 Moniales
551 371 776 429 Episcopo,
789 371 852 413 stu
868 372 1084 414 Ordinatio
1105 371 1164 412 lo-

200 431 238 472 ci
254 429 438 485 subjectas
454 457 469 480 a
485 431 634 486 abipso
658 429 879 472 Ordinatio
903 429 1076 482 praestari
1090 427 1162 469 de-

200 489 290 531 bet.
303 490 425 547 Qod
449 500 581 532 autem
597 486 649 530 ad
662 487 748 528 illas
763 487 960 542 pertinet,
978 498 1063 541 quae
1078 487 1159 526 Re·

202 547 404 601 gularium
425 547 610 603 regimini
630 543 823 592 subsunt,
846 543 897 586 ad
917 541 1159 598 Regularem

200 606 419 649 Praelatum
443 605 646 661 pertinet,
671 600 832 645 servatis
845 599 1042 643 servandis
1055 629 1072 650 ,
1089 613 1158 654 pe-

201 665 395 706 culiarem
418 662 511 719 ipfis
526 661 720 705 destinare
732 656 1012 702 Confessarium
1026 670 1075 699 ex
1087 671 1158 710 ap-

200 723 381 780 probatis
404 722 454 764 ab
470 719 693 764 Ordinatio
704 719 751 761 ad
767 714 1040 762 Confeffiones
1067 718 1158 780 Mo:

199 781 365 823 nialium
380 792 398 833 3
412 778 475 822 vel
497 775 847 828 fiwsacerdosillm
873 775 937 818 cui
965 771 1157 829 ejusmodi

200 839 394 881 Monialis
411 835 596 881 confiteri
609 835 737 893 cupit,
753 847 829 891 pro
841 832 924 876 illis
936 846 1014 875 non
1030 833 1074 873 fit
1089 845 1156 885 ap·

200 896 387 953 probatus
400 924 415 949 ‚
427 909 518 940 cum
531 893 613 952 ipso
624 893 841 938 Ordinatio
857 891 1051 947 agendum
1065 890 1160 939 erit,

200 952 632 1068 ἕοέεὲἳῃὲἒῗρῗιᾘὶ
645 947 1158 1066 ti2‘33b33‘0353105222’

479 1040 494 1065 a
890 1038 906 1061 s
1137 1030 1158 1041 ·

201 1070 290 1114 dire
301 1070 552 1129 judicabitur
563 1101 580 1123 ‚
591 1069 763 1114 eundem
774 1067 973 1126 approbet
983 1097 995 1109 .
1007 1067 1076 1110 Sin
1091 1078 1159 1108 au·

199 1138 282 1175 tem
309 1129 520 1185 contingat
547 1131 708 1187 (neque
729 1128 769 1171 id
793 1130 898 1173 adeo
915 1140 1050 1169 rarum
1066 1124 1122 1166 est
1141 1124 1159 1179 )

198 1197 245 1229 ut
258 1186 474 1243 Regularis
486 1192 543 1230 Su
574 1189 685 1230 erior
698 1186 748 1229 ad
763 1185 1067 1230 concedendum
1085 1185 1161 1226 hu·

195 1243 374 1300 jusmodi
390 1243 521 1286 Conse
551 1245 678 1288 arium
692 1244 1059 1288 extraordinarium
1075 1244 1160 1284 Μο.

197 1300 294 1343 niali
336 1312 590 1343 communem
628 1299 920 1344 confeffarium
961 1298 1160 1341 recusanti

196 1358 315 1404 nullo
343 1360 460 1414 paeto
481 1357 628 1402 adduci
663 1357 777 1414 poffit
797 1387 813 1409 ‚
840 1356 918 1412 jam
947 1355 1040 1399 huic
1054 1352 1159 1397 casui

196 1416 400 1475 provisum
426 1414 480 1458 est
507 1429 576 1472 per
607 1419 828 1459 Decretum
854 1426 960 1456 anno
1002 1413 1161 1468 ¹573&

196 1474 391 1533 praedieta
417 1474 749 1530 congregatione
773 1471 951 1516 Concilii
975 1473 1129 1514 editum
1145 1498 1162 1522 ,

201 1537 243 1577 δι
258 1534 279 1576 a
309 1530 378 1576 fel.
402 1531 560 1575 record.
585 1531 789 1588 Gregorio
802 1534 908 1585 Papa
925 1531 1049 1573 xur.
1066 1540 1160 1571 tunc

199 1591 480 1648 Apostolicum
495 1592 705 1634 Thronum
730 1590 941 1632 obtinente
964 1588 1162 1645 approba·

201 1663 289 1696 tum
305 1678 319 1702 ,
344 1651 384 1691 δι
405 1646 708 1701 confirmatum,
734 1648 846 1704 quod
873 1662 977 1691 nunc
1009 1649 1160 1690 iterum

200 1706 524 1752 confirmationis
547 1708 699 1750 Nostrae
724 1706 961 1749 auctoritate
991 1706 1160 1749 robora.

199 1780 286 1811 mus
300 1795 311 1808 .
345 1765 511 1808 Decreti
527 1767 645 1810 verba
659 1764 784 1809 relata
812 1765 935 1808 Libro
954 1778 987 1806 ι.
1002 1767 1160 1807 Decret.

199 1839 294 1870 rum
319 1822 434 1879 ipsius
459 1824 774 1882 congregationis
775 1832 875 1879 pag.
889 1823 959 1866 66.
976 1824 1004 1865 d
1022 1831 1132 1878 tergo
1144 1851 1160 1876 ,

201 1886 286 1928 haec
313 1882 339 1924 s
332 1890 401 1924 unt
417 1896 474 1924 =
488 1882 674 1927 Mom'alir
681 1892 756 1938 per
769 1882 932 1938 aliquod
940 1891 1085 1938 tempus
1098 1894 1165 1923 no-

129 1982 132 1986 Δ
203 1945 286 1987 hm
305 1939 478 1997 confiteri
490 1938 724 2000 confifflrils
739 1940 995 1997 Regularibur
1009 1967 1020 1979 .
1040 1939 1168 1983 Dubi-

202 1998 429 2056 tatumfhit
444 2028 458 2051 ‚
471 2012 522 2042 an
536 2000 736 2058 Epssopur
752 1999 945 2056 Regiensis
954 1998 1079 2057 pofflt
1093 1997 1163 2040 da-

205 2073 251 2104 re
264 2057 378 2102 dim
391 2059 564 2102 Moniali
591 2058 843 2118 Confifflrem
869 2059 1032 2101 alterius
1049 2057 1169 2099 ordi-

203 2121 264 2162 nis
287 2118 534 2173 Regularem,
544 2119 609 2159 ve}
623 2119 869 2165 secularem,
884 2121 943 2159 cul
956 2118 1027 2159 illa
1038 2115 1166 2166 semet,

203 2177 269 2218 vel
273 2175 424 2231 pluries
440 2175 674 2232 confiteatur
686 2185 847 2231 peccata
849 2175 932 2231 fisa
947 2204 962 2227 ‚
979 2176 1027 2225 (5
1040 2174 1066 2216 d
1091 2187 1166 2231 quo

203 2231 470 2292 absblvipqffit
485 2262 497 2274 .
512 2233 769 2291 Sanfltfflmur
788 2233 974 2277 Dominus
1003 2233 1140 2290 Noster
1150 2260 1166 2284 ,

201 2299 319 2338 enam
331 2304 378 2335 ex
394 2295 593 2334 sententia
619 2295 934 2349 congregationis
965 2293 1133 2335 Concilii
1150 2320 1165 2342 ,

204 2352 424 2396 declaravit
441 2379 454 2401 ,
469 2350 616 2395 amun·
630 2354 759 2406 Caput
771 2349 959 2394 decimum
973 2354 1035 2394 ita
1045 2350 1167 2409 effe-2

208 2410 364 2466 intellig
369 2409 504 2451 endum
517 2437 533 2460 ‚
545 2419 593 2452 ut
605 2413 727 2457 etiam
737 2408 850 2467 pofflt
864 2410 1064 2468 Epistopus
1077 2422 1167 2452 con-

203 2470 332 2512 cedere
348 2463 627 2525 Confi-spirtum
642 2469 806 2511 alterins
819 2469 994 2521 Ordinis,
1011 2471 1074 2512 vel
1087 2472 1165 2510 ,ςι-

202 2528 374 2570 cularum
389 2540 445 2567 =
460 2554 471 2565 .
490 2527 686 2569 Praeterea
702 2527 799 2569 nibil
818 2527 947 2569 obstat
960 2556 973 2580 ,
993 2542 1077 2584 quo
1088 2526 1165 2568 mi-

204 2598 279 2628 nus
304 2581 383 2639 ipsa
403 2580 588 2625 Monialis
603 2581 803 2627 recursum
825 2585 970 2626 habeat
991 2586 1041 2627 ad
1061 2587 1166 2627 Car·

205 2642 382 2686 dinalem
414 2638 606 2695 Maiorem
633 2640 972 2697 penitentiarium
984 2672 997 2696 ,
1029 2644 1050 2684 ἑ
1082 2655 1165 2699 quo

206 2701 276 2756 ips·
291 2696 584 2755 providendum
598 2699 680 2740 erit
695 2726 709 2749 ‚
720 2707 765 2741 ut
788 2699 902 2754 supra
915 2699 1066 2743 dietum
1082 2700 1135 2743 est
1148 2727 1164 2750 ,

207 2771 282 2814 per
294 2755 601 2812 deputationem
616 2754 852 2799 Confeffarii
876 2770 927 2799 ex
937 2759 1167 2814 approbatis

211 2815 262 2860 ad
277 2812 471 2858 Moniales
484 2838 499 2862 2
513 2812 618 2870 apud
633 2827 751 2870 quem
766 2812 837 2856 illa
851 2813 1110 2858 confiteatur.

322 2871 539 2931 Qaefitum
555 2870 726 2930 denique
753 2869 829 2915 suit
847 2873 899 2916 de
918 2873 1168 2916 Monialibus

207 2931 291 2974 illis
307 2957 323 2983 ,
334 2942 421 2986 quae
439 2943 568 2986 neque
596 2939 787 2987 aegrotant
801 2959 816 2981 ,
833 2945 975 2988 sueque
991 2933 1171 2976 recusant

209 2988 477 3037 Ordinarium
502 2990 757 3033 Poenitentiae
785 2988 1015 3034 Ministrum
1035 2993 1060 3035 a
1081 2993 1173 3034 Mo-

209 3062 259 3093 na
267 3047 368 3091 sterii
382 3046 556 3090 Praelato
580 3061 659 3103 pro
674 3046 854 3093 universa
867 3048 1173 3093 Communitate

208 3107 447 3161 deputatum
474 3117 491 3158 3
521 3108 661 3151 verum
682 3121 760 3163 pro
789 3107 931 3163 majori
963 3107 1085 3165 animi
1115 3104 1172 3148 sui

210 3166 346 3222 quiete
362 3193 376 3216 ,
389 3173 508 3221 atque
521 3162 700 3208 ulteriori
725 3165 766 3207 in
783 3164 846 3206 via
865 3166 940 3208 Dei
956 3164 1175 3221 progrcliu2

212 3223 446 3267 facultatem
460 3230 606 3278 petunt
619 3221 840 3268 confitendi
864 3224 1078 3281 aliquoties
1103 3226 1176 3266 Sa-

213 3282 374 3326 cerdoti
407 3280 458 3324 ad
480 3280 732 3338 excipiendas
759 3282 996 3326 Monialium
1011 3279 1177 3327 Conse(²

216 3340 341 3383 liones
366 3338 446 3398 jam
460 3341 684 3396 approbato
695 3369 708 3383 .
731 3343 827 3398 Qua
844 3341 896 3384 de
911 3355 954 3385 re
968 3354 1046 3383 non
1057 3339 1176 3384 semel

221 3399 355 3442 Nobis
366 3399 406 3440 in
422 3397 568 3442 minori
584 3399 683 3441 statu
699 3399 935 3455 degentibus
951 3398 1116 3449 accidit,
1134 3408 1178 3440 ut

222 3470 315 3498 cum
336 3454 529 3512 aliquibus
564 3458 771 3514 Episcopis
787 3484 802 3506 ,
820 3469 888 3501 aut
913 3457 1176 3514 Regularibus

220 3512 456 3557 Monialium
466 3516 745 3572 Superioribus
762 3529 880 3571 agere
905 3516 1176 3560 debuerimus.

221 3575 356 3614 Porro
369 3571 408 3612 in
425 3572 578 3630 aliquos
590 3589 639 3618 ex
650 3576 696 3618 iis
711 3576 923 3618 incidimus
948 3574 1037 3631 plus
1052 3575 1176 3618 nimio

218 3629 405 3681 severos3
420 3632 487 3683 qni
503 3629 632 3685 aspera
652 3634 826 3692 quadam
841 3635 1058 3677 verborum
1081 3635 1175 3676 bre-

217 3689 342 3730 vitate
371 3686 662 3743 respondebant
677 3719 694 3744 ,
717 3693 827 3750 quod
842 3722 856 3744 ,
870 3707 990 3750 quum
1006 3691 1174 3735 Moniali

218 3746 437 3802 postulanti
452 3747 579 3790 libera
603 3747 733 3794 fuiiiet
759 3750 931 3795 facultas
953 3749 1174 3794 confitendi

213 3805 528 3849 extraordinario
543 3808 837 3866 Sacerdoti,qui
854 3810 1042 3855 universte
1052 3814 1176 3854 Com.

1961 256 2109 336 533

1223 369 1411 411 munitati
1434 382 1515 410 non
1534 365 1652 408 semel
1679 380 1730 408 eo
1753 379 1859 408 anno
1871 367 1947 422 jam
1964 373 2080 415 datus
2098 374 2185 416 sue-

1221 434 1454 524 azara
1475 424 2083 534 ⁰&535b2s50ffiz1222002551533-12

1465 493 1478 521 ε
2043 499 2052 524 ι
2076 501 2095 527 a
2119 503 2180 531 e,

1219 538 1282 582 uti
1295 539 1482 581 noluerat
1498 566 1512 589 ,
1526 538 1565 579 id
1582 538 1650 579 libi
1674 537 1894 594 imputaret
1906 566 1920 587 ‚
1937 554 2066 597 neque
2088 556 2181 595 per-

1219 607 1336 652 geret
1353 595 1559 651 Superiori
1575 596 1796 638 molestiam
1813 597 1956 640 afferre
1969 624 1984 646 a
2000 607 2045 639 ut
2059 612 2181 652 pecu-

1219 651 1655 698 liaremConfessarium
1670 656 1985 698 extraOrdinem
1997 656 2008 696 i
2013 654 2066 711 pli
2086 669 2184 700 con·

1219 712 1405 755 cederet.
1422 712 1554 754 Nobis
1581 720 1712 757 autem
1738 712 2022 768 objicientibus
2040 742 2055 767 ‚
2087 714 2181 757 Μο-

1220 771 1363 814 nialem
1384 768 1609 824 hujusmodi
1636 770 1685 812 ad
1706 769 1946 825 Apostolicae
1976 772 2179 815 Poeniten.

1219 829 1342 872 tiariae
1361 827 1550 872 Officium
1568 825 1690 870 facile
1712 828 1914 871 recursum
1939 831 2182 882 habituram,

1220 888 1354 943 ibique
1379 886 1485 930 haud
1517 885 1622 941 πετὲ
1654 887 1959 943 impetraturam
1978 890 2019 932 id
2039 918 2053 940 ‚
2075 889 2186 944 quod

1221 948 1271 988 ab
1286 946 1369 1002 ipsis
1384 944 1666 1000 Superioribus
1698 947 1735 987 ei
1760 945 2000 1000 denegatum
2024 946 2185 999 suisset3

1218 1006 1367 1049 iterum
1390 1003 1621 1046 constanter
1648 1003 1973 1059 respondebant,
2000 1015 2187 1048 extraor-

1219 1062 1421 1107 dinarium
1457 1060 1686 1116 hujusmodi
1713 1060 2011 1105 Confessarium
2036 1093 2052 1114 ,
2091 1062 2179 1118 post

1218 1122 1429 1177 impletam
1444 1122 1496 1164 ab
1508 1119 1596 1176 ipsis
1624 1133 1719 1175 erga
1736 1121 1962 1162 universum
1981 1122 2185 1163 Monaste-

1222 1182 1323 1225 rium
1342 1178 1572 1224 Tridentini
1587 1178 1766 1221 Concilii
1781 1179 1929 1235 legem,
1945 1181 1995 1221 ab
2008 1180 2087 1222 alio
2100 1180 2189 1235 qui·

1221 1241 1312 1284 dem
1335 1239 1507 1284 concedi
1531 1234 1669 1296 posse,
1693 1236 1796 1281 seda
1823 1239 1859 1281 se
1870 1252 2078 1295 nunquam
2093 1251 2189 1280 con-

1220 1300 1375 1341 cessum
1400 1300 1475 1343 iri.

1338 1358 1395 1397 At
1413 1358 1512 1399 vero
1527 1385 1543 1405 ,
1560 1370 1689 1410 neque
1705 1366 1800 1400 tunc
1818 1357 1948 1399 Nobis
1965 1354 2188 1406 arridebat,

1220 1427 1352 1470 neque
1380 1415 1566 1470 profesto
1595 1427 1703 1456 nunc
1738 1414 1867 1457 Nobis
1880 1413 2015 1468 placet
2029 1413 2189 1469 rigida..

1222 1471 1350 1515 isthaec
1372 1472 1518 1528 agendi
1533 1474 1666 1523 rati03
1683 1474 1915 1515 Persuasum
1939 1474 2045 1516 enim
2062 1474 2188 1514 habe·

1221 1531 1361 1573 bamus
1379 1557 1394 1579 ‚
1405 1530 1586 1584 adeoque
1601 1530 1790 1572 babemus
1805 1557 1819 1581 ,
1835 1543 1914 1571 non
1930 1531 2057 1573 solum
2073 1532 2182 1573 inte-

1220 1603 1298 1645 grae
1328 1587 1654 1638 communitati,
1678 1586 1743 1630 sed
1773 1588 1934 1643 lingulis
1959 1590 2080 1631 etiam
2098 1592 2187 1632 Mo-

1221 1647 1392 1690 nialibus
1407 1646 1699 1702 indulgendum
1720 1646 1800 1690 esse
1815 1650 1853 1689 in
1869 1647 1915 1689 iis
1931 1648 2049 1692 rebus
2062 1677 2077 1700 ,
2093 1659 2187 1704 quae

1220 1705 1322 1763 juni:
1359 1708 1399 1748 &
1424 1704 1722 1748 rationabiliter
1742 1715 1966 1761 petuntur,
1991 1704 2191 1756 maxime,

1221 1779 1347 1823 quum
1364 1764 1441 1807 illae
1452 1765 1500 1808 ad
1513 1778 1649 1806 earum
1677 1764 1927 1806 conscientiae
1951 1767 2130 1821 quietern
2152 1765 2193 1805 δι

1226 1824 1475 1867 securitatem
1503 1825 1692 1865 conferre
1705 1822 2015 1877 dignoscuntur.
2044 1827 2187 1880 Neque

1227 1884 1318 1928 sane
1361 1879 1580 1936 hujusmodi
1610 1880 1902 1936 postulationes
1931 1892 2000 1925 aut
2024 1882 2183 1924 temere

1229 1941 1441 1991 exaudiri,
1454 1950 1521 1982 aut
1540 1940 1619 1982 fine
1631 1937 1743 1981 caula
1759 1939 1871 1995 rejici
1884 1939 2034 1985 debere
2046 1941 2189 1983 cense-

1230 2013 1343 2052 πων,
1371 1998 1437 2042 sed
1464 1997 1747 2054 inquirendum
1775 1998 1816 2040 in
1833 1997 1969 2054 primis
1982 1998 2187 2042 essedss,

1231 2058 1490 2117 qualitatibus
1512 2067 1599 2100 tum
1627 2057 1845 2107 Monialis,
1871 2070 1957 2112 quar
1979 2053 2192 2101 Confessa-

1231 2119 1333 2161 rium
1352 2126 1464 2159 extra
1479 2115 1676 2158 Ordinem
1693 2115 1820 2171 petit,
1836 2125 1921 2158 tum
1936 2114 2194 2165 Confessarii,

1228 2178 1293 2235 qui
1308 2179 1357 2220 ab
1374 2190 1420 2218 ea
1438 2175 1686 2231 requiritur3
1710 2183 1754 2216 ut
1770 2172 1945 2230 utrisque
1972 2175 2191 2231 diligenter

1226 2235 1441 2290 inspeetis,
1466 2233 1683 2275 deliberari
1702 2230 1840 2287 pollit,
1866 2248 1915 2276 an
1945 2232 2054 2275 illius
2084 2232 2191 2274 votis

1226 2293 1481 2337 annuendum
1495 2294 1625 2340 fit‚an
1643 2303 1722 2333 non
1736 2319 1747 2332 .
1760 2292 1800 2333 Si
1814 2293 1919 2334 enim
1938 2292 2127 2335 Monialis
2143 2303 2192 2332 ex

1228 2368 1306 2397 una
1323 2362 1436 2408 parte
1449 2351 1610 2392 nullum
1628 2350 1699 2391 det
1720 2350 1892 2392 adversar
1906 2351 2115 2406 suspicioni
2130 2349 2195 2392 lo-

1229 2426 1322 2458 cum
1338 2425 1412 2463 ‚ex
1441 2409 1567 2452 altera
1587 2410 1683 2451 vero
1700 2407 1974 2451 Confessarius
2004 2423 2081 2451 non
2102 2422 2192 2449 mo·

1226 2472 1283 2516 do
1299 2469 1518 2525 legitimam
1534 2467 1739 2509 Ordinarii
1752 2469 2086 2523 approbationem
2101 2496 2114 2518 ,
2127 2466 2194 2509 sed

1225 2530 1348 2573 etiam
1369 2540 1581 2570 commune
1594 2526 1804 2582 probitatis
1828 2527 2094 2571 testimonium
2110 2540 2186 2581 pro

1227 2589 1264 2630 se
1286 2589 1430 2630 habeat
1447 2614 1461 2637 ,
1493 2585 1609 2628 nullo
1640 2585 1764 2626 modo
1790 2587 1958 2640 probare
1987 2588 2190 2641 possumus

1226 2655 1305 2689 tam
1338 2645 1495 2685 firmum
1522 2642 1746 2698 hujusmodi
1775 2646 2035 2686 Praelarorum
2065 2644 2105 2685 in
2129 2657 2192 2684 re-

1226 2702 1388 2747 nuendo
1403 2700 1682 2757 propositum3
1701 2714 1773 2743 nec
1798 2702 2061 2758 intelligimus
2082 2731 2096 2754 ,
2120 2715 2194 2743 cur

1227 2762 1313 2817 post
1330 2758 1629 2802 Confessarium
1644 2760 2009 2804 extraordinarium
2033 2763 2195 2814 integrae

1229 2817 1530 2861 communitati
1562 2816 1674 2869 juxta
1690 2817 1817 2869 legem
1831 2820 2007 2860 Concilii
2024 2819 2197 2860 Triden-

1235 2876 1311 2918 tini
1338 2873 1522 2916 oblatum
1552 2901 1569 2925 ,
1609 2873 1720 2914 nulla
1741 2876 1913 2916 omnino
1945 2876 2190 2918 Monialibus

1236 2933 1394 2988 lingulis
1409 2931 1497 2987 spes
1525 2931 1783 2987 relinquatur
1799 2933 2010 2976 obtinendi
2025 2933 2198 2988 peculia-

1235 3006 1320 3035 rem
1343 2988 1642 3034 Consessarium
1657 3016 1672 3040 ‚
1685 2989 1791 3044 cujus
1806 2991 1988 3042 consilio,
2001 2994 2038 3034 δι
2053 3006 2195 3048 opera,

1234 3050 1344 3108 justis
1366 3046 1536 3092 fortasse
1563 3048 1614 3089 de
1640 3048 1791 3097 canfis,
1815 3051 1995 3105 indigere
2022 3050 2057 3091 se
2087 3051 2196 3093 arbi-

1237 3116 1400 3152 trentur
1415 3135 1427 3148 .
1457 3109 1549 3149 Non
1581 3107 1636 3148 ita
1653 3106 1739 3149 {ane
1754 3109 1827 3151 hac
1854 3109 1905 3151 de
1918 3124 1959 3151 re
1973 3109 2120 3152 sciebat
2136 3109 2195 3151 sa-

1236 3164 1494 3223 pientiffimus
1507 3165 1577 3207 ille
1590 3166 1822 3208 Animarum
1849 3170 2000 3210 Reetor
2015 3169 2055 3208 S.
2072 3170 2198 3210 Fran-

1235 3226 1359 3268 ciscus
1375 3224 1539 3268 Salefius
1554 3252 1569 3276 ‚
1592 3223 1704 3279 cujus
1720 3224 1908 3268 doetrinae
1933 3225 2121 3269 summam
2147 3240 2195 3268 ex

1238 3283 1659 3338 illiusOperibus21um
1669 3283 1892 3335 editis‚tum
1909 3284 2197 3341 manuscriptis,

1237 3342 1467 3392 colleftam,
1481 3342 1876 3397 bon.mem.Joannes
1893 3345 2035 3386 Petrus
2054 3344 2090 3387 le
2116 3345 2197 3385 Ca-

1238 3415 1323 3444 mus
1349 3397 1567 3456 Episcopus
1598 3400 1832 3443 Bellecenlis
1860 3400 1959 3457 justo
1996 3403 2194 3445 volumine

1237 3458 1473 3514 complexus
1486 3458 1541 3500 est
1554 3488 1568 3511 ‚
1595 3460 1658 3501 cui
1674 3459 1857 3502 Titulum
1887 3458 1985 3503 fecit
1999 3477 2056 3504 =
2070 3464 2196 3517 spiri-

1237 3527 1300 3561 tus
1332 3516 1465 3558 sanffl
1498 3516 1700 3575 Francifii
1737 3517 1870 3574 Salssi
1888 3534 1944 3560 =
1970 3546 1982 3561 .
2009 3524 2056 3563 ln
2081 3520 2193 3565 huius

1236 3574 1508 3631 compendio,
1534 3576 1643 3631 quod
1668 3589 1718 3617 ex
1743 3576 1908 3620 Gallico
1932 3578 1970 3619 in
2009 3579 2191 3621 Italicum

1235 3634 1457 3677 sermonem
1473 3632 1710 3676 conversum
1738 3636 1920 3679 Venetiis
1949 3650 2053 3679 anno
2073 3643 2191 3683 1745·

1235 3707 1311 3749 pro
1326 3702 1464 3747 quarta
1488 3692 1576 3733 vice
1593 3692 1719 3747 Typis
1740 3693 1894 3737 editum
1918 3695 1972 3737 est
1990 3721 2003 3741 ,
2024 3700 2194 3747 parte.»

1236 3754 1356 3795 XVn.
1372 3759 1457 3805 cap.
1470 3750 1512 3792 6.
1540 3750 1681 3804 aperte
1708 3751 1857 3808 legitur
1883 3782 1896 3804 ‚
1916 3750 2021 3805 quod
2037 3776 2051 3798 ,
2070 3760 2192 3803 quum

1236 3813 1382 3854 Beatus
1410 3806 1629 3866 Episcopus
1655 3823 1739 3853 non
1764 3811 1818 3853 ita
1831 3809 2074 3863 intelligeret
2093 3818 2193 3901 Ψω-

2046 3875 2100 3903 ιιιι
2120 3885 2136 3893 -
