2444 4192
656 140 685 219 Ϊ
769 149 933 234 Sub
992 147 1379 232 Clemente
1410 215 1413 219 .
1444 150 1544 231 V

147 303 310 354 *amtor
327 303 534 346 Romanos
547 296 768 343 Pontifices
783 325 797 349 ,
829 298 933 339 hanc
961 312 1110 353 expro-

154 364 392 425 priationem
406 362 581 418 intelligi
601 361 752 402 debere
765 358 901 412 taurin
918 356 1079 411 speciali
1093 384 1110 408 ,

148 426 266 482 quim
284 422 411 462 etiam
426 422 465 463 in
479 417 710 468 communi,
738 423 906 471 propter
921 417 1049 471 quod,
1064 415 1106 457 δι

143 493 286 526 cerum
302 481 490 524 omnium
515 473 787 521 conceffarum
802 502 816 525 ,
849 474 1106 521 oblatarum,

146 539 440 584 &donatarum
462 537 669 582 Fratribus
691 533 713 590 (
729 547 854 589 quas,
879 534 918 574 δι
932 545 1106 589 quarum

147 597 260 643 nsum
276 596 368 640 faeti
383 627 397 649 ‚
418 596 572 640 scilicet
586 592 731 637 Ordini
746 622 760 644 ,
777 592 842 635 vel
866 592 985 648 ipfius
1011 593 1106 634 Fra-

144 657 278 700 'tribus
294 657 393 700 licet
411 655 584 712 habere)
597 652 905 711 proprietatem,
918 653 957 694 &
971 649 1107 693 domi-

142 716 256 761 nium
271 718 309 758 in
325 716 378 768 se,
392 717 432 757 &
448 717 673 758 Romanam
698 711 917 755 Ecclefiam
937 723 1107 765 recepe-

145 786 242 819 runt
258 802 273 826 ,
286 772 443 818 dimisso
457 772 546 828 ipfis
563 769 770 815 Fratribus
794 771 835 812 in
849 769 906 811 eis
921 777 1101 812 tantum-

141 835 270 877 modo
285 834 354 876 usu
369 829 688 886 facusimpticis:
719 829 770 872 ad
804 828 982 872 nostrum
1010 827 1101 870 fue-

142 900 239 935 runt
254 891 430 934 deducta
444 901 608 932 examen
623 916 639 940 ‚
660 903 750 947 quae
779 888 819 930 in
836 887 996 930 Ordine
1012 885 1102 929 fieri

139 950 380 994 dicebantur
392 979 406 1001 ,
437 948 479 990 &
494 947 736 992 videbantur
765 947 958 1004 praediCto
973 955 1073 989 voto
1088 973 1103 998 ‚

146 1010 186 1052 δι
203 1008 374 1065 puritati
402 1007 570 1051 Ordinis
595 1020 850 1064 repugnare:
878 1006 1105 1056 videlicet,

143 1077 192 1111 ut
205 1081 252 1111 ea
265 1067 555 1124 prosequamur
586 1080 637 1109 ex
655 1065 772 1124 ipsis,
802 1080 890 1123 quae
921 1064 1106 1109 remedio

143 1126 346 1170 eredimus
362 1124 549 1180 indigere
566 1153 580 1176 ‚
607 1125 718 1180 quod
743 1126 780 1168 se
807 1125 957 1168 institui
973 1126 1104 1166 haere-

140 1184 216 1228 des
239 1198 323 1229 non
355 1182 484 1227 solum
516 1182 734 1233 sustinent,
767 1182 833 1226 scd
867 1189 1101 1239 procurant:

142 1244 238 1288 item
256 1269 271 1294 ‚
299 1243 408 1299 quod
432 1240 619 1285 redditus
643 1255 799 1286 annuos
824 1243 1026 1298 recipiunt
1041 1242 1103 1283 in-

142 1302 306 1346 terdum
333 1302 375 1344 in
401 1312 483 1345 tarn
505 1301 677 1344 notabili
703 1301 960 1358 quantitate,
990 1299 1103 1357 quod

143 1365 381 1407 Conventus
408 1359 606 1403 habentes
631 1361 818 1403 totaliter
833 1359 926 1403 inde
942 1360 1110 1403 vivunt:

149 1423 255 1465 Item
273 1449 286 1472 ,
305 1419 417 1479 quod
433 1433 527 1463 cum
551 1420 728 1475 ipsorum
755 1420 918 1476 negotia
949 1420 1111 1463 etiam.)

145 1478 1109 1583 {3333522851‘13'³¹³2⁸1i¹202¹1552235³ssz¹2⁸⁰3

573 1567 590 1592 2
1032 1567 1049 1590 5

145 1597 532 1654 adinvestigandum
564 1598 725 1641 eosdem
740 1597 779 1641 se
801 1598 953 1640 ibidem
969 1597 1109 1653 perso·

146 1655 294 1701 naliter
310 1655 834 1714 repraesentantzitem,quod
848 1657 1113 1700 executiones

150 1716 386 1760 ultimarum
412 1713 632 1773 suscipiunt
660 1716 919 1760 voluntatum
939 1744 952 1768 ,
978 1716 1021 1758 δι
1040 1730 1112 1772 ge-

145 1784 270 1824 runt,
289 1773 409 1833 seque
437 1775 716 1819 intromittunt
739 1774 985 1831 quandoque
1000 1775 1110 1821 dt.-

150 1832 355 1897 usnrarum
372 1863 387 1887 ,
413 1833 477 1877 vel
505 1834 609 1878 male
622 1834 861 1879 oblatorum
877 1832 949 1876 dis
942 1832 1107 1890 politio-

152 1891 270 1935 nibus
282 1916 297 1938 ‚
308 1892 376 1934 seu
389 1891 708 1936 restitutionibus
724 1892 946 1937 faciendis:
980 1895 1106 1944 Item,

151 1947 264 2006 quod
283 1948 526 1991 alicubinun
549 1949 677 1992 ibium
690 1949 912 1991 exeeffivos
937 1953 1079 1993 hortos
1093 1980 1109 2001 ‚

154 2008 222 2051 sed
247 2007 368 2049 etiam
390 2006 520 2049 vineas
547 2018 711 2060 magnas
748 2005 924 2052 habent,
954 2005 1005 2046 de
1024 2007 1110 2060 qui.

152 2069 224 2111 bus
241 2075 323 2107 tam
336 2065 390 2107 de
403 2064 601 2111 oleribus,
616 2066 737 2118 quam
758 2063 810 2106 de
826 2064 920 2105 vino
935 2064 1108 2106 multum

152 2124 366 2177 colligitur
377 2121 427 2161 ad
445 2121 700 2160 vendendum
711 2132 726 2159 ε
742 2120 864 2166 Item,
876 2119 987 2170 quod
1002 2128 1110 2158 tem-

151 2181 319 2244 poribus
334 2174 512 2219 meffium
523 2203 540 2226 ,
573 2173 637 2218 vel
653 2173 946 2217 vindemiarum
970 2174 1022 2217 fic
1036 2187 1109 2215 co-

150 2236 263 2296 piose
276 2249 446 2293 granum
472 2234 510 2276 δι
540 2232 674 2276 vinum
706 2229 1007 2284 mendicando,
1041 2231 1108 2275 vel

148 2296 316 2342 aliunde
331 2292 504 2338 emendo
526 2292 783 2349 colliguntur
813 2292 836 2334 a
869 2292 1077 2334 Fratribus
1093 2320 1108 2344 ‚

152 2358 195 2400 Gt
216 2356 256 2398 in
270 2352 473 2403 cellariis,
503 2352 542 2394 &
573 2352 766 2409 granariis
798 2351 1078 2394 reconduntur
1094 2379 1109 2402 ‚

153 2413 264 2475 quod
290 2426 365 2471 per
378 2411 469 2457 anni
484 2410 714 2463 refiduum,
742 2413 781 2454 &
806 2407 953 2466 absque
965 2424 1109 2453 eorum

157 2472 465 2518 mendicatione
507 2468 663 2527 poliunt
707 2469 926 2526 tranfigere
952 2470 1110 2514 vitam...

156 2533 267 2578 suam
281 2545 294 2575 ε
310 2533 411 2574 Item
425 2555 439 2579 ,
453 2528 562 2585 quod
578 2529 778 2573 Ecclefias
791 2558 805 2580 ,
820 2529 886 2572 vel
900 2527 979 2572 alia
991 2527 1113 2573 aedifi·

156 2594 221 2636 cia
236 2589 419 2641 faciunt,
447 2586 513 2632 vel
526 2600 742 2644 procurant
768 2587 859 2633 fieri
881 2589 924 2631 in
954 2590 1113 2645 quanti-

156 2661 270 2703 tate,
299 2645 586 2693 &curiofitate
615 2645 779 2702 figure,
810 2649 848 2691 δε
873 2646 1034 2698 formai,
1064 2662 1110 2691 ac

152 2707 462 2766 sumptuofitate
493 2706 732 2749 notabiliter
778 2705 972 2751 excelliva
1002 2735 1018 2758 ,
1058 2706 1112 2751 fic

159 2767 272 2826 quod
285 2779 367 2810 non
394 2765 585 2809 videntur
597 2765 834 2810 habitacula
860 2767 1088 2820 Pauperum
1104 2794 1118 2818 ‚

155 2827 223 2873 sed
240 2829 508 2883 Magnarum:
525 2834 753 2879 paramenta
779 2828 900 2869 etiam
918 2824 1118 2869 Ecclefia·

158 2888 254 2933 nica
285 2886 324 2928 in
341 2883 546 2942 plerisque
567 2882 668 2925 locis
689 2893 772 2925 tam
797 2884 924 2927 multa
938 2884 1090 2927 babent
1104 2911 1120 2935 ‚

162 2947 298 2991 &tam
315 2942 555 2987 notabiliter
568 2941 742 2996 pretiosa
760 2968 775 2992 ‚
788 2942 901 2999 quod
913 2942 1118 2986 excedunt

164 3004 206 3050 iit
220 3004 281 3048 his
295 3015 459 3059 magnas
477 2998 675 3044 Ecclelias
689 2999 1121 3057 Cathedrales.Equos

170 3065 330 3120 insuper
346 3090 361 3114 ,
374 3063 416 3104 er
434 3073 544 3102 arma
570 3059 630 3101 eis
646 3060 782 3102 oblata
810 3059 850 3102 in
871 3057 1122 3104 funeralibus

164 3123 364 3180 recipiunt
393 3118 649 3163 indistincte:
675 3128 810 3162 tamen
843 3120 1127 3163 communitas

164 3174 350 3227 Fratrum
363 3206 378 3228 ‚
391 3180 433 3222 δε
449 3175 676 3235 specialiter
693 3179 896 3221 Restores
915 3175 1032 3233 iplius
1046 3180 1126 3223 Or-

155 3238 272 3298 ·dinis
290 3237 507 3283 afferebant
520 3263 535 3286 ‚
567 3236 680 3292 quod
698 3237 884 3293 praedifta
898 3264 913 3288 ,
943 3234 1013 3278 seu
1034 3237 1126 3293 plu-¹

173 3295 276 3358 ᾓὲκ
296 3299 438 3356 ipfisin
450 3295 607 3341 ordine
637 3309 720 3338 non
736 3294 914 3343 fiebant,
944 3296 986 3338 &
1003 3293 1030 3336 fi
1055 3298 1122 3352 qui

148 3374 151 3378 ⁸
178 3351 423 3422 &iuratur
437 3356 495 3400 rei
525 3355 567 3400 in
583 3354 759 3407 talibus,
790 3354 920 3412 rigide
952 3355 1126 3409 puniun-

182 3415 275 3469 mf?
297 3430 369 3461 nee
400 3430 481 3460 nou
512 3425 659 3460 contra
680 3414 777 3457 talia
796 3429 846 3458 ne
878 3411 1004 3463 fiant,
1035 3413 1127 3458 sunt

182 3468 446 3534 faex-pluries
469 3475 520 3518 ab
534 3475 700 3531 antiquo
724 3475 873 3518 statuta
898 3474 939 3515 in
964 3473 1131 3530 Ordine,

181 3529 346 3576 muitum
357 3533 484 3577 stricta
501 3565 513 3575 .
527 3536 748 3593 Cupientes
774 3535 900 3591 igitur
914 3535 1002 3575 Nos
1016 3532 1124 3588 ipso-

180 3602 268 3631 rum
299 3590 477 3636 Fratrum
504 3595 718 3648 providere
755 3591 1010 3636 conscientiis
1045 3619 1059 3641 ,
1090 3593 1130 3632 δε

181 3648 322 3712 Εΰῐξᾶἃ
334 3647 450 3710 dubit
462 3649 679 3706 (quantum
702 3651 884 3707 poffibile
898 3651 1028 3694 Nobis
1043 3650 1129 3707 est)

173 3706 226 3747 de
247 3702 423 3758 ¹Ps01‘11m
436 3711 658 3761 meroribus
684 3725 930 3757 removere,
956 3709 1007 3751 ad
1025 3724 1125 3765 prae-

175 3763 308 3816 dieta,
331 3760 541 3823 modofflu}
558 3769 740 3827 sequitur
765 3799 779 3822 ‚
807 3769 1091 3826 respondemus
1109 3798 1122 3811 .

1171 299 1278 338 Cum
1294 298 1404 338 enim
1423 298 1474 340 ad
1493 298 1709 341 veritatem
1725 298 1816 341 'vitae
1831 303 2028 351 pertineat
2042 333 2055 354 ,
2086 321 2132 352 ut

1172 356 1214 398 id
1231 384 1247 406 ‚
1262 356 1372 411 quod
1387 356 1561 398 exterius
1585 358 1721 412 agitur
1735 382 1750 403 ‚
1768 359 2001 400 interiorem
2018 376 2131 405 men-

1167 416 1222 458 tis
1239 413 1541 469 dispositionem
1556 443 1570 466 ,
1586 415 1628 456 &
1653 415 1832 457 habitum
1857 419 2135 474 repraesentet3

1168 473 1321 518 neccffe
1343 474 1493 517 habent
1517 477 1710 521 fratres,
1739 477 1811 529 qui
1839 474 1877 516 se
1889 480 2136 532 expropria-

1166 534 1276 576 tione
1290 544 1402 575 tanta
1417 537 1440 578 a
1457 533 1752 588 temporalibus
1766 534 2036 577 abstraxerunt
2054 564 2069 586 ‚
2083 538 2134 578 ab

1165 593 1275 634 omni
1291 595 1499 649 eo,quod
1523 594 1635 636 ‹1162ae
1664 593 1990 648 expropriationi
2011 592 2103 636 effet
2121 620 2136 643 ‚

1168 651 1234 693 vel
1251 650 1378 708 pollet
1399 653 1526 694 videri
1541 653 1821 702 contrarium,
1847 652 2104 697 abstinere-2
2127 680 2139 694 .

1166 711 1276 766 Qia
1293 711 1418 766 igitur
1431 712 1472 753 in
1486 708 1792 754 succeffionibus
1819 709 1959 753 tranfit
1975 725 2055 753 non
2075 712 2138 753 so·

1161 767 1246 812 lum
1261 770 1351 812 usus
1375 770 1462 822 rei,
1476 768 1542 813 sed
1555 772 1597 813 δι
1610 770 1837 812 dominium
1864 770 1934 812 suo
1949 782 2136 825 tempore

1163 829 1203 871 in
1234 828 1415 872 haeredes
1431 858 1444 880 ,
1478 831 1646 872 fratres
1679 839 1816 871 autern
1842 830 1997 885 praesati
2030 827 2134 871 nihil

1161 887 1230 931 fibi
1254 888 1294 930 in
1308 887 1703 945 specialiacquirere
1721 917 1737 939 ,
1772 887 1836 930 vel
1851 902 1993 932 eorum
2007 885 2140 930 Ordi-

1161 948 1203 991 ni
1228 944 1384 1003 possunt
1398 977 1414 1000 ‚
1427 948 1551 991 etiam
1570 949 1608 990 in
1624 947 1833 992 communi
1849 961 1862 991 ε
1878 944 2135 991 declarando

1162 1006 1339 1050 dicimus
1363 1035 1380 1058 ‚
1412 1007 1523 1065 quod
1558 1005 1846 1050 succeffionum
1872 1003 2137 1063 hujusmodi,

1163 1080 1251 1122 quae
1266 1068 1387 1111 etiam
1401 1081 1450 1112 ex
1464 1066 1519 1108 sui
1535 1077 1678 1110 natura
1699 1065 1983 1110 indifferenter
1996 1065 2047 1109 ad
2065 1078 2140 1120 pe-

1162 1127 1354 1179 cuniam,
1383 1129 1423 1170 &
1449 1126 1575 1169 etiam
1602 1126 1653 1169 ad
1669 1126 1748 1168 alia
1764 1125 1966 1176 mobilia,
1991 1128 2032 1167 &
2057 1122 2141 1166 im-

1164 1186 1333 1229 mobilia
1347 1188 1386 1230 se
1401 1184 1630 1231 extendunt
1646 1212 1661 1236 ‚
1689 1186 1709 1242 (
1723 1184 1981 1228 considerata
1996 1182 2055 1227 sui
2070 1195 2146 1240 pu.

1164 1246 1288 1288 ritate
1305 1246 1425 1300 voti)
1457 1243 1693 1287 nullatenus
1718 1243 1809 1288 sunt
1833 1256 2004 1299 capaces
2024 1255 2039 1285 t
2070 1254 2145 1284 nec

1171 1304 1271 1347 licet
1287 1306 1346 1348 eis
1364 1304 1547 1348 valorem
1568 1302 1854 1346 haereditatum
1871 1301 2046 1352 talium,
2078 1298 2147 1342 vel

1170 1373 1327 1407 tantam
1341 1376 1486 1407 earum
1501 1371 1659 1418 partem
1674 1389 1688 1413 ‚
1719 1361 1828 1418 quod
1848 1358 2029 1415 presumi
2054 1356 2148 1414 pos·

1169 1422 1230 1467 set
1256 1424 1333 1466 hoc
1358 1425 1401 1465 in
1419 1419 1604 1465 fraudem
1628 1419 1744 1468 fieri,
1775 1418 1884 1476 quali
1914 1419 1985 1462 sub
2013 1416 2144 1459 modo

1171 1484 1210 1526 &
1225 1480 1355 1526 forma
1370 1480 1492 1536 legati
1508 1479 1577 1523 libi
1590 1479 1744 1523 dimitti
1759 1475 1894 1522 facere
1910 1507 1924 1531 ,
1938 1476 2003 1520 vel
2020 1478 2071 1518 fic
2086 1475 2154 1517 di·

1170 1540 1280 1584 milla
1296 1544 1512 1596 recipere,
1540 1540 1640 1596 quin
1672 1538 1807 1595 potius
1833 1539 1901 1581 ista
1918 1537 1969 1579 fic
1983 1534 2072 1579 fieri
2098 1534 2149 1576 ab

1174 1600 1263 1657 ipsis
1279 1599 1517 1656 simpliciter
1537 1598 1830 1654 probibemus.
1863 1600 2057 1652 Cumque
2083 1608 2151 1636 an-

1174 1661 1239 1702 nui
1255 1660 1440 1703 redditus
1466 1660 1573 1701 inter
1602 1657 1828 1699 immobilia
1859 1656 2105 1699 censeantur
2125 1651 2149 1695 ἃ

1171 1718 1262 1774 jure
1277 1748 1292 1771 ‚
1324 1734 1370 1763 ac
1389 1716 1611 1771 hujusmodi
1630 1716 1814 1759 redditus
1828 1715 2018 1758 obtinere
2030 1742 2044 1766 ,
2058 1726 2155 1767 pau·

1170 1780 1323 1835 pertati
1357 1780 1398 1820 δι
1423 1777 1681 1818 mendicitati
1717 1783 1923 1828 repugnat
1950 1799 1966 1821 ‚
1995 1770 2147 1816 nulla,

1168 1836 1380 1880 dubitatio
1394 1835 1474 1884 est,
1487 1832 1598 1891 quod
1612 1832 1819 1891 praedietis
1837 1831 2048 1875 Fratribus
2063 1826 2160 1871 red·

1166 1898 1278 1943 ditus
1323 1894 1583 1953 quoscunque
1624 1920 1640 1943 ‚
1671 1891 1771 1935 ficut
1807 1893 1845 1935 &
1871 1889 2125 1947 poffeffiones
2140 1910 2156 1938 ,

1169 1956 1235 1997 vel
1251 1969 1392 1998 earum
1406 1954 1533 1995 etiam
1547 1954 1658 1996 usum
1673 1981 1688 2004 ‚
1718 1966 1815 1995 cum
1845 1952 1902 1994 cis
1930 1964 2013 1993 non
2034 1960 2155 2002 repe-

1169 2011 1303 2051 riatur
1320 2010 1542 2052 concentus,
1557 2012 1749 2062 recipere
1770 2009 1835 2051 vel
1851 2010 2004 2051 babere
2019 2007 2041 2063 (
2054 2018 2159 2049 con-

1171 2067 1332 2108 ditione
1361 2063 1613 2106 considerata
1651 2065 1830 2119 ipsorum
1858 2065 1881 2121 )
1911 2079 1994 2108 non
2024 2065 2151 2106 licet.

1139 2158 1143 2161 ,
1170 2121 1358 2174 Amplius
1380 2149 1394 2167 ‚
1426 2135 1519 2160 cum
1531 2136 1615 2163 non
1630 2120 1760 2166 solum
1775 2151 1790 2173 ,
1821 2121 1934 2177 quod
1950 2121 2149 2166 malum..-

1169 2174 1247 2219 else
1269 2173 1553 2228 dignoscitur,
1583 2175 1652 2216 sed
1677 2179 1881 2225 emmae,
1914 2179 2040 2230 quod
2068 2178 2159 2231 spe-

1168 2237 1273 2278 eiem
1301 2232 1426 2276 habet
1442 2231 1536 2274 mali
1555 2262 1571 2284 ,
1602 2234 1650 2275 fit
1677 2233 1700 2275 i
1719 2233 1813 2275 viris
1836 2232 2030 2290 perfectis
2061 2234 2157 2289 spc-

1169 2294 1330 2337 cialiter
1345 2290 1609 2335 evitandum.
1643 2293 1707 2334 Ex
1720 2290 1869 2335 talibus
1896 2304 2034 2336 autem
2062 2293 2153 2336 affi—

1169 2352 1337 2396 stentiiis
1350 2351 1392 2392 in
1408 2349 1531 2392 curiis
1544 2378 1559 2400 ,
1573 2351 1613 2391 δι
1626 2350 1971 2407 instigationibus,
1985 2364 2081 2393 cum
2097 2351 2151 2394 de

1170 2413 1295 2455 rebus
1321 2410 1458 2465 agitur
1473 2410 1511 2450 in
1532 2407 1705 2463 ipsorum
1723 2410 1943 2452 commoda
1972 2422 2159 2452 conver·

1170 2471 1319 2519 tendis,
1332 2467 1563 2511 creduntur
1578 2467 1853 2511 verifimiliter
1876 2483 1924 2511 ex
1950 2469 2037 2519 his,
2068 2482 2156 2523 quae

1175 2528 1275 2574 foris
1295 2538 1439 2584 patent
1464 2527 1482 2583 (
1499 2526 1553 2570 de
1566 2528 1712 2583 quibus
1727 2527 1877 2570 habent
1892 2530 2083 2570 homines
2098 2525 2161 2569 fo-

1174 2590 1227 2632 ris
1239 2588 1424 2646 judicare
1441 2586 1462 2643 )
1492 2587 1532 2629 in
1549 2586 1637 2640 ipfis
1663 2587 1782 2630 rebus
1799 2589 1965 2630 Fratres
1979 2585 2157 2629 allissen·

1174 2657 1235 2692 tes
1262 2646 1417 2702 aliquid
1431 2659 1612 2701 quoerere
1639 2656 1835 2702 tanquam
1862 2646 1972 2688 suum
1997 2660 2010 2690 ε
2037 2644 2155 2688 nullo

1171 2706 1297 2751 modo
1309 2706 1459 2749 debent
1475 2704 1702 2762 hujusmodi
1719 2706 1860 2748 voti&
1877 2704 2047 2762 Regulae
2062 2718 2160 2761 pro-

1180 2765 1343 2810 seffores
1358 2763 1398 2808 se
1415 2764 1569 2808 talibus
1592 2764 1744 2815 curiis,
1778 2766 1818 2806 &
1847 2765 2031 2821 litigiofis
2056 2764 2160 2807 acti-

1178 2825 1252 2869 bus
1279 2824 1506 2868 immiscere
1520 2852 1537 2874 ,
1565 2832 1611 2867 ut
1637 2825 1678 2866 δι
1693 2824 1967 2865 testimonium
1984 2824 2161 2866 habeant

1178 2884 1229 2928 ab
1245 2885 1336 2936 his,
1367 2884 1436 2941 qui
1464 2881 1565 2925 soris
1582 2880 1702 2932 sunt,
1737 2882 1777 2922 &
1803 2880 1975 2936 puritati
1999 2880 2157 2924 satissa-

1176 2943 1287 2986 ciant
1319 2942 1406 2985 voti
1422 2941 1507 2993 sui,
1537 2954 1584 2983 ac
1598 2940 1781 2983 evitetur
1807 2953 1878 2995 per
1902 2940 1980 2983 hoc
1997 2939 2159 2985 scanda-

1182 3002 1269 3046 lum
1283 3002 1566 3057 proximorum
1579 3029 1592 3040 .
1624 2998 1781 3043 verum
1804 2999 1942 3046 etiam,
1955 2997 2044 3042 ct'tm
2061 2999 2159 3041 dieti

1182 3061 1348 3104 Ordinis
1372 3062 1539 3103 Fratres
1565 3072 1648 3101 non
1678 3057 1810 3100 folum
1836 3055 1860 3099 a*
1876 3060 2156 3113 receptione.)

1186 3119 1472 3178 proprietate,
1505 3117 1731 3167 Dominio,
1764 3115 1844 3160 five
1868 3116 1935 3158 usu
1955 3116 2073 3171 ipfius
2087 3129 2158 3169 pe-

1185 3179 1315 3222 cuniae
1332 3207 1347 3230 ‚
1369 3175 1507 3220 verum
1521 3177 1647 3220 etiam
1669 3176 1692 3218 a
1717 3174 2046 3218 contrectatione
2062 3188 2162 3230 qua·

1186 3238 1291 3280 libet
1319 3234 1466 3292 ipsius,
1497 3238 1538 3281 δι
1566 3235 1616 3277 ab
1642 3249 1690 3278 ea
1716 3235 1790 3275 fint
1812 3233 1975 3290 penitus
2001 3234 2161 3284 alieni,

1184 3293 1528 3352 quemadmodum
1542 3296 1638 3350 saepe
1653 3294 1784 3336 dietus
1799 3291 2063 3336 Praedeceflor
2082 3305 2161 3334 no·

1185 3357 1267 3400 ster
1282 3355 1320 3397 in
1335 3352 1614 3398 declaratione
1629 3350 2030 3407 hujusmodiRegulae
2043 3348 2161 3407 plane

1185 3414 1318 3460 dixit:
1337 3427 1512 3471 cumque
1531 3412 1628 3456 dieti
1644 3411 1812 3454 Ordinis
1826 3406 2071 3465 profell'ores
2085 3422 2162 3465 pro

1185 3474 1298 3518 nulla
1309 3489 1353 3517 re
1368 3471 1589 3528 temporali
1608 3469 1768 3526 poffunt
1779 3471 1818 3512 in
1833 3467 1986 3523 judicio
1997 3468 2163 3525 experi-

1184 3535 1247 3585 ri,
1262 3533 1462 3588 prodieris
1480 3532 1692 3573 Fratribus
1710 3542 1791 3571 non
1808 3528 1908 3570 licet
1920 3556 1935 3578 ,
1958 3542 2029 3572 nec
2047 3540 2163 3569 com-

1189 3593 1323 3648 petit,
1353 3592 1448 3647 quin
1471 3590 1611 3645 potius
1624 3585 1873 3631 confiderata
1894 3584 1949 3628 sui
1982 3586 2161 3643 puritate

1190 3651 1312 3696 status
1326 3678 1340 3700 ‚
1367 3648 1524 3692 debent
1539 3647 1610 3690 fibi
1626 3644 1726 3690 scire
1737 3646 2006 3690 interdictum
2022 3673 2036 3693 ‚
2050 3641 2159 3698 quod

1183 3707 1410 3765 hujusmodi
1439 3706 1754 3750 executionibus
1773 3735 1788 3758 ‚
1820 3708 1860 3748 δι
1883 3698 2157 3759 dispofitioni-

1183 3771 1254 3813 bus
1267 3768 1304 3814 se
1319 3777 1557 3825 exponant,
1590 3765 1682 3811 etim
1698 3766 1783 3809 haec
1801 3763 1936 3821 saepius
1949 3759 2096 3858 afflue
2109 3753 2156 3803 112·

1969 3869 1975 3874 ‚
1993 3832 2069 3873 igio
2082 3839 2097 3863 2
