<?xml version="1.0" encoding="UTF-8"?>
<!DOCTYPE html PUBLIC "-//W3C//DTD XHTML 1.0 Transitional//EN"
    "http://www.w3.org/TR/xhtml1/DTD/xhtml1-transitional.dtd">
<html xmlns="http://www.w3.org/1999/xhtml" xml:lang="en" lang="en">
 <head>
  <title>
</title>
<meta http-equiv="Content-Type" content="text/html;charset=utf-8" />
  <meta name='ocr-system' content='tesseract 3.04.00' />
  <meta name='ocr-capabilities' content='ocr_page ocr_carea ocr_par ocr_line ocrx_word'/>
</head>
<body>
  <div class='ocr_page' id='page_1' title='image "./bullariumordinis06cath_0576.png"; bbox 0 0 2444 4192; ppageno 0'>
   <div class='ocr_carea' id='block_1_1' title="bbox 340 243 510 331">
    <p class='ocr_par' dir='ltr' id='par_1_1' title="bbox 340 243 510 331">
     <span class='ocr_line' id='line_1_1' title="bbox 340 243 510 331; baseline -0.035 1"><span class='ocrx_word' id='word_1_1' title='bbox 340 243 510 331; x_wconf 76' lang='lat'>554</span> 
     </span>
    </p>
   </div>
   <div class='ocr_carea' id='block_1_2' title="bbox 264 364 1259 3084">
    <p class='ocr_par' dir='ltr' id='par_1_2' title="bbox 268 364 1254 950">
     <span class='ocr_line' id='line_1_2' title="bbox 268 364 1252 423; baseline -0.005 -8"><span class='ocrx_word' id='word_1_2' title='bbox 268 370 523 415; x_wconf 76' lang='lat' dir='ltr'>violabiliter</span> <span class='ocrx_word' id='word_1_3' title='bbox 537 369 588 412; x_wconf 87' lang='lat' dir='ltr'>ab</span> <span class='ocrx_word' id='word_1_4' title='bbox 603 368 790 411; x_wconf 89' lang='lat' dir='ltr'>omnibus</span> <span class='ocrx_word' id='word_1_5' title='bbox 808 394 821 416; x_wconf 87' lang='lat'>‚</span> <span class='ocrx_word' id='word_1_6' title='bbox 833 364 957 409; x_wconf 85' lang='lat' dir='ltr'>etiam</span> <span class='ocrx_word' id='word_1_7' title='bbox 973 367 1252 423; x_wconf 86' lang='lat' dir='ltr'>Regularibus</span> 
     </span>
     <span class='ocr_line' id='line_1_3' title="bbox 271 423 1254 486; baseline -0.001 -15"><span class='ocrx_word' id='word_1_8' title='bbox 271 425 610 486; x_wconf 77' lang='lat' dir='ltr'>quibuscumque,</span> <span class='ocrx_word' id='word_1_9' title='bbox 623 439 706 470; x_wconf 87' lang='lat' dir='ltr'>tam</span> <span class='ocrx_word' id='word_1_10' title='bbox 727 423 1029 476; x_wconf 76' lang='lat' dir='ltr'>Ecclefiasticis,</span> <span class='ocrx_word' id='word_1_11' title='bbox 1044 430 1160 483; x_wconf 74' lang='lat' dir='ltr'>quam</span> <span class='ocrx_word' id='word_1_12' title='bbox 1174 431 1254 472; x_wconf 77' lang='lat' dir='ltr'>Soe-</span> 
     </span>
     <span class='ocr_line' id='line_1_4' title="bbox 271 483 1254 544; baseline -0.001 -15"><span class='ocrx_word' id='word_1_13' title='bbox 271 490 482 535; x_wconf 75' lang='lat' dir='ltr'>cularibus</span> <span class='ocrx_word' id='word_1_14' title='bbox 499 486 675 544; x_wconf 86' lang='lat' dir='ltr'>personis</span> <span class='ocrx_word' id='word_1_15' title='bbox 692 512 707 534; x_wconf 84' lang='lat'><strong>‚</strong></span> <span class='ocrx_word' id='word_1_16' title='bbox 718 483 892 540; x_wconf 79' lang='lat' dir='ltr'>cujusvis</span> <span class='ocrx_word' id='word_1_17' title='bbox 907 484 1028 530; x_wconf 71' lang='lat' dir='ltr'>statiis</span> <span class='ocrx_word' id='word_1_18' title='bbox 1040 514 1056 536; x_wconf 92' lang='lat'>‚</span> <span class='ocrx_word' id='word_1_19' title='bbox 1073 486 1221 543; x_wconf 68' lang='lat' dir='ltr'>gradus</span> <span class='ocrx_word' id='word_1_20' title='bbox 1239 516 1254 540; x_wconf 92' lang='lat'>‚</span> 
     </span>
     <span class='ocr_line' id='line_1_5' title="bbox 271 544 1249 603; baseline 0 -14"><span class='ocrx_word' id='word_1_21' title='bbox 271 548 431 592; x_wconf 79' lang='lat' dir='ltr'><strong>ordinis</strong></span> <span class='ocrx_word' id='word_1_22' title='bbox 445 576 460 597; x_wconf 86' lang='lat'>‚</span> <span class='ocrx_word' id='word_1_23' title='bbox 472 551 512 591; x_wconf 84' lang='lat'>&amp;</span> <span class='ocrx_word' id='word_1_24' title='bbox 529 545 778 589; x_wconf 85' lang='lat' dir='ltr'>conditionis</span> <span class='ocrx_word' id='word_1_25' title='bbox 791 569 806 591; x_wconf 71' lang='lat'>2</span> <span class='ocrx_word' id='word_1_26' title='bbox 836 552 906 586; x_wconf 86' lang='lat' dir='ltr'>aut</span> <span class='ocrx_word' id='word_1_27' title='bbox 932 544 1141 603; x_wconf 83' lang='lat' dir='ltr'>dignitatis</span> <span class='ocrx_word' id='word_1_28' title='bbox 1166 557 1249 589; x_wconf 88' lang='lat' dir='ltr'>tam</span> 
     </span>
     <span class='ocr_line' id='line_1_6' title="bbox 272 601 1250 662; baseline -0.003 -11"><span class='ocrx_word' id='word_1_29' title='bbox 272 608 558 652; x_wconf 80' lang='lat' dir='ltr'>Ecclefiastieae</span> <span class='ocrx_word' id='word_1_30' title='bbox 570 634 585 657; x_wconf 90' lang='lat'><strong>‚</strong></span> <span class='ocrx_word' id='word_1_31' title='bbox 606 605 726 660; x_wconf 65' lang='lat' dir='ltr'>quam</span> <span class='ocrx_word' id='word_1_32' title='bbox 738 601 969 656; x_wconf 71' lang='lat' dir='ltr'>Saecularis,</span> <span class='ocrx_word' id='word_1_33' title='bbox 985 604 1136 649; x_wconf 86' lang='lat' dir='ltr'>etiamfi</span> <span class='ocrx_word' id='word_1_34' title='bbox 1161 604 1250 662; x_wconf 87' lang='lat' dir='ltr'>spe-</span> 
     </span>
     <span class='ocr_line' id='line_1_7' title="bbox 271 661 1247 721; baseline -0.003 -12"><span class='ocrx_word' id='word_1_35' title='bbox 271 667 418 716; x_wconf 81' lang='lat' dir='ltr'>cialis,</span> <span class='ocrx_word' id='word_1_36' title='bbox 442 663 626 721; x_wconf 84' lang='lat' dir='ltr'>specifica</span> <span class='ocrx_word' id='word_1_37' title='bbox 643 692 659 714; x_wconf 91' lang='lat'>,</span> <span class='ocrx_word' id='word_1_38' title='bbox 687 663 729 704; x_wconf 71' lang='grc' dir='ltr'>δι</span> <span class='ocrx_word' id='word_1_39' title='bbox 750 661 962 705; x_wconf 84' lang='lat' dir='ltr'>individua</span> <span class='ocrx_word' id='word_1_40' title='bbox 984 679 1126 708; x_wconf 86' lang='lat' dir='ltr'>earum</span> <span class='ocrx_word' id='word_1_41' title='bbox 1152 665 1247 707; x_wconf 84' lang='lat' dir='ltr'>effet</span> 
     </span>
     <span class='ocr_line' id='line_1_8' title="bbox 269 721 1247 780; baseline -0.001 -13"><span class='ocrx_word' id='word_1_42' title='bbox 269 723 490 767; x_wconf 66' lang='lat' dir='ltr'>necessario</span> <span class='ocrx_word' id='word_1_43' title='bbox 503 721 685 766; x_wconf 81' lang='lat' dir='ltr'>facienda</span> <span class='ocrx_word' id='word_1_44' title='bbox 698 721 856 764; x_wconf 89' lang='lat' dir='ltr'>mentio</span> <span class='ocrx_word' id='word_1_45' title='bbox 870 749 885 773; x_wconf 87' lang='lat'><strong>,</strong></span> <span class='ocrx_word' id='word_1_46' title='bbox 914 722 1123 768; x_wconf 80' lang='lat' dir='ltr'>observari</span> <span class='ocrx_word' id='word_1_47' title='bbox 1147 738 1247 780; x_wconf 82' lang='lat' dir='ltr'>prae·</span> 
     </span>
     <span class='ocr_line' id='line_1_9' title="bbox 271 780 1246 841; baseline -0.003 -15"><span class='ocrx_word' id='word_1_48' title='bbox 271 785 471 841; x_wconf 80' lang='lat' dir='ltr'><strong>cipimus,</strong></span> <span class='ocrx_word' id='word_1_49' title='bbox 495 780 777 825; x_wconf 85' lang='lat' dir='ltr'>&amp;mandamus</span> <span class='ocrx_word' id='word_1_50' title='bbox 793 809 810 833; x_wconf 90' lang='lat'><strong>,</strong></span> <span class='ocrx_word' id='word_1_51' title='bbox 834 781 966 825; x_wconf 91' lang='lat' dir='ltr'>donec</span> <span class='ocrx_word' id='word_1_52' title='bbox 992 784 1246 828; x_wconf 47' lang='lat' dir='ltr'>&amp;Romamn</span> 
     </span>
     <span class='ocr_line' id='line_1_10' title="bbox 269 839 1247 899; baseline -0.004 -12"><span class='ocrx_word' id='word_1_53' title='bbox 269 843 506 899; x_wconf 79' lang='lat' dir='ltr'>Apostolica</span> <span class='ocrx_word' id='word_1_54' title='bbox 516 841 620 883; x_wconf 87' lang='lat' dir='ltr'>Sede</span> <span class='ocrx_word' id='word_1_55' title='bbox 635 839 863 897; x_wconf 86' lang='lat' dir='ltr'>hujusmodi</span> <span class='ocrx_word' id='word_1_56' title='bbox 873 841 1150 886; x_wconf 82' lang='lat' dir='ltr'>controverlia</span> <span class='ocrx_word' id='word_1_57' title='bbox 1161 840 1247 884; x_wconf 87' lang='lat' dir='ltr'>fue-</span> 
     </span>
     <span class='ocr_line' id='line_1_11' title="bbox 268 901 539 950; baseline -0.011 -6"><span class='ocrx_word' id='word_1_58' title='bbox 268 901 513 950; x_wconf 78' lang='lat' dir='ltr'>ritdiffinita</span> <span class='ocrx_word' id='word_1_59' title='bbox 527 930 539 942; x_wconf 91' lang='lat'><strong>.</strong></span> 
     </span>
    </p>

    <p class='ocr_par' dir='ltr' id='par_1_3' title="bbox 264 959 1257 2020">
     <span class='ocr_line' id='line_1_12' title="bbox 326 959 1247 1017; baseline 0.003 -17"><span class='ocrx_word' id='word_1_60' title='bbox 326 962 351 1011; x_wconf 68' lang='grc' dir='ltr'><strong>ξ</strong></span> <span class='ocrx_word' id='word_1_61' title='bbox 383 974 423 1011; x_wconf 87' lang='lat'>7.</span> <span class='ocrx_word' id='word_1_62' title='bbox 486 962 548 1003; x_wconf 84' lang='lat' dir='ltr'>Ac</span> <span class='ocrx_word' id='word_1_63' title='bbox 567 970 755 1016; x_wconf 76' lang='lat' dir='ltr'>praeterea</span> <span class='ocrx_word' id='word_1_64' title='bbox 770 960 824 1010; x_wconf 82' lang='lat' dir='ltr'>‚fi</span> <span class='ocrx_word' id='word_1_65' title='bbox 847 959 938 1015; x_wconf 89' lang='lat' dir='ltr'>quis</span> <span class='ocrx_word' id='word_1_66' title='bbox 958 961 1101 1017; x_wconf 78' lang='lat' dir='ltr'>quovis</span> <span class='ocrx_word' id='word_1_67' title='bbox 1121 959 1247 1005; x_wconf 90' lang='lat' dir='ltr'>modo</span> 
     </span>
     <span class='ocr_line' id='line_1_13' title="bbox 267 1019 1246 1076; baseline -0.003 -13"><span class='ocrx_word' id='word_1_68' title='bbox 267 1020 577 1063; x_wconf 80' lang='lat' dir='ltr'>contravenerit</span> <span class='ocrx_word' id='word_1_69' title='bbox 592 1048 609 1070; x_wconf 93' lang='lat'>,</span> <span class='ocrx_word' id='word_1_70' title='bbox 640 1028 785 1076; x_wconf 83' lang='lat' dir='ltr'>praeter</span> <span class='ocrx_word' id='word_1_71' title='bbox 800 1019 1112 1076; x_wconf 69' lang='lat' dir='ltr'>supradifitarum</span> <span class='ocrx_word' id='word_1_72' title='bbox 1129 1023 1246 1063; x_wconf 88' lang='lat' dir='ltr'>Con-</span> 
     </span>
     <span class='ocr_line' id='line_1_14' title="bbox 265 1074 1246 1135; baseline -0.001 -13"><span class='ocrx_word' id='word_1_73' title='bbox 265 1080 516 1122; x_wconf 76' lang='lat' dir='ltr'>stitutionum</span> <span class='ocrx_word' id='word_1_74' title='bbox 528 1091 672 1135; x_wconf 83' lang='lat' dir='ltr'>poenas</span> <span class='ocrx_word' id='word_1_75' title='bbox 685 1074 908 1134; x_wconf 66' lang='lat' dir='ltr'>respeetive</span> <span class='ocrx_word' id='word_1_76' title='bbox 931 1078 1018 1135; x_wconf 90' lang='lat' dir='ltr'>ipso</span> <span class='ocrx_word' id='word_1_77' title='bbox 1050 1076 1158 1122; x_wconf 65' lang='lat' dir='ltr'>faflo</span> <span class='ocrx_word' id='word_1_78' title='bbox 1187 1080 1246 1121; x_wconf 91' lang='lat' dir='ltr'>in·</span> 
     </span>
     <span class='ocr_line' id='line_1_15' title="bbox 264 1137 1248 1196; baseline -0.001 -15"><span class='ocrx_word' id='word_1_79' title='bbox 264 1138 489 1182; x_wconf 86' lang='lat' dir='ltr'>currendas</span> <span class='ocrx_word' id='word_1_80' title='bbox 503 1164 519 1188; x_wconf 89' lang='lat'>‚</span> <span class='ocrx_word' id='word_1_81' title='bbox 533 1138 659 1181; x_wconf 89' lang='lat' dir='ltr'>etiam</span> <span class='ocrx_word' id='word_1_82' title='bbox 675 1137 975 1187; x_wconf 81' lang='lat' dir='ltr'>concionandi,</span> <span class='ocrx_word' id='word_1_83' title='bbox 1003 1138 1171 1196; x_wconf 68' lang='lat' dir='ltr'>publice</span> <span class='ocrx_word' id='word_1_84' title='bbox 1191 1138 1248 1180; x_wconf 91' lang='lat' dir='ltr'>le·</span> 
     </span>
     <span class='ocr_line' id='line_1_16' title="bbox 265 1194 1250 1255; baseline -0.003 -14"><span class='ocrx_word' id='word_1_85' title='bbox 265 1199 391 1255; x_wconf 81' lang='lat' dir='ltr'>gendi</span> <span class='ocrx_word' id='word_1_86' title='bbox 405 1197 498 1248; x_wconf 82' lang='lat' dir='ltr'>,seu</span> <span class='ocrx_word' id='word_1_87' title='bbox 512 1195 716 1245; x_wconf 86' lang='lat' dir='ltr'>docendi,</span> <span class='ocrx_word' id='word_1_88' title='bbox 740 1197 1099 1253; x_wconf 85' lang='lat' dir='ltr'>&amp;interpretandi</span> <span class='ocrx_word' id='word_1_89' title='bbox 1119 1194 1250 1239; x_wconf 87' lang='lat' dir='ltr'>facul·</span> 
     </span>
     <span class='ocr_line' id='line_1_17' title="bbox 265 1253 1251 1313; baseline -0.002 -14"><span class='ocrx_word' id='word_1_90' title='bbox 265 1267 386 1310; x_wconf 84' lang='lat' dir='ltr'>tate,</span> <span class='ocrx_word' id='word_1_91' title='bbox 410 1271 456 1300; x_wconf 92' lang='lat' dir='ltr'>ac</span> <span class='ocrx_word' id='word_1_92' title='bbox 486 1271 588 1300; x_wconf 77' lang='lat' dir='ltr'>voce</span> <span class='ocrx_word' id='word_1_93' title='bbox 609 1255 764 1307; x_wconf 70' lang='lat' dir='ltr'>affin,</span> <span class='ocrx_word' id='word_1_94' title='bbox 794 1256 996 1312; x_wconf 80' lang='lat' dir='ltr'>&amp;paffiva</span> <span class='ocrx_word' id='word_1_95' title='bbox 1024 1259 1066 1299; x_wconf 90' lang='lat' dir='ltr'>in</span> <span class='ocrx_word' id='word_1_96' title='bbox 1090 1253 1251 1313; x_wconf 89' lang='lat' dir='ltr'>quibus-</span> 
     </span>
     <span class='ocr_line' id='line_1_18' title="bbox 265 1314 1254 1374; baseline -0.002 -15"><span class='ocrx_word' id='word_1_97' title='bbox 265 1330 441 1374; x_wconf 87' lang='lat' dir='ltr'>cumque</span> <span class='ocrx_word' id='word_1_98' title='bbox 453 1315 725 1360; x_wconf 57' lang='lat' dir='ltr'>electionibus</span> <span class='ocrx_word' id='word_1_99' title='bbox 740 1329 792 1358; x_wconf 91' lang='lat' dir='ltr'>eo</span> <span class='ocrx_word' id='word_1_100' title='bbox 810 1315 898 1371; x_wconf 91' lang='lat' dir='ltr'>ipso</span> <span class='ocrx_word' id='word_1_101' title='bbox 916 1318 1067 1374; x_wconf 88' lang='lat' dir='ltr'>absque</span> <span class='ocrx_word' id='word_1_102' title='bbox 1079 1318 1162 1361; x_wconf 91' lang='lat' dir='ltr'>alia</span> <span class='ocrx_word' id='word_1_103' title='bbox 1178 1314 1254 1358; x_wconf 89' lang='lat' dir='ltr'>de·</span> 
     </span>
     <span class='ocr_line' id='line_1_19' title="bbox 264 1375 1254 1430; baseline -0.002 -13"><span class='ocrx_word' id='word_1_104' title='bbox 264 1375 495 1420; x_wconf 84' lang='lat' dir='ltr'>claratione</span> <span class='ocrx_word' id='word_1_105' title='bbox 523 1375 706 1430; x_wconf 82' lang='lat' dir='ltr'>privatus</span> <span class='ocrx_word' id='word_1_106' title='bbox 747 1375 888 1418; x_wconf 79' lang='lat' dir='ltr'>existat</span> <span class='ocrx_word' id='word_1_107' title='bbox 917 1404 934 1427; x_wconf 84' lang='lat'><strong>,</strong></span> <span class='ocrx_word' id='word_1_108' title='bbox 965 1390 1122 1419; x_wconf 86' lang='lat' dir='ltr'>necnon</span> <span class='ocrx_word' id='word_1_109' title='bbox 1152 1388 1254 1416; x_wconf 86' lang='lat' dir='ltr'>con·</span> 
     </span>
     <span class='ocr_line' id='line_1_20' title="bbox 266 1432 1254 1490; baseline 0 -14"><span class='ocrx_word' id='word_1_110' title='bbox 266 1433 461 1477; x_wconf 80' lang='lat' dir='ltr'>cionandi</span> <span class='ocrx_word' id='word_1_111' title='bbox 475 1461 491 1484; x_wconf 89' lang='lat'>‚</span> <span class='ocrx_word' id='word_1_112' title='bbox 515 1436 557 1476; x_wconf 77' lang='grc' dir='ltr'>δι</span> <span class='ocrx_word' id='word_1_113' title='bbox 572 1432 736 1490; x_wconf 78' lang='lat' dir='ltr'>public&#39;e</span> <span class='ocrx_word' id='word_1_114' title='bbox 754 1434 941 1490; x_wconf 82' lang='lat' dir='ltr'>legendi,</span> <span class='ocrx_word' id='word_1_115' title='bbox 966 1434 1146 1478; x_wconf 86' lang='lat' dir='ltr'>docendi</span> <span class='ocrx_word' id='word_1_116' title='bbox 1167 1461 1183 1482; x_wconf 90' lang='lat'>‚</span> <span class='ocrx_word' id='word_1_117' title='bbox 1213 1435 1254 1474; x_wconf 87' lang='lat'>&amp;</span> 
     </span>
     <span class='ocr_line' id='line_1_21' title="bbox 266 1490 1253 1548; baseline -0.008 -13"><span class='ocrx_word' id='word_1_118' title='bbox 266 1492 568 1548; x_wconf 83' lang='lat' dir='ltr'>interpretandi</span> <span class='ocrx_word' id='word_1_119' title='bbox 583 1502 787 1545; x_wconf 69' lang='lat' dir='ltr'>perpetue</span> <span class='ocrx_word' id='word_1_120' title='bbox 803 1490 1070 1532; x_wconf 78' lang='lat' dir='ltr'>inhabilitatis</span> <span class='ocrx_word' id='word_1_121' title='bbox 1104 1501 1253 1543; x_wconf 82' lang='lat' dir='ltr'>poenas</span> 
     </span>
     <span class='ocr_line' id='line_1_22' title="bbox 265 1545 1256 1603; baseline -0.007 -9"><span class='ocrx_word' id='word_1_122' title='bbox 265 1552 450 1594; x_wconf 82' lang='lat' dir='ltr'>fimiliter</span> <span class='ocrx_word' id='word_1_123' title='bbox 464 1549 547 1603; x_wconf 75' lang='lat' dir='ltr'>ipso</span> <span class='ocrx_word' id='word_1_124' title='bbox 556 1548 658 1588; x_wconf 74' lang='lat' dir='ltr'>facio</span> <span class='ocrx_word' id='word_1_125' title='bbox 672 1548 883 1596; x_wconf 82' lang='lat' dir='ltr'>incurrat,</span> <span class='ocrx_word' id='word_1_126' title='bbox 908 1545 1054 1600; x_wconf 84' lang='lat' dir='ltr'>absque</span> <span class='ocrx_word' id='word_1_127' title='bbox 1084 1545 1165 1589; x_wconf 84' lang='lat' dir='ltr'>alia</span> <span class='ocrx_word' id='word_1_128' title='bbox 1180 1545 1256 1588; x_wconf 90' lang='lat' dir='ltr'>de·</span> 
     </span>
     <span class='ocr_line' id='line_1_23' title="bbox 268 1600 1252 1659; baseline -0.005 -9"><span class='ocrx_word' id='word_1_129' title='bbox 268 1608 520 1656; x_wconf 72' lang='lat' dir='ltr'>damtione,</span> <span class='ocrx_word' id='word_1_130' title='bbox 551 1604 572 1646; x_wconf 68' lang='lat' dir='ltr'><strong>a</strong></span> <span class='ocrx_word' id='word_1_131' title='bbox 596 1604 740 1659; x_wconf 86' lang='lat' dir='ltr'>quibus</span> <span class='ocrx_word' id='word_1_132' title='bbox 759 1600 914 1645; x_wconf 69' lang='lat' dir='ltr'>nonnisi</span> <span class='ocrx_word' id='word_1_133' title='bbox 940 1603 964 1647; x_wconf 65' lang='lat' dir='ltr'>a</span> <span class='ocrx_word' id='word_1_134' title='bbox 986 1602 1252 1659; x_wconf 86' lang='lat' dir='ltr'>Nobisipfis,</span> 
     </span>
     <span class='ocr_line' id='line_1_24' title="bbox 268 1660 1255 1711; baseline -0.006 -2"><span class='ocrx_word' id='word_1_135' title='bbox 268 1667 341 1710; x_wconf 80' lang='lat' dir='ltr'>vel</span> <span class='ocrx_word' id='word_1_136' title='bbox 364 1660 664 1711; x_wconf 77' lang='lat' dir='ltr'>Success&#39;oribus</span> <span class='ocrx_word' id='word_1_137' title='bbox 697 1662 839 1704; x_wconf 80' lang='lat' dir='ltr'>nostris</span> <span class='ocrx_word' id='word_1_138' title='bbox 859 1663 1055 1708; x_wconf 86' lang='lat' dir='ltr'>Romanis</span> <span class='ocrx_word' id='word_1_139' title='bbox 1076 1661 1255 1708; x_wconf 87' lang='lat' dir='ltr'>Pontifi-</span> 
     </span>
     <span class='ocr_line' id='line_1_25' title="bbox 269 1716 1250 1780; baseline -0.007 -10"><span class='ocrx_word' id='word_1_140' title='bbox 269 1726 384 1770; x_wconf 82' lang='lat' dir='ltr'>cibus</span> <span class='ocrx_word' id='word_1_141' title='bbox 398 1724 549 1780; x_wconf 87' lang='lat' dir='ltr'>pariter</span> <span class='ocrx_word' id='word_1_142' title='bbox 559 1720 734 1773; x_wconf 77' lang='lat' dir='ltr'>absolvi,</span> <span class='ocrx_word' id='word_1_143' title='bbox 746 1716 813 1764; x_wconf 86' lang='lat' dir='ltr'>seu</span> <span class='ocrx_word' id='word_1_144' title='bbox 830 1720 947 1777; x_wconf 89' lang='lat' dir='ltr'>super</span> <span class='ocrx_word' id='word_1_145' title='bbox 962 1723 1012 1765; x_wconf 86' lang='lat' dir='ltr'>iis</span> <span class='ocrx_word' id='word_1_146' title='bbox 1028 1719 1250 1778; x_wconf 77' lang='lat' dir='ltr'>dispensari</span> 
     </span>
     <span class='ocr_line' id='line_1_26' title="bbox 268 1780 1257 1844; baseline -0.004 -17"><span class='ocrx_word' id='word_1_147' title='bbox 268 1784 390 1844; x_wconf 85' lang='lat' dir='ltr'>poffit</span> <span class='ocrx_word' id='word_1_148' title='bbox 403 1813 419 1835; x_wconf 91' lang='lat'><strong>,</strong></span> <span class='ocrx_word' id='word_1_149' title='bbox 434 1784 475 1825; x_wconf 74' lang='grc' dir='ltr'>δι</span> <span class='ocrx_word' id='word_1_150' title='bbox 488 1781 750 1826; x_wconf 83' lang='lat' dir='ltr'>nihilominus</span> <span class='ocrx_word' id='word_1_151' title='bbox 764 1780 855 1824; x_wconf 82' lang='lat' dir='ltr'>aliis</span> <span class='ocrx_word' id='word_1_152' title='bbox 872 1782 1003 1838; x_wconf 85' lang='lat' dir='ltr'>poenis</span> <span class='ocrx_word' id='word_1_153' title='bbox 1020 1781 1160 1827; x_wconf 82' lang='lat' dir='ltr'>nostro</span> <span class='ocrx_word' id='word_1_154' title='bbox 1178 1810 1194 1835; x_wconf 85' lang='lat'>,</span> <span class='ocrx_word' id='word_1_155' title='bbox 1215 1781 1257 1823; x_wconf 75' lang='grc' dir='ltr'>δι</span> 
     </span>
     <span class='ocr_line' id='line_1_27' title="bbox 268 1840 1254 1888; baseline -0.004 -2"><span class='ocrx_word' id='word_1_156' title='bbox 268 1843 505 1888; x_wconf 84' lang='lat' dir='ltr'>eorumdem</span> <span class='ocrx_word' id='word_1_157' title='bbox 522 1843 803 1886; x_wconf 85' lang='lat' dir='ltr'>Romanorum</span> <span class='ocrx_word' id='word_1_158' title='bbox 820 1840 1068 1888; x_wconf 85' lang='lat' dir='ltr'>Pontificum</span> <span class='ocrx_word' id='word_1_159' title='bbox 1088 1840 1254 1885; x_wconf 72' lang='lat' dir='ltr'>Succes-</span> 
     </span>
     <span class='ocr_line' id='line_1_28' title="bbox 271 1899 1253 1959; baseline -0.006 -12"><span class='ocrx_word' id='word_1_160' title='bbox 271 1904 407 1948; x_wconf 81' lang='lat' dir='ltr'>sorum</span> <span class='ocrx_word' id='word_1_161' title='bbox 417 1902 643 1944; x_wconf 81' lang='lat' dir='ltr'>nostrorum</span> <span class='ocrx_word' id='word_1_162' title='bbox 657 1901 827 1944; x_wconf 87' lang='lat' dir='ltr'>arbitrio</span> <span class='ocrx_word' id='word_1_163' title='bbox 840 1900 1051 1959; x_wconf 82' lang='lat' dir='ltr'>infligendi</span> <span class='ocrx_word' id='word_1_164' title='bbox 1057 1917 1075 1945; x_wconf 88' lang='lat' dir='ltr'>s</span> <span class='ocrx_word' id='word_1_165' title='bbox 1086 1927 1102 1951; x_wconf 64' lang='lat'>2</span> <span class='ocrx_word' id='word_1_166' title='bbox 1133 1899 1253 1956; x_wconf 90' lang='lat' dir='ltr'>subji-</span> 
     </span>
     <span class='ocr_line' id='line_1_29' title="bbox 270 1958 1251 2020; baseline -0.003 -14"><span class='ocrx_word' id='word_1_167' title='bbox 270 1964 406 2006; x_wconf 85' lang='lat' dir='ltr'>ciatur</span> <span class='ocrx_word' id='word_1_168' title='bbox 419 1990 434 2012; x_wconf 92' lang='lat'><strong>,</strong></span> <span class='ocrx_word' id='word_1_169' title='bbox 449 1968 572 2018; x_wconf 87' lang='lat' dir='ltr'>prout</span> <span class='ocrx_word' id='word_1_170' title='bbox 587 1974 678 2002; x_wconf 88' lang='lat' dir='ltr'>eum</span> <span class='ocrx_word' id='word_1_171' title='bbox 692 1958 924 2016; x_wconf 75' lang='lat' dir='ltr'>subjicimus</span> <span class='ocrx_word' id='word_1_172' title='bbox 939 1976 1010 2016; x_wconf 83' lang='lat' dir='ltr'>per</span> <span class='ocrx_word' id='word_1_173' title='bbox 1023 1963 1251 2020; x_wconf 66' lang='lat' dir='ltr'>presentes·</span> 
     </span>
    </p>

    <p class='ocr_par' dir='ltr' id='par_1_4' title="bbox 264 2018 1254 2788">
     <span class='ocr_line' id='line_1_30' title="bbox 328 2018 1254 2077; baseline 0 -16"><span class='ocrx_word' id='word_1_174' title='bbox 328 2021 366 2071; x_wconf 58' lang='grc' dir='ltr'>ᾖ.</span> <span class='ocrx_word' id='word_1_175' title='bbox 384 2022 425 2062; x_wconf 90' lang='grc'>8.</span> <span class='ocrx_word' id='word_1_176' title='bbox 485 2022 542 2063; x_wconf 84' lang='lat' dir='ltr'>Et</span> <span class='ocrx_word' id='word_1_177' title='bbox 554 2029 702 2061; x_wconf 88' lang='lat' dir='ltr'>contra</span> <span class='ocrx_word' id='word_1_178' title='bbox 734 2018 963 2076; x_wconf 82' lang='lat' dir='ltr'>hujusmodi</span> <span class='ocrx_word' id='word_1_179' title='bbox 997 2018 1254 2077; x_wconf 83' lang='lat' dir='ltr'>transgreffo-</span> 
     </span>
     <span class='ocr_line' id='line_1_31' title="bbox 271 2078 1253 2135; baseline -0.003 -11"><span class='ocrx_word' id='word_1_180' title='bbox 271 2094 340 2125; x_wconf 83' lang='lat' dir='ltr'>res</span> <span class='ocrx_word' id='word_1_181' title='bbox 354 2108 370 2132; x_wconf 86' lang='lat'><strong>‚</strong></span> <span class='ocrx_word' id='word_1_182' title='bbox 397 2080 520 2123; x_wconf 84' lang='lat' dir='ltr'>etiam</span> <span class='ocrx_word' id='word_1_183' title='bbox 532 2080 776 2134; x_wconf 84' lang='lat' dir='ltr'>Regulares‚</span> <span class='ocrx_word' id='word_1_184' title='bbox 797 2078 972 2135; x_wconf 78' lang='lat' dir='ltr'>cujusvis</span> <span class='ocrx_word' id='word_1_185' title='bbox 985 2081 1158 2125; x_wconf 87' lang='lat' dir='ltr'>Ordinis</span> <span class='ocrx_word' id='word_1_186' title='bbox 1169 2107 1184 2132; x_wconf 85' lang='lat'><strong>,</strong></span> <span class='ocrx_word' id='word_1_187' title='bbox 1211 2079 1253 2121; x_wconf 71' lang='grc' dir='ltr'>δι</span> 
     </span>
     <span class='ocr_line' id='line_1_32' title="bbox 265 2138 1252 2197; baseline -0.005 -12"><span class='ocrx_word' id='word_1_188' title='bbox 265 2138 446 2185; x_wconf 79' lang='lat' dir='ltr'>lustituti</span> <span class='ocrx_word' id='word_1_189' title='bbox 458 2168 475 2192; x_wconf 87' lang='lat'>‚</span> <span class='ocrx_word' id='word_1_190' title='bbox 486 2138 609 2182; x_wconf 87' lang='lat' dir='ltr'>etiam</span> <span class='ocrx_word' id='word_1_191' title='bbox 621 2138 932 2195; x_wconf 83' lang='lat' dir='ltr'>quomodolibet</span> <span class='ocrx_word' id='word_1_192' title='bbox 944 2151 1155 2197; x_wconf 86' lang='lat' dir='ltr'>exemptos</span> <span class='ocrx_word' id='word_1_193' title='bbox 1170 2168 1185 2190; x_wconf 93' lang='lat'><strong>,</strong></span> <span class='ocrx_word' id='word_1_194' title='bbox 1211 2139 1252 2181; x_wconf 76' lang='grc' dir='ltr'>δι</span> 
     </span>
     <span class='ocr_line' id='line_1_33' title="bbox 267 2196 1248 2257; baseline -0.002 -15"><span class='ocrx_word' id='word_1_195' title='bbox 267 2200 369 2244; x_wconf 84' lang='lat' dir='ltr'>alias</span> <span class='ocrx_word' id='word_1_196' title='bbox 393 2196 666 2257; x_wconf 83' lang='lat' dir='ltr'>quascumque</span> <span class='ocrx_word' id='word_1_197' title='bbox 685 2198 1007 2252; x_wconf 67' lang='lat' dir='ltr'>Ecclffiafficas,</span> <span class='ocrx_word' id='word_1_198' title='bbox 1036 2203 1078 2244; x_wconf 74' lang='grc' dir='ltr'>δι</span> <span class='ocrx_word' id='word_1_199' title='bbox 1092 2198 1248 2242; x_wconf 70' lang='lat' dir='ltr'>secula-</span> 
     </span>
     <span class='ocr_line' id='line_1_34' title="bbox 264 2255 1253 2319; baseline -0.003 -15"><span class='ocrx_word' id='word_1_200' title='bbox 264 2273 335 2306; x_wconf 76' lang='lat' dir='ltr'>res</span> <span class='ocrx_word' id='word_1_201' title='bbox 349 2256 539 2314; x_wconf 80' lang='lat' dir='ltr'>personas</span> <span class='ocrx_word' id='word_1_202' title='bbox 549 2255 828 2316; x_wconf 83' lang='lat' dir='ltr'>cujuscumque</span> <span class='ocrx_word' id='word_1_203' title='bbox 841 2258 964 2304; x_wconf 71' lang='lat' dir='ltr'>statiis</span> <span class='ocrx_word' id='word_1_204' title='bbox 975 2290 991 2314; x_wconf 88' lang='lat'>,</span> <span class='ocrx_word' id='word_1_205' title='bbox 1005 2259 1104 2319; x_wconf 86' lang='lat' dir='ltr'>grad</span> <span class='ocrx_word' id='word_1_206' title='bbox 1115 2257 1176 2311; x_wconf 79' lang='lat' dir='ltr'>tis,</span> <span class='ocrx_word' id='word_1_207' title='bbox 1188 2272 1253 2301; x_wconf 85' lang='lat' dir='ltr'>or·</span> 
     </span>
     <span class='ocr_line' id='line_1_35' title="bbox 266 2316 1250 2375; baseline -0.003 -12"><span class='ocrx_word' id='word_1_208' title='bbox 266 2319 394 2371; x_wconf 86' lang='lat' dir='ltr'>dinis,</span> <span class='ocrx_word' id='word_1_209' title='bbox 407 2329 477 2362; x_wconf 93' lang='lat' dir='ltr'>aut</span> <span class='ocrx_word' id='word_1_210' title='bbox 490 2316 700 2375; x_wconf 77' lang='lat' dir='ltr'>dignitatis</span> <span class='ocrx_word' id='word_1_211' title='bbox 722 2328 805 2362; x_wconf 79' lang='lat' dir='ltr'>tam</span> <span class='ocrx_word' id='word_1_212' title='bbox 825 2319 1250 2375; x_wconf 72' lang='lat' dir='ltr'>Eccleliasticae‚quam</span> 
     </span>
     <span class='ocr_line' id='line_1_36' title="bbox 267 2375 1251 2438; baseline -0.002 -17"><span class='ocrx_word' id='word_1_213' title='bbox 267 2379 504 2427; x_wconf 65' lang='lat' dir='ltr'>secularis,</span> <span class='ocrx_word' id='word_1_214' title='bbox 534 2388 580 2420; x_wconf 90' lang='lat' dir='ltr'>ut</span> <span class='ocrx_word' id='word_1_215' title='bbox 596 2375 807 2435; x_wconf 69' lang='lat' dir='ltr'>prefertur</span> <span class='ocrx_word' id='word_1_216' title='bbox 820 2409 836 2432; x_wconf 89' lang='lat'>‚</span> <span class='ocrx_word' id='word_1_217' title='bbox 864 2389 946 2423; x_wconf 85' lang='lat' dir='ltr'>tam</span> <span class='ocrx_word' id='word_1_218' title='bbox 964 2379 1185 2438; x_wconf 78' lang='lat' dir='ltr'>Episcopi,</span> <span class='ocrx_word' id='word_1_219' title='bbox 1209 2377 1251 2419; x_wconf 77' lang='grc' dir='ltr'>δι</span> 
     </span>
     <span class='ocr_line' id='line_1_37' title="bbox 266 2438 1246 2497; baseline -0.002 -14"><span class='ocrx_word' id='word_1_220' title='bbox 266 2439 431 2484; x_wconf 79' lang='lat' dir='ltr'>Praelati</span> <span class='ocrx_word' id='word_1_221' title='bbox 443 2466 459 2490; x_wconf 89' lang='lat'>,</span> <span class='ocrx_word' id='word_1_222' title='bbox 472 2438 710 2493; x_wconf 84' lang='lat' dir='ltr'>Superiores</span> <span class='ocrx_word' id='word_1_223' title='bbox 722 2464 737 2488; x_wconf 81' lang='lat'>‚</span> <span class='ocrx_word' id='word_1_224' title='bbox 748 2438 898 2497; x_wconf 86' lang='lat' dir='ltr'>aliique</span> <span class='ocrx_word' id='word_1_225' title='bbox 906 2438 1112 2484; x_wconf 86' lang='lat' dir='ltr'>Ordinarii</span> <span class='ocrx_word' id='word_1_226' title='bbox 1131 2439 1246 2482; x_wconf 89' lang='lat' dir='ltr'>loco-</span> 
     </span>
     <span class='ocr_line' id='line_1_38' title="bbox 267 2495 1252 2556; baseline -0.001 -15"><span class='ocrx_word' id='word_1_227' title='bbox 267 2511 388 2550; x_wconf 84' lang='lat' dir='ltr'>surn,</span> <span class='ocrx_word' id='word_1_228' title='bbox 413 2497 535 2554; x_wconf 74' lang='lat' dir='ltr'>quim</span> <span class='ocrx_word' id='word_1_229' title='bbox 559 2495 758 2541; x_wconf 65' lang='lat' dir='ltr'>heretice</span> <span class='ocrx_word' id='word_1_230' title='bbox 773 2499 987 2555; x_wconf 77' lang='lat' dir='ltr'>pravitatis</span> <span class='ocrx_word' id='word_1_231' title='bbox 1013 2500 1164 2556; x_wconf 87' lang='lat' dir='ltr'>ubique</span> <span class='ocrx_word' id='word_1_232' title='bbox 1190 2496 1252 2540; x_wconf 88' lang='lat' dir='ltr'>lo·</span> 
     </span>
     <span class='ocr_line' id='line_1_39' title="bbox 269 2556 1252 2615; baseline -0.001 -15"><span class='ocrx_word' id='word_1_233' title='bbox 269 2570 415 2600; x_wconf 81' lang='lat' dir='ltr'>corum</span> <span class='ocrx_word' id='word_1_234' title='bbox 428 2556 613 2613; x_wconf 85' lang='lat' dir='ltr'>deputati</span> <span class='ocrx_word' id='word_1_235' title='bbox 641 2556 906 2612; x_wconf 84' lang='lat' dir='ltr'>lnquifitores</span> <span class='ocrx_word' id='word_1_236' title='bbox 929 2559 1158 2615; x_wconf 78' lang='lat' dir='ltr'>procedant</span> <span class='ocrx_word' id='word_1_237' title='bbox 1176 2585 1191 2609; x_wconf 86' lang='lat'>‚</span> <span class='ocrx_word' id='word_1_238' title='bbox 1212 2557 1252 2599; x_wconf 72' lang='grc' dir='ltr'>δε</span> 
     </span>
     <span class='ocr_line' id='line_1_40' title="bbox 270 2615 1253 2671; baseline 0 -14"><span class='ocrx_word' id='word_1_239' title='bbox 270 2616 475 2670; x_wconf 84' lang='lat' dir='ltr'>inquirant</span> <span class='ocrx_word' id='word_1_240' title='bbox 495 2643 511 2667; x_wconf 86' lang='lat'><strong>‚</strong></span> <span class='ocrx_word' id='word_1_241' title='bbox 532 2627 654 2671; x_wconf 86' lang='lat' dir='ltr'>atque</span> <span class='ocrx_word' id='word_1_242' title='bbox 679 2617 718 2660; x_wconf 90' lang='lat' dir='ltr'>in</span> <span class='ocrx_word' id='word_1_243' title='bbox 740 2630 810 2661; x_wconf 89' lang='lat' dir='ltr'>eos</span> <span class='ocrx_word' id='word_1_244' title='bbox 836 2615 976 2662; x_wconf 70' lang='lat' dir='ltr'>severe</span> <span class='ocrx_word' id='word_1_245' title='bbox 999 2619 1253 2662; x_wconf 77' lang='lat' dir='ltr'>animadver-</span> 
     </span>
     <span class='ocr_line' id='line_1_41' title="bbox 271 2675 1253 2728; baseline 0.001 -11"><span class='ocrx_word' id='word_1_246' title='bbox 271 2681 361 2717; x_wconf 78' lang='lat' dir='ltr'>tant</span> <span class='ocrx_word' id='word_1_247' title='bbox 377 2686 391 2716; x_wconf 72' lang='grc' dir='ltr'><strong>ε</strong></span> <span class='ocrx_word' id='word_1_248' title='bbox 425 2676 513 2716; x_wconf 80' lang='lat' dir='ltr'>Nos</span> <span class='ocrx_word' id='word_1_249' title='bbox 526 2676 635 2718; x_wconf 87' lang='lat' dir='ltr'>enirn</span> <span class='ocrx_word' id='word_1_250' title='bbox 651 2675 698 2716; x_wconf 88' lang='lat' dir='ltr'>iis</span> <span class='ocrx_word' id='word_1_251' title='bbox 710 2701 726 2725; x_wconf 86' lang='lat'><strong>,</strong></span> <span class='ocrx_word' id='word_1_252' title='bbox 738 2678 779 2719; x_wconf 75' lang='lat' dir='ltr'>dt</span> <span class='ocrx_word' id='word_1_253' title='bbox 790 2689 931 2720; x_wconf 86' lang='lat' dir='ltr'>eorum</span> <span class='ocrx_word' id='word_1_254' title='bbox 943 2678 1138 2728; x_wconf 88' lang='lat' dir='ltr'>cuilibet,</span> <span class='ocrx_word' id='word_1_255' title='bbox 1152 2687 1253 2718; x_wconf 84' lang='lat' dir='ltr'>con-</span> 
     </span>
     <span class='ocr_line' id='line_1_42' title="bbox 269 2729 1253 2788; baseline -0.003 -13"><span class='ocrx_word' id='word_1_256' title='bbox 269 2739 338 2775; x_wconf 74' lang='lat' dir='ltr'>tra</span> <span class='ocrx_word' id='word_1_257' title='bbox 348 2729 512 2773; x_wconf 86' lang='lat' dir='ltr'>eosdem</span> <span class='ocrx_word' id='word_1_258' title='bbox 526 2732 830 2784; x_wconf 77' lang='lat' dir='ltr'>transgrellores</span> <span class='ocrx_word' id='word_1_259' title='bbox 844 2733 1121 2788; x_wconf 83' lang='lat' dir='ltr'>procedendi,</span> <span class='ocrx_word' id='word_1_260' title='bbox 1135 2734 1176 2774; x_wconf 72' lang='grc' dir='ltr'>δι</span> <span class='ocrx_word' id='word_1_261' title='bbox 1190 2730 1253 2772; x_wconf 89' lang='lat' dir='ltr'>in-</span> 
     </span>
    </p>

    <p class='ocr_par' dir='ltr' id='par_1_5' title="bbox 273 2787 1259 3084">
     <span class='ocr_line' id='line_1_43' title="bbox 305 2787 1253 2848; baseline -0.005 -14"><span class='ocrx_word' id='word_1_262' title='bbox 305 2788 464 2834; x_wconf 86' lang='lat' dir='ltr'>uirendi</span> <span class='ocrx_word' id='word_1_263' title='bbox 480 2816 495 2839; x_wconf 84' lang='lat'><strong><em>‚</em></strong></span> <span class='ocrx_word' id='word_1_264' title='bbox 525 2803 572 2832; x_wconf 91' lang='lat' dir='ltr'>ac</span> <span class='ocrx_word' id='word_1_265' title='bbox 584 2792 715 2845; x_wconf 82' lang='lat' dir='ltr'>poenis</span> <span class='ocrx_word' id='word_1_266' title='bbox 728 2792 947 2835; x_wconf 69' lang='lat' dir='ltr'>coercendi</span> <span class='ocrx_word' id='word_1_267' title='bbox 964 2820 980 2843; x_wconf 90' lang='lat'><strong>‚</strong></span> <span class='ocrx_word' id='word_1_268' title='bbox 1004 2794 1045 2834; x_wconf 73' lang='lat' dir='ltr'>dr</span> <span class='ocrx_word' id='word_1_269' title='bbox 1059 2787 1253 2848; x_wconf 89' lang='lat' dir='ltr'>puniendi</span> 
     </span>
     <span class='ocr_line' id='line_1_44' title="bbox 273 2805 1254 2894; baseline -0.003 -3"><span class='ocrx_word' id='word_1_270' title='bbox 273 2805 451 2894; x_wconf 49' lang='lat' dir='ltr'>ffiberam</span> <span class='ocrx_word' id='word_1_271' title='bbox 468 2844 704 2890; x_wconf 76' lang='lat' dir='ltr'>facultatem</span> <span class='ocrx_word' id='word_1_272' title='bbox 716 2872 731 2894; x_wconf 86' lang='lat'>‚</span> <span class='ocrx_word' id='word_1_273' title='bbox 756 2849 797 2889; x_wconf 68' lang='lat' dir='ltr'>dt</span> <span class='ocrx_word' id='word_1_274' title='bbox 810 2849 1095 2891; x_wconf 71' lang='lat' dir='ltr'>auctoritatem</span> <span class='ocrx_word' id='word_1_275' title='bbox 1113 2846 1254 2891; x_wconf 88' lang='lat' dir='ltr'>iisdem</span> 
     </span>
     <span class='ocr_line' id='line_1_45' title="bbox 274 2905 1252 2962; baseline -0.002 -11"><span class='ocrx_word' id='word_1_276' title='bbox 274 2905 521 2952; x_wconf 57' lang='lat' dir='ltr'>austeritate</span> <span class='ocrx_word' id='word_1_277' title='bbox 538 2933 555 2956; x_wconf 90' lang='lat'><strong>,</strong></span> <span class='ocrx_word' id='word_1_278' title='bbox 567 2905 605 2947; x_wconf 73' lang='grc' dir='ltr'>δι</span> <span class='ocrx_word' id='word_1_279' title='bbox 622 2907 996 2951; x_wconf 84' lang='lat' dir='ltr'>tenore·tribuimus</span> <span class='ocrx_word' id='word_1_280' title='bbox 1008 2933 1025 2956; x_wconf 82' lang='lat'><strong>‚</strong></span> <span class='ocrx_word' id='word_1_281' title='bbox 1048 2909 1088 2951; x_wconf 76' lang='grc' dir='ltr'>δι</span> <span class='ocrx_word' id='word_1_282' title='bbox 1105 2909 1252 2962; x_wconf 78' lang='lat' dir='ltr'>impar·</span> 
     </span>
     <span class='ocr_line' id='line_1_46' title="bbox 277 2962 1258 3024; baseline 0.001 -17"><span class='ocrx_word' id='word_1_283' title='bbox 277 2968 406 3011; x_wconf 76' lang='lat' dir='ltr'>timus</span> <span class='ocrx_word' id='word_1_284' title='bbox 421 2992 437 3017; x_wconf 91' lang='lat'>,</span> <span class='ocrx_word' id='word_1_285' title='bbox 461 2962 639 3020; x_wconf 80' lang='lat' dir='ltr'>eosque,</span> <span class='ocrx_word' id='word_1_286' title='bbox 667 2974 712 3008; x_wconf 89' lang='lat' dir='ltr'>ut</span> <span class='ocrx_word' id='word_1_287' title='bbox 736 2965 976 3021; x_wconf 69' lang='lat' dir='ltr'>prefertur,</span> <span class='ocrx_word' id='word_1_288' title='bbox 1003 2966 1225 3024; x_wconf 80' lang='lat' dir='ltr'>procedere</span> <span class='ocrx_word' id='word_1_289' title='bbox 1242 2990 1258 3016; x_wconf 84' lang='lat'><strong>,</strong></span> 
     </span>
     <span class='ocr_line' id='line_1_47' title="bbox 277 3023 1259 3084; baseline -0.002 -13"><span class='ocrx_word' id='word_1_290' title='bbox 277 3025 487 3083; x_wconf 85' lang='lat' dir='ltr'>inquirere</span> <span class='ocrx_word' id='word_1_291' title='bbox 503 3024 568 3077; x_wconf 73' lang='grc' dir='ltr'>,δι</span> <span class='ocrx_word' id='word_1_292' title='bbox 580 3024 723 3081; x_wconf 79' lang='lat' dir='ltr'>punire</span> <span class='ocrx_word' id='word_1_293' title='bbox 737 3026 991 3084; x_wconf 67' lang='lat' dir='ltr'>precipimus</span> <span class='ocrx_word' id='word_1_294' title='bbox 1004 3054 1019 3080; x_wconf 87' lang='lat'>,</span> <span class='ocrx_word' id='word_1_295' title='bbox 1046 3028 1085 3070; x_wconf 74' lang='grc' dir='ltr'>δι</span> <span class='ocrx_word' id='word_1_296' title='bbox 1097 3023 1259 3070; x_wconf 85' lang='lat' dir='ltr'>manda·</span> 
     </span>
    </p>
   </div>
   <div class='ocr_carea' id='block_1_3' title="bbox 280 3097 1264 3740">
    <p class='ocr_par' dir='ltr' id='par_1_6' title="bbox 280 3097 375 3129">
     <span class='ocr_line' id='line_1_48' title="bbox 280 3097 375 3129; baseline -0.011 0"><span class='ocrx_word' id='word_1_297' title='bbox 280 3097 375 3129; x_wconf 85' lang='lat' dir='ltr'>mus</span> 
     </span>
    </p>

    <p class='ocr_par' dir='ltr' id='par_1_7' title="bbox 281 3143 1262 3677">
     <span class='ocr_line' id='line_1_49' title="bbox 341 3143 1259 3196; baseline -0.001 -10"><span class='ocrx_word' id='word_1_298' title='bbox 341 3143 382 3196; x_wconf 70' lang='lat'>§-</span> <span class='ocrx_word' id='word_1_299' title='bbox 503 3145 600 3188; x_wconf 76' lang='lat' dir='ltr'>Non</span> <span class='ocrx_word' id='word_1_300' title='bbox 624 3143 873 3190; x_wconf 74' lang='lat' dir='ltr'>obstantibus</span> <span class='ocrx_word' id='word_1_301' title='bbox 901 3146 1086 3190; x_wconf 90' lang='lat' dir='ltr'>omnibus</span> <span class='ocrx_word' id='word_1_302' title='bbox 1113 3145 1164 3188; x_wconf 89' lang='lat' dir='ltr'>iis</span> <span class='ocrx_word' id='word_1_303' title='bbox 1180 3173 1195 3196; x_wconf 88' lang='lat'><strong>,</strong></span> <span class='ocrx_word' id='word_1_304' title='bbox 1218 3143 1259 3185; x_wconf 78' lang='grc' dir='ltr'>δι</span> 
     </span>
     <span class='ocr_line' id='line_1_50' title="bbox 282 3155 1258 3262; baseline 0.004 -19"><span class='ocrx_word' id='word_1_305' title='bbox 282 3204 310 3248; x_wconf 78' lang='lat' dir='ltr'>fi</span> <span class='ocrx_word' id='word_1_306' title='bbox 398 3155 446 3245; x_wconf 50' lang='grc' dir='ltr'>ζ’,</span> <span class='ocrx_word' id='word_1_307' title='bbox 458 3230 475 3256; x_wconf 85' lang='grc'><em>,</em></span> <span class='ocrx_word' id='word_1_308' title='bbox 486 3215 572 3260; x_wconf 69' lang='lat' dir='ltr'>que</span> <span class='ocrx_word' id='word_1_309' title='bbox 583 3212 666 3245; x_wconf 84' lang='lat' dir='ltr'>tam</span> <span class='ocrx_word' id='word_1_310' title='bbox 681 3205 819 3248; x_wconf 76' lang='lat' dir='ltr'>Sixtus</span> <span class='ocrx_word' id='word_1_311' title='bbox 832 3206 976 3262; x_wconf 63' lang='lat' dir='ltr'>‚quim</span> <span class='ocrx_word' id='word_1_312' title='bbox 991 3207 1082 3251; x_wconf 77' lang='lat' dir='ltr'>Pius</span> <span class='ocrx_word' id='word_1_313' title='bbox 1099 3202 1258 3250; x_wconf 74' lang='lat' dir='ltr'>Praede-</span> 
     </span>
     <span class='ocr_line' id='line_1_51' title="bbox 281 3261 1259 3319; baseline -0.003 -12"><span class='ocrx_word' id='word_1_314' title='bbox 281 3277 328 3308; x_wconf 87' lang='lat' dir='ltr'>cc</span> <span class='ocrx_word' id='word_1_315' title='bbox 358 3273 453 3306; x_wconf 84' lang='lat' dir='ltr'>ores</span> <span class='ocrx_word' id='word_1_316' title='bbox 480 3261 660 3319; x_wconf 60' lang='lat' dir='ltr'>predicti</span> <span class='ocrx_word' id='word_1_317' title='bbox 690 3264 729 3307; x_wconf 86' lang='lat' dir='ltr'>in</span> <span class='ocrx_word' id='word_1_318' title='bbox 755 3263 908 3308; x_wconf 87' lang='lat' dir='ltr'>litteris</span> <span class='ocrx_word' id='word_1_319' title='bbox 938 3264 1012 3308; x_wconf 84' lang='lat' dir='ltr'>suis</span> <span class='ocrx_word' id='word_1_320' title='bbox 1032 3261 1259 3319; x_wconf 80' lang='lat' dir='ltr'>hujusmodi</span> 
     </span>
     <span class='ocr_line' id='line_1_52' title="bbox 283 3321 1261 3386; baseline -0.003 -19"><span class='ocrx_word' id='word_1_321' title='bbox 283 3322 501 3367; x_wconf 78' lang='lat' dir='ltr'>voluerunt</span> <span class='ocrx_word' id='word_1_322' title='bbox 516 3335 595 3365; x_wconf 90' lang='lat' dir='ltr'>non</span> <span class='ocrx_word' id='word_1_323' title='bbox 605 3321 765 3367; x_wconf 74' lang='lat' dir='ltr'>obstare</span> <span class='ocrx_word' id='word_1_324' title='bbox 776 3351 788 3365; x_wconf 89' lang='lat'><strong>.</strong></span> <span class='ocrx_word' id='word_1_325' title='bbox 822 3324 984 3386; x_wconf 82' lang='lat' dir='ltr'>Qibus</span> <span class='ocrx_word' id='word_1_326' title='bbox 999 3325 1207 3376; x_wconf 88' lang='lat' dir='ltr'>omnibus,</span> <span class='ocrx_word' id='word_1_327' title='bbox 1222 3323 1261 3364; x_wconf 72' lang='grc' dir='ltr'>δι</span> 
     </span>
     <span class='ocr_line' id='line_1_53' title="bbox 281 3380 1262 3440; baseline -0.002 -14"><span class='ocrx_word' id='word_1_328' title='bbox 281 3380 464 3439; x_wconf 67' lang='lat' dir='ltr'>lingulis,</span> <span class='ocrx_word' id='word_1_329' title='bbox 474 3393 619 3425; x_wconf 80' lang='lat' dir='ltr'>eorum</span> <span class='ocrx_word' id='word_1_330' title='bbox 633 3390 799 3426; x_wconf 86' lang='lat' dir='ltr'>tenores</span> <span class='ocrx_word' id='word_1_331' title='bbox 814 3381 1068 3437; x_wconf 69' lang='lat' dir='ltr'>prasentibus</span> <span class='ocrx_word' id='word_1_332' title='bbox 1088 3397 1165 3440; x_wconf 85' lang='lat' dir='ltr'>pro</span> <span class='ocrx_word' id='word_1_333' title='bbox 1180 3381 1262 3439; x_wconf 88' lang='lat' dir='ltr'>ple·</span> 
     </span>
     <span class='ocr_line' id='line_1_54' title="bbox 284 3438 1260 3498; baseline 0.001 -12"><span class='ocrx_word' id='word_1_334' title='bbox 284 3440 417 3495; x_wconf 51' lang='lat' dir='ltr'>nb&amp;</span> <span class='ocrx_word' id='word_1_335' title='bbox 431 3438 895 3498; x_wconf 77' lang='lat' dir='ltr'>sufficienteresprellis‚</span> <span class='ocrx_word' id='word_1_336' title='bbox 922 3444 964 3486; x_wconf 72' lang='lat' dir='ltr'>dr</span> <span class='ocrx_word' id='word_1_337' title='bbox 987 3443 1038 3486; x_wconf 88' lang='lat' dir='ltr'>ad</span> <span class='ocrx_word' id='word_1_338' title='bbox 1059 3443 1260 3487; x_wconf 76' lang='lat' dir='ltr'>verbum-0</span> 
     </span>
     <span class='ocr_line' id='line_1_55' title="bbox 285 3498 1262 3556; baseline 0.001 -11"><span class='ocrx_word' id='word_1_339' title='bbox 285 3498 439 3545; x_wconf 81' lang='lat' dir='ltr'>insertis</span> <span class='ocrx_word' id='word_1_340' title='bbox 454 3500 682 3552; x_wconf 84' lang='lat' dir='ltr'>babentes,</span> <span class='ocrx_word' id='word_1_341' title='bbox 709 3500 785 3544; x_wconf 81' lang='lat' dir='ltr'>bac</span> <span class='ocrx_word' id='word_1_342' title='bbox 815 3503 904 3546; x_wconf 76' lang='lat' dir='ltr'>sice</span> <span class='ocrx_word' id='word_1_343' title='bbox 932 3501 1143 3546; x_wconf 74' lang='lat' dir='ltr'>dumtaxat</span> <span class='ocrx_word' id='word_1_344' title='bbox 1173 3499 1262 3556; x_wconf 84' lang='lat' dir='ltr'>spe·</span> 
     </span>
     <span class='ocr_line' id='line_1_56' title="bbox 284 3558 1259 3617; baseline 0.002 -14"><span class='ocrx_word' id='word_1_345' title='bbox 284 3558 445 3603; x_wconf 78' lang='lat' dir='ltr'>cialiter</span> <span class='ocrx_word' id='word_1_346' title='bbox 457 3588 471 3611; x_wconf 83' lang='lat'>‚</span> <span class='ocrx_word' id='word_1_347' title='bbox 482 3561 524 3604; x_wconf 70' lang='lat' dir='ltr'>oz</span> <span class='ocrx_word' id='word_1_348' title='bbox 538 3558 723 3617; x_wconf 59' lang='lat' dir='ltr'>expresse</span> <span class='ocrx_word' id='word_1_349' title='bbox 736 3560 998 3617; x_wconf 80' lang='lat' dir='ltr'>derogamus,</span> <span class='ocrx_word' id='word_1_350' title='bbox 1013 3560 1259 3617; x_wconf 76' lang='lat' dir='ltr'>coeterifquc</span> 
     </span>
     <span class='ocr_line' id='line_1_57' title="bbox 286 3616 872 3677; baseline -0.002 -12"><span class='ocrx_word' id='word_1_351' title='bbox 286 3620 512 3665; x_wconf 70' lang='lat' dir='ltr'>contrariis</span> <span class='ocrx_word' id='word_1_352' title='bbox 525 3616 844 3677; x_wconf 80' lang='lat' dir='ltr'>quibuscumque</span> <span class='ocrx_word' id='word_1_353' title='bbox 858 3648 872 3663; x_wconf 89' lang='grc'><strong>.</strong></span> 
     </span>
    </p>

    <p class='ocr_par' dir='ltr' id='par_1_8' title="bbox 344 3676 1264 3740">
     <span class='ocr_line' id='line_1_58' title="bbox 344 3676 1264 3740; baseline 0.008 -21"><span class='ocrx_word' id='word_1_354' title='bbox 344 3676 386 3729; x_wconf 63' lang='lat' dir='ltr'>fi.</span> <span class='ocrx_word' id='word_1_355' title='bbox 406 3687 469 3721; x_wconf 81' lang='lat' dir='ltr'>so·</span> <span class='ocrx_word' id='word_1_356' title='bbox 531 3679 586 3722; x_wconf 74' lang='lat' dir='ltr'>Et</span> <span class='ocrx_word' id='word_1_357' title='bbox 612 3691 661 3721; x_wconf 87' lang='lat' dir='ltr'>ne</span> <span class='ocrx_word' id='word_1_358' title='bbox 713 3678 969 3725; x_wconf 68' lang='lat' dir='ltr'>rumillorum</span> <span class='ocrx_word' id='word_1_359' title='bbox 993 3682 1216 3740; x_wconf 86' lang='lat' dir='ltr'>ignorantia</span> <span class='ocrx_word' id='word_1_360' title='bbox 1239 3682 1264 3726; x_wconf 66' lang='grc' dir='ltr'>δ</span> 
     </span>
    </p>
   </div>
   <div class='ocr_carea' id='block_1_4' title="bbox 287 3692 1264 3915">
    <p class='ocr_par' dir='ltr' id='par_1_9' title="bbox 287 3692 1264 3915">
     <span class='ocr_line' id='line_1_59' title="bbox 287 3692 1264 3843; baseline -0.011 -49"><span class='ocrx_word' id='word_1_361' title='bbox 287 3692 711 3839; x_wconf 44' lang='grc' dir='ltr'>Ἥιβῐέίθηεὸ,</span> <span class='ocrx_word' id='word_1_362' title='bbox 720 3737 833 3796; x_wconf 74' lang='lat' dir='ltr'>pomi</span> <span class='ocrx_word' id='word_1_363' title='bbox 849 3767 863 3793; x_wconf 85' lang='lat'>‚</span> <span class='ocrx_word' id='word_1_364' title='bbox 879 3739 1061 3843; x_wconf 57' lang='lat' dir='ltr'>vgdlumus</span> <span class='ocrx_word' id='word_1_365' title='bbox 1078 3770 1093 3796; x_wconf 86' lang='lat'>‚</span> <span class='ocrx_word' id='word_1_366' title='bbox 1105 3743 1144 3786; x_wconf 66' lang='lat' dir='ltr'>dt</span> <span class='ocrx_word' id='word_1_367' title='bbox 1158 3741 1264 3810; x_wconf 55' lang='lat' dir='ltr'>dieis</span> 
     </span>
     <span class='ocr_line' id='line_1_60' title="bbox 290 3800 1263 3915; baseline -0.002 -18"><span class='ocrx_word' id='word_1_368' title='bbox 290 3808 492 3906; x_wconf 58' lang='grc' dir='ltr'>ἓὲηἳίιΐ.</span> <span class='ocrx_word' id='word_1_369' title='bbox 503 3808 958 3915; x_wconf 48' lang='lat' dir='ltr'>niumm&amp;</span> <span class='ocrx_word' id='word_1_370' title='bbox 976 3800 1263 3905; x_wconf 52' lang='lat' dir='ltr'>mmai:</span> 
     </span>
    </p>
   </div>
   <div class='ocr_carea' id='block_1_5' title="bbox 1029 208 1610 330">
    <p class='ocr_par' dir='ltr' id='par_1_10' title="bbox 1029 208 1610 330">
     <span class='ocr_line' id='line_1_61' title="bbox 1029 208 1610 330; baseline -0.014 -32"><span class='ocrx_word' id='word_1_371' title='bbox 1029 208 1610 330; x_wconf 78' lang='lat' dir='ltr'>Appendix.</span> 
     </span>
    </p>
   </div>
   <div class='ocr_carea' id='block_1_6' title="bbox 1306 363 2300 1242">
    <p class='ocr_par' dir='ltr' id='par_1_11' title="bbox 1310 363 2300 591">
     <span class='ocr_line' id='line_1_62' title="bbox 1315 363 2295 426; baseline -0.002 -15"><span class='ocrx_word' id='word_1_372' title='bbox 1315 384 1369 412; x_wconf 87' lang='lat' dir='ltr'>cae</span> <span class='ocrx_word' id='word_1_373' title='bbox 1383 369 1587 426; x_wconf 86' lang='lat' dir='ltr'>Principis</span> <span class='ocrx_word' id='word_1_374' title='bbox 1603 364 1895 425; x_wconf 74' lang='lat' dir='ltr'>Apostolorum</span> <span class='ocrx_word' id='word_1_375' title='bbox 1906 363 1959 407; x_wconf 87' lang='lat' dir='ltr'>de</span> <span class='ocrx_word' id='word_1_376' title='bbox 1976 364 2091 409; x_wconf 87' lang='lat' dir='ltr'>Urbe</span> <span class='ocrx_word' id='word_1_377' title='bbox 2106 394 2123 419; x_wconf 83' lang='lat'><strong>,</strong></span> <span class='ocrx_word' id='word_1_378' title='bbox 2148 369 2188 409; x_wconf 78' lang='grc' dir='ltr'>δι</span> <span class='ocrx_word' id='word_1_379' title='bbox 2218 367 2295 410; x_wconf 66' lang='grc' dir='ltr'>ἰη.»</span> 
     </span>
     <span class='ocr_line' id='line_1_63' title="bbox 1314 426 2296 486; baseline -0.004 -15"><span class='ocrx_word' id='word_1_380' title='bbox 1314 431 1419 471; x_wconf 87' lang='lat' dir='ltr'>Acie</span> <span class='ocrx_word' id='word_1_381' title='bbox 1430 431 1574 486; x_wconf 89' lang='lat' dir='ltr'>Campi</span> <span class='ocrx_word' id='word_1_382' title='bbox 1591 430 1722 472; x_wconf 85' lang='lat' dir='ltr'>Florae</span> <span class='ocrx_word' id='word_1_383' title='bbox 1735 426 1849 469; x_wconf 81' lang='lat' dir='ltr'>affixa</span> <span class='ocrx_word' id='word_1_384' title='bbox 1863 451 1876 472; x_wconf 71' lang='lat' dir='ltr'>a</span> <span class='ocrx_word' id='word_1_385' title='bbox 1893 437 2036 466; x_wconf 87' lang='lat' dir='ltr'>omnes</span> <span class='ocrx_word' id='word_1_386' title='bbox 2051 427 2106 468; x_wconf 87' lang='lat' dir='ltr'>ita</span> <span class='ocrx_word' id='word_1_387' title='bbox 2119 430 2296 476; x_wconf 72' lang='lat' dir='ltr'>aretem,</span> 
     </span>
     <span class='ocr_line' id='line_1_64' title="bbox 1310 483 2300 544; baseline -0.007 -14"><span class='ocrx_word' id='word_1_388' title='bbox 1310 489 1352 530; x_wconf 74' lang='grc' dir='ltr'>δι</span> <span class='ocrx_word' id='word_1_389' title='bbox 1366 490 1544 531; x_wconf 81' lang='lat' dir='ltr'>afficiant</span> <span class='ocrx_word' id='word_1_390' title='bbox 1558 518 1573 541; x_wconf 82' lang='lat'>‚</span> <span class='ocrx_word' id='word_1_391' title='bbox 1588 487 1761 544; x_wconf 87' lang='lat' dir='ltr'>perinde</span> <span class='ocrx_word' id='word_1_392' title='bbox 1774 502 1820 529; x_wconf 91' lang='lat' dir='ltr'>ac</span> <span class='ocrx_word' id='word_1_393' title='bbox 1835 483 1861 526; x_wconf 86' lang='lat' dir='ltr'>fi</span> <span class='ocrx_word' id='word_1_394' title='bbox 1873 484 2087 538; x_wconf 85' lang='lat' dir='ltr'>unicuique</span> <span class='ocrx_word' id='word_1_395' title='bbox 2101 488 2300 542; x_wconf 64' lang='lat' dir='ltr'>persona„</span> 
     </span>
     <span class='ocr_line' id='line_1_65' title="bbox 1311 546 2057 591; baseline -0.004 -1"><span class='ocrx_word' id='word_1_396' title='bbox 1311 547 1411 591; x_wconf 89' lang='lat' dir='ltr'>liter</span> <span class='ocrx_word' id='word_1_397' title='bbox 1430 549 1625 591; x_wconf 81' lang='lat' dir='ltr'>intimata:</span> <span class='ocrx_word' id='word_1_398' title='bbox 1645 546 1802 590; x_wconf 83' lang='lat' dir='ltr'>fuiffent</span> <span class='ocrx_word' id='word_1_399' title='bbox 1817 573 1828 585; x_wconf 88' lang='lat'><strong>.</strong></span> <span class='ocrx_word' id='word_1_400' title='bbox 2054 584 2057 587; x_wconf 89' lang='lat'>.</span> 
     </span>
    </p>

    <p class='ocr_par' dir='ltr' id='par_1_12' title="bbox 1306 600 2296 1005">
     <span class='ocr_line' id='line_1_66' title="bbox 1368 600 2296 664; baseline -0.004 -14"><span class='ocrx_word' id='word_1_401' title='bbox 1368 609 1406 658; x_wconf 82' lang='lat'>§.</span> <span class='ocrx_word' id='word_1_402' title='bbox 1432 621 1447 649; x_wconf 93' lang='lat'>1</span> <span class='ocrx_word' id='word_1_403' title='bbox 1461 622 1495 650; x_wconf 87' lang='grc' dir='ltr'>ι.</span> <span class='ocrx_word' id='word_1_404' title='bbox 1558 608 1769 664; x_wconf 89' lang='lat' dir='ltr'>Quodque</span> <span class='ocrx_word' id='word_1_405' title='bbox 1806 600 2058 661; x_wconf 85' lang='lat' dir='ltr'>praesentium</span> <span class='ocrx_word' id='word_1_406' title='bbox 2104 602 2296 646; x_wconf 85' lang='lat' dir='ltr'>transum-</span> 
     </span>
     <span class='ocr_line' id='line_1_67' title="bbox 1311 662 2292 723; baseline -0.005 -14"><span class='ocrx_word' id='word_1_407' title='bbox 1311 669 1390 723; x_wconf 89' lang='lat' dir='ltr'>ptis</span> <span class='ocrx_word' id='word_1_408' title='bbox 1405 696 1420 718; x_wconf 85' lang='lat'>,</span> <span class='ocrx_word' id='word_1_409' title='bbox 1434 667 1558 710; x_wconf 88' lang='lat' dir='ltr'>etiam</span> <span class='ocrx_word' id='word_1_410' title='bbox 1579 667 1771 722; x_wconf 82' lang='lat' dir='ltr'>impreflis</span> <span class='ocrx_word' id='word_1_411' title='bbox 1784 690 1798 713; x_wconf 75' lang='lat'>,</span> <span class='ocrx_word' id='word_1_412' title='bbox 1814 675 1931 705; x_wconf 86' lang='lat' dir='ltr'>manu</span> <span class='ocrx_word' id='word_1_413' title='bbox 1950 662 2113 705; x_wconf 90' lang='lat' dir='ltr'>Notarii</span> <span class='ocrx_word' id='word_1_414' title='bbox 2133 663 2292 717; x_wconf 89' lang='lat' dir='ltr'>publici</span> 
     </span>
     <span class='ocr_line' id='line_1_68' title="bbox 1307 719 2296 782; baseline -0.007 -14"><span class='ocrx_word' id='word_1_415' title='bbox 1307 726 1566 782; x_wconf 88' lang='lat' dir='ltr'>subscriptis,</span> <span class='ocrx_word' id='word_1_416' title='bbox 1580 727 1621 767; x_wconf 77' lang='grc' dir='ltr'>δι</span> <span class='ocrx_word' id='word_1_417' title='bbox 1636 726 1767 778; x_wconf 77' lang='lat' dir='ltr'>tigillo</span> <span class='ocrx_word' id='word_1_418' title='bbox 1779 719 1949 775; x_wconf 81' lang='lat' dir='ltr'>alicujus</span> <span class='ocrx_word' id='word_1_419' title='bbox 1966 719 2143 776; x_wconf 89' lang='lat' dir='ltr'>personae</span> <span class='ocrx_word' id='word_1_420' title='bbox 2172 721 2213 763; x_wconf 86' lang='lat' dir='ltr'>in</span> <span class='ocrx_word' id='word_1_421' title='bbox 2235 720 2296 763; x_wconf 85' lang='lat' dir='ltr'>di.</span> 
     </span>
     <span class='ocr_line' id='line_1_69' title="bbox 1307 780 2296 842; baseline -0.005 -15"><span class='ocrx_word' id='word_1_422' title='bbox 1307 786 1461 842; x_wconf 84' lang='lat' dir='ltr'>gnitate</span> <span class='ocrx_word' id='word_1_423' title='bbox 1479 782 1753 826; x_wconf 79' lang='lat' dir='ltr'>Eccleliastica</span> <span class='ocrx_word' id='word_1_424' title='bbox 1767 781 1992 824; x_wconf 63' lang='lat' dir='ltr'>constitutae</span> <span class='ocrx_word' id='word_1_425' title='bbox 2009 780 2173 824; x_wconf 89' lang='lat' dir='ltr'>munitis</span> <span class='ocrx_word' id='word_1_426' title='bbox 2191 807 2205 828; x_wconf 77' lang='lat'>,</span> <span class='ocrx_word' id='word_1_427' title='bbox 2229 793 2296 822; x_wconf 83' lang='lat' dir='ltr'>ea-</span> 
     </span>
     <span class='ocr_line' id='line_1_70' title="bbox 1306 838 2292 900; baseline -0.007 -13"><span class='ocrx_word' id='word_1_428' title='bbox 1306 846 1402 887; x_wconf 85' lang='lat' dir='ltr'>dem</span> <span class='ocrx_word' id='word_1_429' title='bbox 1417 842 1577 900; x_wconf 89' lang='lat' dir='ltr'>prorsus</span> <span class='ocrx_word' id='word_1_430' title='bbox 1591 842 1688 885; x_wconf 87' lang='lat' dir='ltr'>fides</span> <span class='ocrx_word' id='word_1_431' title='bbox 1703 841 1948 884; x_wconf 85' lang='lat' dir='ltr'>adhibeatur</span> <span class='ocrx_word' id='word_1_432' title='bbox 1960 865 1974 886; x_wconf 69' lang='grc'><em>,</em></span> <span class='ocrx_word' id='word_1_433' title='bbox 2002 853 2089 895; x_wconf 85' lang='lat' dir='ltr'>quae</span> <span class='ocrx_word' id='word_1_434' title='bbox 2119 838 2292 895; x_wconf 81' lang='lat' dir='ltr'>praesen·</span> 
     </span>
     <span class='ocr_line' id='line_1_71' title="bbox 1306 897 2286 953; baseline -0.006 -7"><span class='ocrx_word' id='word_1_435' title='bbox 1306 902 1417 946; x_wconf 85' lang='lat' dir='ltr'>tibus</span> <span class='ocrx_word' id='word_1_436' title='bbox 1451 901 1740 951; x_wconf 74' lang='lat' dir='ltr'>adhiberetur,</span> <span class='ocrx_word' id='word_1_437' title='bbox 1768 899 1795 942; x_wconf 87' lang='lat' dir='ltr'>fi</span> <span class='ocrx_word' id='word_1_438' title='bbox 1811 899 1946 942; x_wconf 84' lang='lat' dir='ltr'>forent</span> <span class='ocrx_word' id='word_1_439' title='bbox 1957 899 2155 942; x_wconf 80' lang='lat' dir='ltr'>exhibita:</span> <span class='ocrx_word' id='word_1_440' title='bbox 2171 928 2186 953; x_wconf 88' lang='lat'><strong>‚</strong></span> <span class='ocrx_word' id='word_1_441' title='bbox 2218 897 2286 941; x_wconf 85' lang='lat' dir='ltr'>vel</span> 
     </span>
     <span class='ocr_line' id='line_1_72' title="bbox 1306 960 1497 1005; baseline -0.016 0"><span class='ocrx_word' id='word_1_442' title='bbox 1306 960 1467 1005; x_wconf 63' lang='lat' dir='ltr'>ostensas</span> <span class='ocrx_word' id='word_1_443' title='bbox 1484 990 1497 1002; x_wconf 88' lang='lat'><strong>.</strong></span> 
     </span>
    </p>

    <p class='ocr_par' dir='ltr' id='par_1_13' title="bbox 1309 1014 2291 1242">
     <span class='ocr_line' id='line_1_73' title="bbox 1426 1014 2291 1073; baseline -0.007 -11"><span class='ocrx_word' id='word_1_444' title='bbox 1426 1022 1578 1062; x_wconf 88' lang='lat' dir='ltr'>Datum</span> <span class='ocrx_word' id='word_1_445' title='bbox 1607 1022 1747 1062; x_wconf 80' lang='lat' dir='ltr'>Romae</span> <span class='ocrx_word' id='word_1_446' title='bbox 1769 1019 1874 1073; x_wconf 82' lang='lat' dir='ltr'>apud</span> <span class='ocrx_word' id='word_1_447' title='bbox 1902 1021 1943 1062; x_wconf 85' lang='lat' dir='ltr'>S.</span> <span class='ocrx_word' id='word_1_448' title='bbox 1962 1018 2140 1061; x_wconf 83' lang='lat' dir='ltr'>Mariam</span> <span class='ocrx_word' id='word_1_449' title='bbox 2157 1014 2291 1070; x_wconf 81' lang='lat' dir='ltr'>Majo-</span> 
     </span>
     <span class='ocr_line' id='line_1_74' title="bbox 1309 1075 2284 1131; baseline -0.008 -8"><span class='ocrx_word' id='word_1_450' title='bbox 1309 1093 1395 1123; x_wconf 89' lang='lat' dir='ltr'>rem</span> <span class='ocrx_word' id='word_1_451' title='bbox 1410 1108 1425 1130; x_wconf 81' lang='lat'><strong>‚</strong></span> <span class='ocrx_word' id='word_1_452' title='bbox 1440 1076 1510 1121; x_wconf 88' lang='lat' dir='ltr'>sub</span> <span class='ocrx_word' id='word_1_453' title='bbox 1524 1077 1686 1122; x_wconf 87' lang='lat' dir='ltr'>Annulo</span> <span class='ocrx_word' id='word_1_454' title='bbox 1702 1077 1915 1121; x_wconf 88' lang='lat' dir='ltr'>Piscatoris</span> <span class='ocrx_word' id='word_1_455' title='bbox 1929 1107 1944 1128; x_wconf 93' lang='lat'>,</span> <span class='ocrx_word' id='word_1_456' title='bbox 1966 1077 2033 1120; x_wconf 90' lang='lat' dir='ltr'>die</span> <span class='ocrx_word' id='word_1_457' title='bbox 2063 1091 2084 1115; x_wconf 87' lang='lat' dir='ltr'>v</span> <span class='ocrx_word' id='word_1_458' title='bbox 2095 1090 2109 1119; x_wconf 87' lang='lat'>1</span> <span class='ocrx_word' id='word_1_459' title='bbox 2122 1106 2134 1118; x_wconf 88' lang='lat'><em>.</em></span> <span class='ocrx_word' id='word_1_460' title='bbox 2154 1075 2252 1131; x_wconf 89' lang='lat' dir='ltr'>Julii</span> <span class='ocrx_word' id='word_1_461' title='bbox 2265 1102 2284 1126; x_wconf 84' lang='lat'>,</span> 
     </span>
     <span class='ocr_line' id='line_1_75' title="bbox 1309 1134 2288 1191; baseline -0.008 -8"><span class='ocrx_word' id='word_1_462' title='bbox 1309 1150 1462 1183; x_wconf 74' lang='lat' dir='ltr'>Mncxv</span> <span class='ocrx_word' id='word_1_463' title='bbox 1471 1151 1506 1180; x_wconf 87' lang='grc' dir='ltr'>ι.</span> <span class='ocrx_word' id='word_1_464' title='bbox 1521 1169 1537 1191; x_wconf 91' lang='lat'>,</span> <span class='ocrx_word' id='word_1_465' title='bbox 1566 1135 1835 1183; x_wconf 74' lang='lat' dir='ltr'>Pontificattis</span> <span class='ocrx_word' id='word_1_466' title='bbox 1864 1136 2002 1182; x_wconf 77' lang='lat' dir='ltr'>Nostri</span> <span class='ocrx_word' id='word_1_467' title='bbox 2028 1137 2159 1180; x_wconf 87' lang='lat' dir='ltr'>Anno</span> <span class='ocrx_word' id='word_1_468' title='bbox 2185 1134 2288 1177; x_wconf 85' lang='lat' dir='ltr'>duo·</span> 
     </span>
     <span class='ocr_line' id='line_1_76' title="bbox 1311 1198 1511 1242; baseline -0.02 0"><span class='ocrx_word' id='word_1_469' title='bbox 1311 1198 1482 1242; x_wconf 87' lang='lat' dir='ltr'>decimo</span> <span class='ocrx_word' id='word_1_470' title='bbox 1498 1226 1511 1239; x_wconf 87' lang='lat'><strong>.</strong></span> 
     </span>
    </p>
   </div>
   <div class='ocr_carea' id='block_1_7' title="bbox 1316 1318 2297 1593">
    <p class='ocr_par' dir='ltr' id='par_1_14' title="bbox 1316 1318 2297 1593">
     <span class='ocr_line' id='line_1_77' title="bbox 1316 1318 2296 1456; baseline -0.008 -16"><span class='ocrx_word' id='word_1_471' title='bbox 1316 1387 1574 1456; x_wconf 77' lang='lat' dir='ltr'>Ampliatio</span> <span class='ocrx_word' id='word_1_472' title='bbox 1613 1384 1663 1438; x_wconf 73' lang='grc' dir='ltr'>ει</span> <span class='ocrx_word' id='word_1_473' title='bbox 1686 1318 1940 1435; x_wconf 50' lang='grc' dir='ltr'>«ιὲξιέζὲιῑο</span> <span class='ocrx_word' id='word_1_474' title='bbox 1968 1383 2296 1449; x_wconf 68' lang='lat' dir='ltr'>prohibitionis</span> 
     </span>
     <span class='ocr_line' id='line_1_78' title="bbox 1384 1453 2297 1520; baseline -0.002 -16"><span class='ocrx_word' id='word_1_475' title='bbox 1384 1454 1602 1504; x_wconf 82' lang='lat' dir='ltr'>afferendi</span> <span class='ocrx_word' id='word_1_476' title='bbox 1628 1458 1683 1502; x_wconf 90' lang='lat' dir='ltr'>B.</span> <span class='ocrx_word' id='word_1_477' title='bbox 1714 1457 1918 1502; x_wconf 86' lang='lat' dir='ltr'>Mariam</span> <span class='ocrx_word' id='word_1_478' title='bbox 1934 1453 2186 1520; x_wconf 88' lang='lat' dir='ltr'>Virginem</span> <span class='ocrx_word' id='word_1_479' title='bbox 2210 1454 2297 1502; x_wconf 79' lang='lat' dir='ltr'>in..</span> 
     </span>
     <span class='ocr_line' id='line_1_79' title="bbox 1383 1519 2276 1593; baseline 0 -20"><span class='ocrx_word' id='word_1_480' title='bbox 1383 1539 1575 1593; x_wconf 87' lang='lat' dir='ltr'>peccato</span> <span class='ocrx_word' id='word_1_481' title='bbox 1594 1523 1809 1591; x_wconf 85' lang='lat' dir='ltr'>originali</span> <span class='ocrx_word' id='word_1_482' title='bbox 1825 1537 2104 1591; x_wconf 83' lang='lat' dir='ltr'>conceptam</span> <span class='ocrx_word' id='word_1_483' title='bbox 2120 1519 2248 1575; x_wconf 83' lang='lat' dir='ltr'>fuiffe</span> <span class='ocrx_word' id='word_1_484' title='bbox 2262 1558 2276 1573; x_wconf 92' lang='lat'><strong>.</strong></span> 
     </span>
    </p>
   </div>
   <div class='ocr_carea' id='block_1_8' title="bbox 1317 1651 2156 1843">
    <p class='ocr_par' dir='ltr' id='par_1_15' title="bbox 1317 1651 2156 1843">
     <span class='ocr_line' id='line_1_80' title="bbox 1464 1651 2156 1713; baseline 0 -17"><span class='ocrx_word' id='word_1_485' title='bbox 1464 1651 1580 1696; x_wconf 82' lang='lat' dir='ltr'>Peria</span> <span class='ocrx_word' id='word_1_486' title='bbox 1606 1666 1674 1696; x_wconf 90' lang='grc' dir='ltr'><strong><em>ιιι.</em></strong></span> <span class='ocrx_word' id='word_1_487' title='bbox 1703 1652 1773 1696; x_wconf 88' lang='lat' dir='ltr'>die</span> <span class='ocrx_word' id='word_1_488' title='bbox 1792 1665 1867 1707; x_wconf 77' lang='lat'>24.</span> <span class='ocrx_word' id='word_1_489' title='bbox 1897 1653 2000 1713; x_wconf 87' lang='lat' dir='ltr'>Maji</span> <span class='ocrx_word' id='word_1_490' title='bbox 2029 1657 2156 1696; x_wconf 68' lang='lat'><em>1622·</em></span> 
     </span>
     <span class='ocr_line' id='line_1_81' title="bbox 1317 1769 2050 1843; baseline 0.003 -21"><span class='ocrx_word' id='word_1_491' title='bbox 1317 1769 1371 1822; x_wconf 81' lang='lat' dir='ltr'>In</span> <span class='ocrx_word' id='word_1_492' title='bbox 1398 1771 1586 1843; x_wconf 79' lang='lat' dir='ltr'>generali</span> <span class='ocrx_word' id='word_1_493' title='bbox 1609 1770 1933 1843; x_wconf 74' lang='lat' dir='ltr'>congregatione</span> <span class='ocrx_word' id='word_1_494' title='bbox 1956 1772 2050 1824; x_wconf 56' lang='lat' dir='ltr'>&amp;a</span> 
     </span>
    </p>
   </div>
   <div class='ocr_carea' id='block_1_9' title="bbox 1310 1900 2301 2439">
    <p class='ocr_par' dir='ltr' id='par_1_16' title="bbox 1402 1900 2298 1946">
     <span class='ocr_line' id='line_1_82' title="bbox 1402 1900 2298 1946; baseline -0.003 -1"><span class='ocrx_word' id='word_1_495' title='bbox 1402 1901 1649 1945; x_wconf 63' lang='lat' dir='ltr'>Aneliffimus</span> <span class='ocrx_word' id='word_1_496' title='bbox 1665 1901 1867 1945; x_wconf 86' lang='lat' dir='ltr'>Dominus</span> <span class='ocrx_word' id='word_1_497' title='bbox 1883 1902 2032 1946; x_wconf 83' lang='lat' dir='ltr'>Noster</span> <span class='ocrx_word' id='word_1_498' title='bbox 2061 1900 2211 1946; x_wconf 82' lang='lat' dir='ltr'>auditis</span> <span class='ocrx_word' id='word_1_499' title='bbox 2228 1908 2298 1942; x_wconf 78' lang='lat' dir='ltr'>vo.&#39;</span> 
     </span>
    </p>

    <p class='ocr_par' dir='ltr' id='par_1_17' title="bbox 1416 1959 2300 2017">
     <span class='ocr_line' id='line_1_83' title="bbox 1416 1959 2300 2017; baseline -0.005 -12"><span class='ocrx_word' id='word_1_500' title='bbox 1416 1962 1469 2005; x_wconf 87' lang='lat' dir='ltr'>tis</span> <span class='ocrx_word' id='word_1_501' title='bbox 1486 1960 1839 2005; x_wconf 84' lang='lat' dir='ltr'>lllustriffimorum</span> <span class='ocrx_word' id='word_1_502' title='bbox 1850 1962 1915 2012; x_wconf 85' lang='lat'>‚&amp;</span> <span class='ocrx_word' id='word_1_503' title='bbox 1931 1959 2300 2017; x_wconf 82' lang='lat' dir='ltr'>Reverendissimo-</span> 
     </span>
    </p>

    <p class='ocr_par' dir='ltr' id='par_1_18' title="bbox 1313 2020 2301 2074">
     <span class='ocr_line' id='line_1_84' title="bbox 1313 2020 2301 2074; baseline -0.002 -10"><span class='ocrx_word' id='word_1_504' title='bbox 1313 2035 1402 2064; x_wconf 87' lang='lat' dir='ltr'>rum</span> <span class='ocrx_word' id='word_1_505' title='bbox 1417 2021 1682 2064; x_wconf 88' lang='lat' dir='ltr'>Dominorum</span> <span class='ocrx_word' id='word_1_506' title='bbox 1705 2020 2020 2074; x_wconf 81' lang='lat' dir='ltr'>cardinalium,</span> <span class='ocrx_word' id='word_1_507' title='bbox 2048 2029 2191 2065; x_wconf 81' lang='lat' dir='ltr'>contra</span> <span class='ocrx_word' id='word_1_508' title='bbox 2218 2020 2301 2063; x_wconf 69' lang='lat' dir='ltr'>haed</span> 
     </span>
    </p>

    <p class='ocr_par' dir='ltr' id='par_1_19' title="bbox 1311 2077 2290 2139">
     <span class='ocr_line' id='line_1_85' title="bbox 1311 2077 2290 2139; baseline 0 -17"><span class='ocrx_word' id='word_1_509' title='bbox 1311 2082 1482 2124; x_wconf 89' lang='lat' dir='ltr'>reticam</span> <span class='ocrx_word' id='word_1_510' title='bbox 1497 2081 1741 2139; x_wconf 82' lang='lat' dir='ltr'>pravitatem</span> <span class='ocrx_word' id='word_1_511' title='bbox 1770 2079 2037 2124; x_wconf 78' lang='lat' dir='ltr'>Gener-alium</span> <span class='ocrx_word' id='word_1_512' title='bbox 2064 2077 2290 2136; x_wconf 84' lang='lat' dir='ltr'>lnquifito·</span> 
     </span>
    </p>

    <p class='ocr_par' dir='ltr' id='par_1_20' title="bbox 1314 2138 2297 2195">
     <span class='ocr_line' id='line_1_86' title="bbox 1314 2138 2297 2195; baseline -0.004 -11"><span class='ocrx_word' id='word_1_513' title='bbox 1314 2155 1404 2184; x_wconf 85' lang='lat' dir='ltr'>rum</span> <span class='ocrx_word' id='word_1_514' title='bbox 1421 2170 1435 2195; x_wconf 87' lang='lat'>,</span> <span class='ocrx_word' id='word_1_515' title='bbox 1450 2140 1659 2185; x_wconf 88' lang='lat' dir='ltr'>decretum</span> <span class='ocrx_word' id='word_1_516' title='bbox 1674 2138 1772 2183; x_wconf 69' lang='lat' dir='ltr'>aliis</span> <span class='ocrx_word' id='word_1_517' title='bbox 1782 2138 1938 2182; x_wconf 89' lang='lat' dir='ltr'>editum</span> <span class='ocrx_word' id='word_1_518' title='bbox 1966 2140 1988 2182; x_wconf 69' lang='lat' dir='ltr'>i</span> <span class='ocrx_word' id='word_1_519' title='bbox 2003 2138 2072 2184; x_wconf 84' lang='lat' dir='ltr'>fel.</span> <span class='ocrx_word' id='word_1_520' title='bbox 2088 2153 2174 2183; x_wconf 88' lang='lat' dir='ltr'>rec.</span> <span class='ocrx_word' id='word_1_521' title='bbox 2193 2140 2297 2181; x_wconf 88' lang='lat' dir='ltr'>Pau·</span> 
     </span>
    </p>

    <p class='ocr_par' dir='ltr' id='par_1_21' title="bbox 1314 2196 2292 2305">
     <span class='ocr_line' id='line_1_87' title="bbox 1314 2196 2292 2257; baseline -0.005 -12"><span class='ocrx_word' id='word_1_522' title='bbox 1314 2201 1359 2245; x_wconf 92' lang='lat' dir='ltr'>lo</span> <span class='ocrx_word' id='word_1_523' title='bbox 1375 2202 1428 2243; x_wconf 88' lang='lat' dir='ltr'>V.</span> <span class='ocrx_word' id='word_1_524' title='bbox 1453 2199 1540 2256; x_wconf 82' lang='lat' dir='ltr'>ejus</span> <span class='ocrx_word' id='word_1_525' title='bbox 1570 2196 1851 2245; x_wconf 78' lang='lat' dir='ltr'>Praedeceffore</span> <span class='ocrx_word' id='word_1_526' title='bbox 1878 2200 2032 2243; x_wconf 87' lang='lat' dir='ltr'>tenoris</span> <span class='ocrx_word' id='word_1_527' title='bbox 2063 2199 2262 2257; x_wconf 85' lang='lat' dir='ltr'>sequentis</span> <span class='ocrx_word' id='word_1_528' title='bbox 2271 2202 2292 2253; x_wconf 89' lang='lat'>,&#39;</span> 
     </span>
     <span class='ocr_line' id='line_1_88' title="bbox 1316 2259 1544 2305; baseline -0.009 0"><span class='ocrx_word' id='word_1_529' title='bbox 1316 2259 1512 2305; x_wconf 84' lang='lat' dir='ltr'>videlicet</span> <span class='ocrx_word' id='word_1_530' title='bbox 1529 2274 1544 2304; x_wconf 77' lang='lat' dir='ltr'>s</span> 
     </span>
    </p>

    <p class='ocr_par' dir='ltr' id='par_1_22' title="bbox 1435 2316 2300 2374">
     <span class='ocr_line' id='line_1_89' title="bbox 1435 2316 2300 2374; baseline -0.007 -9"><span class='ocrx_word' id='word_1_531' title='bbox 1435 2318 1704 2365; x_wconf 68' lang='lat' dir='ltr'>Sanffissimus</span> <span class='ocrx_word' id='word_1_532' title='bbox 1719 2318 1920 2362; x_wconf 83' lang='lat' dir='ltr'>Dominus</span> <span class='ocrx_word' id='word_1_533' title='bbox 1936 2317 2088 2362; x_wconf 83' lang='lat' dir='ltr'>Noster</span> <span class='ocrx_word' id='word_1_534' title='bbox 2101 2316 2190 2374; x_wconf 85' lang='lat' dir='ltr'>post</span> <span class='ocrx_word' id='word_1_535' title='bbox 2205 2322 2300 2360; x_wconf 89' lang='lat' dir='ltr'>lon-</span> 
     </span>
    </p>

    <p class='ocr_par' dir='ltr' id='par_1_23' title="bbox 1310 2375 2299 2439">
     <span class='ocr_line' id='line_1_90' title="bbox 1310 2375 2299 2439; baseline -0.005 -16"><span class='ocrx_word' id='word_1_536' title='bbox 1310 2394 1402 2439; x_wconf 87' lang='lat' dir='ltr'>gam</span> <span class='ocrx_word' id='word_1_537' title='bbox 1417 2406 1431 2430; x_wconf 85' lang='lat'><strong>,</strong></span> <span class='ocrx_word' id='word_1_538' title='bbox 1442 2381 1485 2423; x_wconf 72' lang='grc' dir='ltr'>δι</span> <span class='ocrx_word' id='word_1_539' title='bbox 1502 2388 1700 2423; x_wconf 88' lang='lat' dir='ltr'>maturam</span> <span class='ocrx_word' id='word_1_540' title='bbox 1714 2378 2011 2429; x_wconf 78' lang='lat' dir='ltr'>discuffionem‚</span> <span class='ocrx_word' id='word_1_541' title='bbox 2023 2376 2174 2421; x_wconf 86' lang='lat' dir='ltr'>auditis</span> <span class='ocrx_word' id='word_1_542' title='bbox 2191 2375 2299 2419; x_wconf 82' lang='lat' dir='ltr'>votis</span> 
     </span>
    </p>
   </div>
   <div class='ocr_carea' id='block_1_10' title="bbox 1285 2436 2301 2496">
    <p class='ocr_par' dir='ltr' id='par_1_24' title="bbox 1285 2436 2301 2496">
     <span class='ocr_line' id='line_1_91' title="bbox 1285 2436 2301 2496; baseline -0.007 -11"><span class='ocrx_word' id='word_1_543' title='bbox 1285 2493 1288 2496; x_wconf 9' lang='lat' dir='ltr'>K</span> <span class='ocrx_word' id='word_1_544' title='bbox 1311 2439 1676 2485; x_wconf 78' lang='lat' dir='ltr'>Illustriffimorum</span> <span class='ocrx_word' id='word_1_545' title='bbox 1709 2466 1724 2490; x_wconf 88' lang='lat'>‚</span> <span class='ocrx_word' id='word_1_546' title='bbox 1751 2439 1791 2481; x_wconf 73' lang='lat' dir='ltr'>Sc</span> <span class='ocrx_word' id='word_1_547' title='bbox 1818 2436 2301 2483; x_wconf 62' lang='lat' dir='ltr'>Reverendiffimorum</span> 
     </span>
    </p>
   </div>
   <div class='ocr_carea' id='block_1_11' title="bbox 1311 2494 2303 3915">
    <p class='ocr_par' dir='ltr' id='par_1_25' title="bbox 1311 2494 2303 3915">
     <span class='ocr_line' id='line_1_92' title="bbox 1311 2494 2303 2552; baseline -0.009 -9"><span class='ocrx_word' id='word_1_548' title='bbox 1311 2501 1406 2544; x_wconf 86' lang='lat' dir='ltr'>DD.</span> <span class='ocrx_word' id='word_1_549' title='bbox 1419 2498 1701 2543; x_wconf 79' lang='lat' dir='ltr'>cardinalium</span> <span class='ocrx_word' id='word_1_550' title='bbox 1725 2507 1874 2542; x_wconf 87' lang='lat' dir='ltr'>contra</span> <span class='ocrx_word' id='word_1_551' title='bbox 1901 2495 2132 2541; x_wconf 63' lang='lat' dir='ltr'>hereticam</span> <span class='ocrx_word' id='word_1_552' title='bbox 2165 2494 2303 2552; x_wconf 87' lang='lat' dir='ltr'>pravi-</span> 
     </span>
     <span class='ocr_line' id='line_1_93' title="bbox 1314 2556 2300 2614; baseline -0.012 -9"><span class='ocrx_word' id='word_1_553' title='bbox 1314 2570 1442 2605; x_wconf 86' lang='lat' dir='ltr'>tatem</span> <span class='ocrx_word' id='word_1_554' title='bbox 1456 2558 1722 2603; x_wconf 85' lang='lat' dir='ltr'>Generalium</span> <span class='ocrx_word' id='word_1_555' title='bbox 1737 2556 2030 2614; x_wconf 80' lang='lat' dir='ltr'>Inquisitorum</span> <span class='ocrx_word' id='word_1_556' title='bbox 2045 2581 2060 2605; x_wconf 84' lang='lat'><strong>‚</strong></span> <span class='ocrx_word' id='word_1_557' title='bbox 2074 2570 2118 2599; x_wconf 89' lang='lat' dir='ltr'>re</span> <span class='ocrx_word' id='word_1_558' title='bbox 2131 2565 2300 2597; x_wconf 87' lang='lat' dir='ltr'>accura-</span> 
     </span>
     <span class='ocr_line' id='line_1_94' title="bbox 1313 2610 2302 2672; baseline -0.012 -8"><span class='ocrx_word' id='word_1_559' title='bbox 1313 2621 1381 2671; x_wconf 71' lang='lat' dir='ltr'>te,</span> <span class='ocrx_word' id='word_1_560' title='bbox 1395 2633 1443 2662; x_wconf 86' lang='lat' dir='ltr'>ac</span> <span class='ocrx_word' id='word_1_561' title='bbox 1459 2614 1681 2672; x_wconf 77' lang='lat' dir='ltr'>diligenter</span> <span class='ocrx_word' id='word_1_562' title='bbox 1692 2614 1889 2670; x_wconf 60' lang='lat' dir='ltr'>perpensi</span> <span class='ocrx_word' id='word_1_563' title='bbox 1902 2640 1917 2664; x_wconf 84' lang='lat'><strong>‚</strong></span> <span class='ocrx_word' id='word_1_564' title='bbox 1930 2612 2100 2667; x_wconf 67' lang='lat' dir='ltr'>provide</span> <span class='ocrx_word' id='word_1_565' title='bbox 2114 2610 2302 2655; x_wconf 77' lang='lat' dir='ltr'>conside-</span> 
     </span>
     <span class='ocr_line' id='line_1_95' title="bbox 1314 2668 2300 2730; baseline -0.006 -11"><span class='ocrx_word' id='word_1_566' title='bbox 1314 2689 1406 2719; x_wconf 91' lang='lat' dir='ltr'>rans</span> <span class='ocrx_word' id='word_1_567' title='bbox 1418 2701 1434 2726; x_wconf 84' lang='lat'>,</span> <span class='ocrx_word' id='word_1_568' title='bbox 1448 2673 1558 2730; x_wconf 84' lang='lat' dir='ltr'>quod</span> <span class='ocrx_word' id='word_1_569' title='bbox 1574 2671 1759 2729; x_wconf 78' lang='lat' dir='ltr'>quamvis</span> <span class='ocrx_word' id='word_1_570' title='bbox 1773 2673 1813 2715; x_wconf 92' lang='lat' dir='ltr'>in</span> <span class='ocrx_word' id='word_1_571' title='bbox 1828 2670 2132 2715; x_wconf 80' lang='lat' dir='ltr'>Constitutione</span> <span class='ocrx_word' id='word_1_572' title='bbox 2143 2668 2300 2714; x_wconf 80' lang='lat' dir='ltr'>fel-rec·</span> 
     </span>
     <span class='ocr_line' id='line_1_96' title="bbox 1313 2728 2302 2785; baseline -0.007 -9"><span class='ocrx_word' id='word_1_573' title='bbox 1313 2733 1416 2776; x_wconf 79' lang='lat' dir='ltr'>Sixti</span> <span class='ocrx_word' id='word_1_574' title='bbox 1432 2733 1507 2774; x_wconf 79' lang='lat' dir='ltr'>tv.</span> <span class='ocrx_word' id='word_1_575' title='bbox 1526 2729 1640 2785; x_wconf 77' lang='lat' dir='ltr'>{iiper</span> <span class='ocrx_word' id='word_1_576' title='bbox 1654 2730 1944 2785; x_wconf 79' lang='lat' dir='ltr'>conceptione</span> <span class='ocrx_word' id='word_1_577' title='bbox 1961 2728 2195 2773; x_wconf 80' lang='lat' dir='ltr'>Beatiffimae</span> <span class='ocrx_word' id='word_1_578' title='bbox 2210 2728 2302 2771; x_wconf 90' lang='lat' dir='ltr'>Vir.</span> 
     </span>
     <span class='ocr_line' id='line_1_97' title="bbox 1315 2785 2302 2849; baseline -0.003 -16"><span class='ocrx_word' id='word_1_579' title='bbox 1315 2792 1420 2849; x_wconf 86' lang='lat' dir='ltr'>ginis</span> <span class='ocrx_word' id='word_1_580' title='bbox 1438 2789 1574 2831; x_wconf 65' lang='grc' dir='ltr'>Μαι-ῆι</span> <span class='ocrx_word' id='word_1_581' title='bbox 1597 2802 1674 2843; x_wconf 86' lang='lat' dir='ltr'>pro</span> <span class='ocrx_word' id='word_1_582' title='bbox 1690 2785 1978 2832; x_wconf 78' lang='lat' dir='ltr'>submovendis</span> <span class='ocrx_word' id='word_1_583' title='bbox 2007 2789 2114 2832; x_wconf 85' lang='lat' dir='ltr'>inter</span> <span class='ocrx_word' id='word_1_584' title='bbox 2129 2786 2302 2832; x_wconf 78' lang='lat' dir='ltr'>Christi-</span> 
     </span>
     <span class='ocr_line' id='line_1_98' title="bbox 1317 2846 2299 2901; baseline -0.006 -8"><span class='ocrx_word' id='word_1_585' title='bbox 1317 2849 1459 2895; x_wconf 82' lang='lat' dir='ltr'>fideles</span> <span class='ocrx_word' id='word_1_586' title='bbox 1493 2847 1710 2899; x_wconf 84' lang='lat' dir='ltr'>scandalis,</span> <span class='ocrx_word' id='word_1_587' title='bbox 1734 2848 1831 2891; x_wconf 80' lang='lat' dir='ltr'>rixis</span> <span class='ocrx_word' id='word_1_588' title='bbox 1847 2876 1862 2901; x_wconf 84' lang='lat'><strong>,</strong></span> <span class='ocrx_word' id='word_1_589' title='bbox 1893 2848 1935 2890; x_wconf 87' lang='lat'>&amp;</span> <span class='ocrx_word' id='word_1_590' title='bbox 1959 2846 2299 2891; x_wconf 86' lang='lat' dir='ltr'>contentionibus</span> 
     </span>
     <span class='ocr_line' id='line_1_99' title="bbox 1319 2906 2301 2963; baseline -0.006 -9"><span class='ocrx_word' id='word_1_591' title='bbox 1319 2909 1432 2954; x_wconf 84' lang='lat' dir='ltr'>edita</span> <span class='ocrx_word' id='word_1_592' title='bbox 1448 2937 1463 2963; x_wconf 86' lang='lat'>‚</span> <span class='ocrx_word' id='word_1_593' title='bbox 1490 2908 1512 2950; x_wconf 67' lang='lat' dir='ltr'>s</span> <span class='ocrx_word' id='word_1_594' title='bbox 1531 2912 1653 2951; x_wconf 87' lang='lat' dir='ltr'>Sacra</span> <span class='ocrx_word' id='word_1_595' title='bbox 1673 2906 1914 2952; x_wconf 76' lang='lat' dir='ltr'>Tridentina</span> <span class='ocrx_word' id='word_1_596' title='bbox 1929 2906 2108 2963; x_wconf 83' lang='lat' dir='ltr'>synodo</span> <span class='ocrx_word' id='word_1_597' title='bbox 2135 2906 2301 2950; x_wconf 85' lang='lat' dir='ltr'>innova—</span> 
     </span>
     <span class='ocr_line' id='line_1_100' title="bbox 1319 2965 2299 3022; baseline -0.007 -9"><span class='ocrx_word' id='word_1_598' title='bbox 1319 2980 1361 3013; x_wconf 86' lang='lat' dir='ltr'>ta</span> <span class='ocrx_word' id='word_1_599' title='bbox 1374 2998 1389 3022; x_wconf 86' lang='lat'>,</span> <span class='ocrx_word' id='word_1_600' title='bbox 1401 2969 1440 3012; x_wconf 76' lang='grc' dir='ltr'>δι</span> <span class='ocrx_word' id='word_1_601' title='bbox 1454 2966 1601 3011; x_wconf 91' lang='lat' dir='ltr'>deinde</span> <span class='ocrx_word' id='word_1_602' title='bbox 1617 2969 1656 3010; x_wconf 89' lang='lat' dir='ltr'>in</span> <span class='ocrx_word' id='word_1_603' title='bbox 1668 2965 1748 3009; x_wconf 83' lang='lat' dir='ltr'>alia</span> <span class='ocrx_word' id='word_1_604' title='bbox 1765 2966 2069 3011; x_wconf 72' lang='lat' dir='ltr'>Constitutione</span> <span class='ocrx_word' id='word_1_605' title='bbox 2083 2967 2162 3009; x_wconf 71' lang='lat' dir='ltr'>stn.</span> <span class='ocrx_word' id='word_1_606' title='bbox 2177 2977 2299 3008; x_wconf 87' lang='lat' dir='ltr'>mem.</span> 
     </span>
     <span class='ocr_line' id='line_1_101' title="bbox 1319 3025 2301 3086; baseline -0.004 -14"><span class='ocrx_word' id='word_1_607' title='bbox 1319 3029 1383 3073; x_wconf 86' lang='lat' dir='ltr'>Pii</span> <span class='ocrx_word' id='word_1_608' title='bbox 1399 3029 1451 3072; x_wconf 88' lang='lat' dir='ltr'>V·</span> <span class='ocrx_word' id='word_1_609' title='bbox 1470 3029 1586 3083; x_wconf 87' lang='lat' dir='ltr'>super</span> <span class='ocrx_word' id='word_1_610' title='bbox 1601 3025 1746 3070; x_wconf 86' lang='lat' dir='ltr'>eadem</span> <span class='ocrx_word' id='word_1_611' title='bbox 1762 3040 1808 3071; x_wconf 92' lang='lat' dir='ltr'>re</span> <span class='ocrx_word' id='word_1_612' title='bbox 1820 3055 1835 3080; x_wconf 91' lang='lat'>‚</span> <span class='ocrx_word' id='word_1_613' title='bbox 1866 3040 1963 3086; x_wconf 85' lang='lat' dir='ltr'>quas</span> <span class='ocrx_word' id='word_1_614' title='bbox 1990 3025 2171 3069; x_wconf 75' lang='lat' dir='ltr'>{imiliter</span> <span class='ocrx_word' id='word_1_615' title='bbox 2201 3030 2301 3069; x_wconf 80' lang='lat' dir='ltr'>san-</span> 
     </span>
     <span class='ocr_line' id='line_1_102' title="bbox 1317 3083 2302 3142; baseline -0.009 -10"><span class='ocrx_word' id='word_1_616' title='bbox 1317 3088 1434 3132; x_wconf 72' lang='lat' dir='ltr'>&amp;itas</span> <span class='ocrx_word' id='word_1_617' title='bbox 1451 3087 1527 3131; x_wconf 81' lang='lat' dir='ltr'>Sua</span> <span class='ocrx_word' id='word_1_618' title='bbox 1545 3086 1792 3140; x_wconf 82' lang='lat' dir='ltr'>innovavit,</span> <span class='ocrx_word' id='word_1_619' title='bbox 1804 3101 1897 3131; x_wconf 87' lang='lat' dir='ltr'>cum</span> <span class='ocrx_word' id='word_1_620' title='bbox 1915 3085 2149 3141; x_wconf 85' lang='lat' dir='ltr'>quibusdam</span> <span class='ocrx_word' id='word_1_621' title='bbox 2163 3083 2302 3142; x_wconf 83' lang='lat' dir='ltr'>provi·</span> 
     </span>
     <span class='ocr_line' id='line_1_103' title="bbox 1322 3141 2301 3203; baseline -0.008 -12"><span class='ocrx_word' id='word_1_622' title='bbox 1322 3147 1497 3191; x_wconf 73' lang='lat' dir='ltr'>{ionibus</span> <span class='ocrx_word' id='word_1_623' title='bbox 1511 3173 1527 3199; x_wconf 82' lang='lat'>‚</span> <span class='ocrx_word' id='word_1_624' title='bbox 1555 3148 1594 3189; x_wconf 76' lang='grc' dir='ltr'>δι</span> <span class='ocrx_word' id='word_1_625' title='bbox 1609 3145 1897 3200; x_wconf 69' lang='grc' dir='ltr'><strong><em>ιάὶεᾶὶοηίὺιιι</em></strong></span> <span class='ocrx_word' id='word_1_626' title='bbox 1913 3157 2124 3203; x_wconf 82' lang='lat' dir='ltr'>poenarum</span> <span class='ocrx_word' id='word_1_627' title='bbox 2143 3156 2216 3202; x_wconf 89' lang='lat' dir='ltr'>pro</span> <span class='ocrx_word' id='word_1_628' title='bbox 2238 3141 2301 3183; x_wconf 82' lang='lat' dir='ltr'>ef·</span> 
     </span>
     <span class='ocr_line' id='line_1_104' title="bbox 1322 3204 2301 3259; baseline -0.009 -8"><span class='ocrx_word' id='word_1_629' title='bbox 1322 3206 1504 3251; x_wconf 85' lang='lat' dir='ltr'>ficaciori</span> <span class='ocrx_word' id='word_1_630' title='bbox 1548 3219 1686 3250; x_wconf 85' lang='lat' dir='ltr'>earum</span> <span class='ocrx_word' id='word_1_631' title='bbox 1720 3205 2008 3250; x_wconf 79' lang='lat' dir='ltr'>observatione</span> <span class='ocrx_word' id='word_1_632' title='bbox 2045 3204 2301 3259; x_wconf 84' lang='lat' dir='ltr'>relinquatur</span> 
     </span>
     <span class='ocr_line' id='line_1_105' title="bbox 1323 3261 2299 3323; baseline -0.01 -12"><span class='ocrx_word' id='word_1_633' title='bbox 1323 3266 1540 3323; x_wconf 85' lang='lat' dir='ltr'>unicuique</span> <span class='ocrx_word' id='word_1_634' title='bbox 1570 3265 1697 3308; x_wconf 87' lang='lat' dir='ltr'>libera</span> <span class='ocrx_word' id='word_1_635' title='bbox 1712 3262 1885 3310; x_wconf 81' lang='lat' dir='ltr'>facultas</span> <span class='ocrx_word' id='word_1_636' title='bbox 1898 3263 2090 3315; x_wconf 86' lang='lat' dir='ltr'>tenendi,</span> <span class='ocrx_word' id='word_1_637' title='bbox 2111 3263 2148 3306; x_wconf 73' lang='grc' dir='ltr'>δι</span> <span class='ocrx_word' id='word_1_638' title='bbox 2172 3261 2299 3305; x_wconf 83' lang='lat' dir='ltr'>etiam</span> 
     </span>
     <span class='ocr_line' id='line_1_106' title="bbox 1322 3318 2300 3381; baseline -0.008 -12"><span class='ocrx_word' id='word_1_639' title='bbox 1322 3323 1516 3369; x_wconf 78' lang='lat' dir='ltr'>afferendi</span> <span class='ocrx_word' id='word_1_640' title='bbox 1544 3335 1757 3381; x_wconf 85' lang='lat' dir='ltr'>utramque</span> <span class='ocrx_word' id='word_1_641' title='bbox 1781 3335 1935 3381; x_wconf 88' lang='lat' dir='ltr'>partem</span> <span class='ocrx_word' id='word_1_642' title='bbox 1953 3350 1968 3374; x_wconf 63' lang='lat' dir='ltr'>a</span> <span class='ocrx_word' id='word_1_643' title='bbox 2004 3320 2115 3380; x_wconf 88' lang='lat' dir='ltr'>quod</span> <span class='ocrx_word' id='word_1_644' title='bbox 2143 3318 2300 3363; x_wconf 85' lang='lat' dir='ltr'>scilicet</span> 
     </span>
     <span class='ocr_line' id='line_1_107' title="bbox 1322 3383 2301 3440; baseline -0.008 -11"><span class='ocrx_word' id='word_1_645' title='bbox 1322 3384 1447 3430; x_wconf 83' lang='lat' dir='ltr'>fuerit</span> <span class='ocrx_word' id='word_1_646' title='bbox 1465 3412 1481 3437; x_wconf 85' lang='lat'><strong>,</strong></span> <span class='ocrx_word' id='word_1_647' title='bbox 1504 3384 1569 3429; x_wconf 76' lang='lat' dir='ltr'>vel</span> <span class='ocrx_word' id='word_1_648' title='bbox 1588 3397 1669 3427; x_wconf 91' lang='lat' dir='ltr'>non</span> <span class='ocrx_word' id='word_1_649' title='bbox 1685 3383 1811 3429; x_wconf 78' lang='lat' dir='ltr'>suerit</span> <span class='ocrx_word' id='word_1_650' title='bbox 1826 3393 2028 3440; x_wconf 86' lang='lat' dir='ltr'>concepta</span> <span class='ocrx_word' id='word_1_651' title='bbox 2040 3394 2135 3425; x_wconf 88' lang='lat' dir='ltr'>cum</span> <span class='ocrx_word' id='word_1_652' title='bbox 2152 3392 2301 3437; x_wconf 83' lang='lat' dir='ltr'>peeca-</span> 
     </span>
     <span class='ocr_line' id='line_1_108' title="bbox 1321 3438 2300 3501; baseline -0.009 -11"><span class='ocrx_word' id='word_1_653' title='bbox 1321 3456 1368 3490; x_wconf 94' lang='lat' dir='ltr'>to</span> <span class='ocrx_word' id='word_1_654' title='bbox 1382 3442 1601 3501; x_wconf 82' lang='lat' dir='ltr'>originali,</span> <span class='ocrx_word' id='word_1_655' title='bbox 1624 3442 1667 3486; x_wconf 74' lang='grc' dir='ltr'>δι</span> <span class='ocrx_word' id='word_1_656' title='bbox 1692 3442 1793 3487; x_wconf 89' lang='lat' dir='ltr'>dum</span> <span class='ocrx_word' id='word_1_657' title='bbox 1818 3454 1954 3488; x_wconf 86' lang='lat' dir='ltr'>tamen</span> <span class='ocrx_word' id='word_1_658' title='bbox 1969 3449 2111 3485; x_wconf 79' lang='lat' dir='ltr'>neutra</span> <span class='ocrx_word' id='word_1_659' title='bbox 2127 3469 2141 3491; x_wconf 87' lang='lat'><strong>,</strong></span> <span class='ocrx_word' id='word_1_660' title='bbox 2172 3438 2300 3482; x_wconf 84' lang='lat' dir='ltr'>veluti</span> 
     </span>
     <span class='ocr_line' id='line_1_109' title="bbox 1320 3498 2302 3557; baseline -0.007 -8"><span class='ocrx_word' id='word_1_661' title='bbox 1320 3517 1491 3550; x_wconf 81' lang='lat' dir='ltr'>erronea</span> <span class='ocrx_word' id='word_1_662' title='bbox 1507 3511 1601 3557; x_wconf 84' lang='lat' dir='ltr'>,aut</span> <span class='ocrx_word' id='word_1_663' title='bbox 1617 3503 1803 3548; x_wconf 71' lang='lat' dir='ltr'>heretica</span> <span class='ocrx_word' id='word_1_664' title='bbox 1816 3504 2035 3548; x_wconf 83' lang='lat' dir='ltr'>damnetur</span> <span class='ocrx_word' id='word_1_665' title='bbox 2048 3528 2062 3551; x_wconf 92' lang='lat'>‚</span> <span class='ocrx_word' id='word_1_666' title='bbox 2089 3498 2302 3543; x_wconf 84' lang='lat' dir='ltr'>nihilomi-</span> 
     </span>
     <span class='ocr_line' id='line_1_110' title="bbox 1322 3557 2298 3610; baseline -0.008 -2"><span class='ocrx_word' id='word_1_667' title='bbox 1322 3579 1394 3610; x_wconf 90' lang='lat' dir='ltr'>nus</span> <span class='ocrx_word' id='word_1_668' title='bbox 1418 3578 1467 3608; x_wconf 80' lang='lat' dir='ltr'>ex</span> <span class='ocrx_word' id='word_1_669' title='bbox 1493 3564 1706 3609; x_wconf 78' lang='lat' dir='ltr'>occafione</span> <span class='ocrx_word' id='word_1_670' title='bbox 1735 3561 1956 3607; x_wconf 71' lang='lat' dir='ltr'>assertionis</span> <span class='ocrx_word' id='word_1_671' title='bbox 1983 3557 2231 3602; x_wconf 68' lang='lat' dir='ltr'>affirmative</span> <span class='ocrx_word' id='word_1_672' title='bbox 2259 3557 2298 3601; x_wconf 89' lang='lat' dir='ltr'>in</span> 
     </span>
     <span class='ocr_line' id='line_1_111' title="bbox 1325 3617 2300 3682; baseline -0.008 -14"><span class='ocrx_word' id='word_1_673' title='bbox 1325 3623 1497 3682; x_wconf 80' lang='lat' dir='ltr'>publicis</span> <span class='ocrx_word' id='word_1_674' title='bbox 1508 3621 1775 3668; x_wconf 83' lang='lat' dir='ltr'>concionibus</span> <span class='ocrx_word' id='word_1_675' title='bbox 1788 3648 1804 3674; x_wconf 82' lang='lat'>‚</span> <span class='ocrx_word' id='word_1_676' title='bbox 1835 3619 2075 3664; x_wconf 56' lang='lat' dir='ltr'>lectionibus</span> <span class='ocrx_word' id='word_1_677' title='bbox 2088 3644 2104 3670; x_wconf 86' lang='lat'>‚</span> <span class='ocrx_word' id='word_1_678' title='bbox 2129 3617 2300 3661; x_wconf 88' lang='lat' dir='ltr'>conclu-</span> 
     </span>
     <span class='ocr_line' id='line_1_112' title="bbox 1325 3677 2294 3736; baseline -0.006 -9"><span class='ocrx_word' id='word_1_679' title='bbox 1325 3682 1498 3727; x_wconf 78' lang='lat' dir='ltr'>sionibus</span> <span class='ocrx_word' id='word_1_680' title='bbox 1511 3711 1525 3736; x_wconf 82' lang='lat'>,</span> <span class='ocrx_word' id='word_1_681' title='bbox 1540 3683 1579 3725; x_wconf 72' lang='grc' dir='ltr'>δι</span> <span class='ocrx_word' id='word_1_682' title='bbox 1595 3681 1747 3725; x_wconf 61' lang='lat' dir='ltr'>aclibus</span> <span class='ocrx_word' id='word_1_683' title='bbox 1767 3679 1941 3736; x_wconf 83' lang='lat' dir='ltr'>publicis</span> <span class='ocrx_word' id='word_1_684' title='bbox 1955 3707 1968 3731; x_wconf 85' lang='lat'>‚</span> <span class='ocrx_word' id='word_1_685' title='bbox 1985 3677 2096 3736; x_wconf 88' lang='lat' dir='ltr'>quod</span> <span class='ocrx_word' id='word_1_686' title='bbox 2113 3677 2294 3721; x_wconf 74' lang='lat' dir='ltr'>eadem-e</span> 
     </span>
     <span class='ocr_line' id='line_1_113' title="bbox 1325 3735 2300 3796; baseline -0.009 -10"><span class='ocrx_word' id='word_1_687' title='bbox 1325 3741 1549 3787; x_wconf 75' lang='lat' dir='ltr'>Beatissima</span> <span class='ocrx_word' id='word_1_688' title='bbox 1568 3741 1699 3796; x_wconf 75' lang='lat' dir='ltr'>Virgo</span> <span class='ocrx_word' id='word_1_689' title='bbox 1715 3735 1838 3783; x_wconf 83' lang='lat' dir='ltr'>suerit</span> <span class='ocrx_word' id='word_1_690' title='bbox 1865 3753 1960 3784; x_wconf 86' lang='lat' dir='ltr'>cum</span> <span class='ocrx_word' id='word_1_691' title='bbox 1981 3747 2154 3794; x_wconf 82' lang='lat' dir='ltr'>peceato</span> <span class='ocrx_word' id='word_1_692' title='bbox 2173 3736 2300 3791; x_wconf 87' lang='lat' dir='ltr'>origi-</span> 
     </span>
     <span class='ocr_line' id='line_1_114' title="bbox 1326 3795 2299 3856; baseline -0.011 -11"><span class='ocrx_word' id='word_1_693' title='bbox 1326 3803 1405 3846; x_wconf 87' lang='lat' dir='ltr'>nali</span> <span class='ocrx_word' id='word_1_694' title='bbox 1418 3807 1619 3856; x_wconf 81' lang='lat' dir='ltr'>concepta</span> <span class='ocrx_word' id='word_1_695' title='bbox 1632 3827 1647 3853; x_wconf 88' lang='lat'>,</span> <span class='ocrx_word' id='word_1_696' title='bbox 1662 3800 1855 3843; x_wconf 86' lang='lat' dir='ltr'>oriuntur</span> <span class='ocrx_word' id='word_1_697' title='bbox 1870 3799 1909 3842; x_wconf 92' lang='lat' dir='ltr'>in</span> <span class='ocrx_word' id='word_1_698' title='bbox 1925 3795 2085 3854; x_wconf 84' lang='lat' dir='ltr'>Populo</span> <span class='ocrx_word' id='word_1_699' title='bbox 2099 3795 2299 3841; x_wconf 77' lang='lat' dir='ltr'>Christia-</span> 
     </span>
     <span class='ocr_line' id='line_1_115' title="bbox 1322 3855 2300 3915; baseline -0.007 -11"><span class='ocrx_word' id='word_1_700' title='bbox 1322 3876 1403 3911; x_wconf 89' lang='lat' dir='ltr'>no,</span> <span class='ocrx_word' id='word_1_701' title='bbox 1417 3873 1511 3903; x_wconf 88' lang='lat' dir='ltr'>cum</span> <span class='ocrx_word' id='word_1_702' title='bbox 1527 3871 1671 3915; x_wconf 81' lang='lat' dir='ltr'>magna</span> <span class='ocrx_word' id='word_1_703' title='bbox 1690 3858 1765 3903; x_wconf 89' lang='lat' dir='ltr'>Dei</span> <span class='ocrx_word' id='word_1_704' title='bbox 1781 3857 1928 3903; x_wconf 77' lang='lat' dir='ltr'>offensa</span> <span class='ocrx_word' id='word_1_705' title='bbox 1941 3886 1955 3913; x_wconf 85' lang='lat'>,</span> <span class='ocrx_word' id='word_1_706' title='bbox 1970 3855 2156 3902; x_wconf 78' lang='lat' dir='ltr'>scandala</span> <span class='ocrx_word' id='word_1_707' title='bbox 2171 3883 2186 3907; x_wconf 84' lang='lat'>‚</span> <span class='ocrx_word' id='word_1_708' title='bbox 2214 3855 2300 3909; x_wconf 79' lang='lat' dir='ltr'>jur-</span> 
     </span>
    </p>
   </div>
   <div class='ocr_carea' id='block_1_12' title="bbox 2149 3914 2244 3970">
    <p class='ocr_par' dir='ltr' id='par_1_26' title="bbox 2149 3914 2244 3970">
     <span class='ocr_line' id='line_1_116' title="bbox 2149 3914 2244 3970; baseline -0.021 0"><span class='ocrx_word' id='word_1_709' title='bbox 2149 3914 2211 3970; x_wconf 60' lang='lat' dir='ltr'>gia</span> <span class='ocrx_word' id='word_1_710' title='bbox 2226 3944 2244 3968; x_wconf 75' lang='lat'><strong>³</strong></span> 
     </span>
    </p>
   </div>
  </div>
 </body>
</html>
