2444 4192
360 189 528 270 290

301 319 450 362 debitis
465 320 587 362 etiam
603 348 617 371 ‚
630 322 898 380 congruisque
927 326 1146 370 honoribus
1166 331 1256 373 uni-

302 379 448 434 cuique
460 381 699 424 sanctorum
713 385 938 437 singulatim
958 387 1188 432 tribuendis
1203 391 1254 433 ad

304 436 479 480 coelestis
494 438 603 480 illius
619 441 949 493 Hietarchiae,ubi
964 447 1099 488 omnia
1111 448 1151 490 in
1166 449 1261 491 cha·

299 498 422 539 ritate
446 497 622 553 perfecta
639 500 825 542 ordinata
856 501 971 553 sunt,
994 519 1173 548 normam
1196 518 1257 550 at·

301 570 380 612 que
401 556 615 612 imaginem
640 555 717 599 sese
741 557 1002 605 conformare
1027 564 1258 620 (quantum

298 615 462 672 quidem
476 616 517 656 in
534 614 652 670 hujus
666 621 944 669 praetereuntis
970 623 1118 668 Mundi
1135 625 1259 668 exilio

299 673 431 730 licet)
453 672 626 715 maxime
648 672 777 715 fludet
806 700 819 711 -
858 681 964 719 Nam
988 682 1255 734 quemadmo—

297 733 395 774 dum
422 733 462 772 in
488 743 631 784 magna
659 729 730 771 illa
757 731 899 776 firmini
924 737 1253 789 patrisfamilias,

296 788 487 844 bonisque
500 788 690 829 omnibus
704 791 910 835 cumulata
934 793 1060 838 domo
1081 798 1252 841 manfio-

260 901 269 910 ι
291 863 363 891 nes
378 846 514 888 multae
528 847 645 895 sunt,
672 847 714 888 δι
728 848 852 893 beatae
867 852 946 895 illae
971 856 1106 898 animae
1120 859 1253 900 mira„

294 904 463 960 quadam
481 904 698 958 varietate,
708 907 828 951 unius
842 910 983 966 gloriae
1006 915 1259 958 beatitudine

291 959 569 1029 perfruuntur
583 991 600 1015 ‚
625 965 676 1006 fic
694 968 912 1011 Catholica
935 973 1141 1023 Ecclesia,
1169 987 1255 1029 quae

292 1019 470 1064 coelestis
502 1020 610 1064 illius
635 1022 790 1081 effigies
808 1027 864 1069 est
889 1027 911 1084 (
927 1040 971 1072 ut
995 1032 1254 1074 castrorum-³

289 1082 402 1122 acies
416 1078 602 1123 ordinata
618 1080 693 1138 )in
717 1086 983 1131 veneratione
1008 1090 1159 1132 Sanctis
1176 1089 1252 1131 Dei

288 1137 518 1181 adhibenda
544 1168 560 1190 ,
587 1140 725 1183 sacros
752 1144 848 1187 illos
873 1145 1040 1189 ordines
1064 1176 1079 1197 ,
1103 1147 1254 1190 Divino

287 1197 486 1239 illustrata
498 1197 653 1241 lumine
670 1201 852 1256 agnoscit
867 1232 881 1254 ‚
893 1214 1016 1261 atque
1029 1204 1250 1262 distinguit.

289 1259 435 1313 Itaque
458 1255 555 1299 dum
570 1257 791 1311 gloriosum
820 1263 1111 1318 Apostolorum
1134 1265 1251 1309 Cho-

287 1329 378 1357 rum
392 1345 408 1366 ,
420 1314 517 1357 dum
533 1317 830 1372 Prophetarum
844 1321 1089 1367 laudabilem
1106 1338 1252 1368 nume·

288 1387 377 1415 rum
390 1402 407 1426 ,
425 1373 521 1415 dum
537 1373 838 1427 fortiffimorum
863 1383 1094 1438 Martyrum
1109 1382 1249 1426 laudat

286 1431 510 1474 exercitum
524 1432 780 1492 ‚caterisque
795 1440 950 1483 sanetis
965 1441 1035 1485 suo
1056 1441 1151 1488 loco
1165 1470 1180 1493 ‚
1207 1443 1246 1484 δι

288 1490 434 1533 ordine
449 1490 527 1533 rite
547 1490 726 1538 honores
738 1494 890 1548 refert,
911 1499 951 1541 in
976 1516 1057 1544 uno
1069 1500 1245 1544 charita-

290 1549 340 1592 tis
354 1547 491 1605 spiritu
507 1549 571 1600 ,δι
582 1553 778 1595 consimili
809 1556 881 1610 piae
894 1557 1125 1602 devotionis
1147 1557 1245 1598 affe·-

289 1611 353 1649 ἂυ
381 1606 660 1662 multiplieiter
678 1610 862 1653 exultat.
895 1615 1011 1657 Inter
1038 1614 1134 1657 illos
1149 1614 1254 1656 vero

288 1663 529 1708 beatissimos
541 1667 777 1710 Sanctorum
793 1670 967 1724 choros,
980 1686 1152 1729 quorum
1166 1687 1252 1715 me-

287 1724 421 1765 moria
447 1727 470 1769 a
498 1724 654 1765 cunetis
682 1725 894 1771 fidelibus
920 1730 1114 1789 religioso
1136 1731 1252 1776 cultu

292 1781 441 1823 merito
470 1779 734 1836 celebratur,
760 1784 898 1843 infigni
922 1787 1136 1849 splendore
1161 1791 1253 1835 elu-

287 1849 357 1885 cet
381 1868 398 1892 ‚
423 1840 661 1885 Sanaomm
691 1844 918 1887 Doctorum
943 1849 1049 1892 ordo
1072 1851 1097 1895 ὲ
1124 1848 1253 1895 Paulo

287 1896 488 1953 Apostolo
501 1896 656 1943 diserte
676 1912 941 1948 enumeratus
952 1936 968 1958 ,
994 1921 1084 1951 cum
1100 1907 1154 1950 ait
1170 1935 1185 1958 ,
1201 1909 1253 1950 Et

287 1957 370 2013 ipse
382 1954 497 1999 dedit
512 1957 704 2012 quosdam
720 1961 885 2016 quidem
900 1964 1253 2022 Apostolos,quos-

287 2016 383 2060 dam
400 2024 533 2058 autem
554 2016 779 2072 Prophetas
793 2048 808 2069 ‚
834 2022 934 2063 alios
950 2025 1051 2065 vero
1066 2025 1254 2078 Evange-

294 2074 394 2116 linas
411 2102 427 2122 ,
455 2071 556 2112 alios
583 2082 721 2115 autem
747 2076 924 2119 Pastores
962 2080 1002 2120 &
1029 2080 1252 2131 Doctores,

285 2143 390 2188 quos
403 2129 527 2172 vineae
543 2127 619 2172 suae
637 2129 820 2178 strenuos
837 2160 851 2183 a
880 2134 1099 2196 fidelesque
1111 2138 1250 2183 culto·

282 2203 347 2232 res
365 2217 379 2239 ,
392 2197 515 2245 atque
527 2189 733 2245 operarios
750 2192 958 2238 constituit
973 2226 988 2250 ,
1001 2197 1051 2240 ad
1066 2197 1252 2242 conlu‘m·

283 2249 506 2290 mationem
523 2250 760 2292 Sanctorum
777 2253 816 2294 in
835 2268 934 2309 opus
949 2255 1178 2303 ministerii,
1211 2255 1250 2296 in

284 2303 595 2351 aedificationem
611 2310 810 2366 Corporis
824 2312 977 2356 Christi
987 2342 999 2355 .
1011 2315 1067 2357 Hi
1080 2314 1187 2365 sunt,
1200 2313 1253 2357 de

287 2365 433 2423 quibus
451 2364 603 2408 Divina
620 2367 826 2423 Sapientia
848 2375 1002 2416 clamat
1018 2400 1033 2425 ,
1054 2373 1140 2435 Qi
1165 2371 1254 2415 elu-

296 2424 437 2469 cidant
462 2437 559 2477 me,
589 2425 715 2468 viram
740 2438 927 2472 eternam
953 2429 1253 2476 habebuntsde

295 2485 358 2526 his
385 2483 567 2549 Angelus
588 2484 694 2540 apud
722 2487 933 2531 Danielem
948 2488 1162 2549 loquitur:
1185 2489 1254 2547 qui

294 2550 426 2583 autem
441 2542 549 2583 doen
567 2540 716 2586 suerint
730 2573 745 2596 ‚
758 2543 968 2604 fulgebunt
998 2549 1106 2607 quali
1121 2547 1254 2608 splen-

290 2599 368 2642 dor
381 2597 639 2652 firmamenti,
651 2602 691 2644 δι
706 2605 775 2659 qui
789 2606 839 2648 ad
859 2605 1047 2663 justitiam
1061 2610 1253 2654 erudiunt

293 2655 440 2700 multos
453 2685 471 2709 ‚
487 2658 595 2757 guali
613 2660 747 2705 Stella
772 2662 811 2706 in
825 2675 1039 2723 perpetuas
1050 2669 1253 2712 eternita-

293 2727 357 2759 tes
372 2742 388 2765 ‚
402 2729 472 2782 eos
516 2717 660 2773 cuique
673 2721 862 2768 Salvator
874 2725 957 2782 ipse
969 2727 1152 2772 Christus
1170 2731 1255 2772 Do-

294 2776 421 2843 minus
437 2772 575 2831 unfigni
599 2776 674 2821 illo
686 2779 824 2837 elogio
837 2784 1027 2829 ornavit:
1044 2788 1129 2847 Qi
1145 2787 1251 2831 fece·

294 2844 380 2885 rit,
405 2834 445 2876 dt
466 2834 680 2888 docuerit,
709 2838 776 2881 hie
787 2854 956 2899 magnus
980 2848 1195 2891 vocabitur
1208 2846 1247 2889 in

294 2905 424 2960 regno
437 2892 673 2936 Cra-lorum.
689 2897 796 2939 Cum
810 2911 943 2945 autem
956 2905 1140 2949 omnibus
1154 2915 1257 2950 tem-

297 2953 462 3019 poribus
493 2952 694 3018 sacrorum
720 2956 947 3004 Doctorum
972 2961 1143 3009 studium
1170 2994 1184 3017 ‚
1214 2966 1255 3008 δι

301 3011 482 3076 doflrina
497 3024 536 3053 in
552 3012 731 3056 Ecclesia
759 3016 836 3060 Dei
853 3019 966 3063 utilis
979 3050 996 3073 ,
1021 3023 1061 3065 δι
1077 3024 1260 3068 {alutaris

303 3070 375 3111 sunt
395 3078 508 3121 ‚turn
524 3070 697 3116 maxime
715 3071 952 3120 fructuosam
967 3081 1033 3130 ‚ec
1049 3082 1170 3139 plane
1187 3096 1260 3127 ne-

299 3127 504 3171 cessariam
518 3126 594 3173 effe
607 3143 671 3175 res
686 3130 765 3188 ipsit
778 3134 1068 3183 demonstravit
1084 3172 1100 3195 ,
1132 3156 1258 3189 cum..

300 3186 602 3243 persecutorum
627 3188 844 3238 Christiani
870 3198 1039 3243 nominis
1068 3200 1256 3246 horribili

298 3249 434 3313 furore
459 3244 668 3303 reprell'o,
683 3248 748 3293 ini
780 3249 816 3295 sa
834 3255 1014 3300 Ecclelioe
1039 3273 1163 3316 pace,
1194 3270 1254 3306 te·

297 3314 458 3348 terrima
474 3305 665 3352 heresum
680 3307 746 3353 bel
767 3325 788 3353 a
810 3314 1089 3363 vehementius
1103 3318 1254 3364 exeita·

300 3373 338 3403 ta
354 3363 437 3408 sunt
452 3377 468 3417 3
483 3376 580 3409 tunc
594 3366 701 3411 enim
717 3368 998 3417 hereticorum
1013 3375 1099 3420 doli
1124 3379 1164 3421 δι
1182 3377 1258 3423 sal·

300 3420 409 3489 luein
423 3452 437 3474 ,
452 3424 733 3492 'qui-Diabolo
757 3428 969 3487 instigante
999 3433 1040 3479 in
1054 3448 1155 3494 agro
1171 3438 1257 3481 Do·

299 3493 397 3523 mint
423 3493 577 3526 zizania
602 3484 920 3543 superseminare
945 3505 1026 3537 noo
1054 3494 1256 3541 intermit-

298 3546 387 3581 fflm
402 3566 416 3589 2
435 3541 651 3609 melorum
675 3546 775 3592 curi
796 3549 1059 3609 &diligentil
1074 3552 1253 3607 deicere,

298 3596 341 3640 ὰ
367 3595 539 3654 pestiferi
556 3629 571 3652 ,
594 3618 639 3646 ac
667 3605 920 3655 detestabiles
944 3625 1102 3658 errores
1116 3615 1256 3672 gladio

293 3654 464 3758 grincis
479 3664 698 3716 amputati,
710 3666 750 3708 ἅ
764 3670 989 3714 catholice
1004 3674 1185 3718 veritatis
1201 3676 1256 3729 vi,

970 166 1129 252 Sub
1194 169 1410 257 Sixto
1479 172 1582 259 V.
1636 178 1639 179 ἢ

1319 331 1529 375 stellarum
1560 330 1728 375 nomine
1756 330 1888 375 saneti
1916 331 2112 373 Doeiores
2136 329 2185 380 ins
2202 329 2283 369 Ec-‘

1316 392 1434 434 clesia
1452 392 1707 448 designantur
1722 420 1736 443 ‚
1767 391 1835 445 qui
1866 388 2087 446 perfrigida
2103 389 2246 444 hyeme
2267 412 2281 435 2

1321 451 1506 506 &longis
1530 450 1779 494 infidelitatis
1804 447 1984 489 noctibus
2011 447 2211 504 expletis,
2242 445 2281 485 δε

1319 509 1609 566 persecutionis
1630 508 1867 564 tempestate
1894 503 2027 547 sedata
2040 532 2055 555 2
2080 514 2177 549 tunc
2194 504 2280 546 cla-

1319 570 1449 612 riores
1475 570 1623 611 Saue'tae
1644 566 1826 611 Ecclefiae
1852 563 1989 606 exorti
2008 562 2127 616 sunt,
2154 578 2277 607 cum,

1317 630 1503 672 veritatis
1532 629 1602 670 Sol
1633 640 1705 683 per
1720 624 1843 668 corda
1867 619 2046 663 fidelium
2072 622 2280 666 altiusca-

1313 687 1508 738 lesceret,
1533 687 1574 727 δι
1603 695 1791 741 tanquam
1808 692 1927 735 πονο,
1943 677 2037 722 fidei
2052 691 2147 723 vere
2174 679 2279 722 luci-

1311 746 1406 788 dior
1419 759 1545 787 annus
1559 745 1785 799 aperiretur
1795 771 1807 783 .
2184 783 2190 789 ,

1424 806 1515 860 Jam
1535 805 1633 845 vero
1647 803 1752 844 inter
1766 813 1850 850 eOS,
1866 811 1966 854 quos
1979 795 2182 840 Dominus
2195 808 2279 836 ma·

1320 876 1422 917 gnus
1454 860 1593 916 spiritu
1620 860 1903 914 intelligentiae
1928 855 2089 912 replere
2119 853 2279 910 voluit,

1317 920 1465 973 quique
1495 929 1681 973 tanquam
1709 919 1857 959 imbres
1887 914 2050 971 eloquia
2070 913 2278 969 'sapientiae

1313 983 1388 1028 sua:
1401 979 1441 1019 in
1460 974 1637 1019 Ecclefia
1655 978 1730 1018 Dei
1746 974 1990 1022 emiserunt,
2008 973 2169 1017 vmeriti>
2198 985 2276 1023 nu·-

1316 1043 1495 1078 metatur
1507 1035 1548 1075 S.
1563 1036 1844 1078 Bonaventura
1861 1030 2077 1075 Confeffor
2089 1056 2102 1078 a
2119 1031 2158 1078 8(
2172 1031 2277 1071 Pon*

1315 1090 1416 1135 tifei
1429 1121 1444 1144 ‚
1476 1092 1576 1135 &in
1596 1093 1735 1135 eadem
1752 1090 1974 1136 Catholica
2002 1086 2279 1133 Ecclefia-Do-

1313 1154 1400 1194 &or
1414 1150 1582 1194 eximius
1596 1180 1611 1202 ,
1624 1166 1744 1208 quem
1778 1150 1846 1194 sel.
1862 1148 2033 1194 record.
2049 1148 2186 1192 Sixtus
2202 1149 2280 1190 Pa-

1311 1224 1362 1266 pa
1382 1212 1461 1253 1v.
1477 1211 1744 1255 Praedecessor
1756 1210 1915 1262 noster,
1931 1208 1984 1250 ob
1996 1205 2278 1250 admirabilem

1312 1269 1404 1312 vita·
1427 1267 1704 1320 sanititatem,
1738 1271 1778 1312 δι
1804 1268 2108 1325 precellentem
2123 1264 2276 1307 dotari-

1310 1331 1457 1370 namin
1481 1331 1717 1372 Sanctorum
1735 1342 1949 1372 numerum
1971 1323 2178 1380 adscripsit
2196 1352 2207 1365 .
2236 1325 2276 1367 1s

1307 1386 1414 1430 enim
1428 1387 1681 1444 Balneoregii
1698 1388 1738 1430 in
1753 1388 1952 1430 Hetruria
1970 1395 2088 1430 natus
2111 1382 2130 1439 (
2146 1389 2193 1425 ut
2205 1382 2278 1439 piae

1306 1447 1454 1488 Matris
1471 1457 1578 1489 voto
1589 1446 1871 1503 satisfaceret)
1886 1443 2120 1488 adolescens
2148 1445 2274 1485 Sera-

1304 1504 1463 1558 phicam
1477 1506 1609 1547 saneti
1623 1503 1824 1548 Francisci
1854 1503 2114 1558 Religionem
2135 1498 2190 1542 est
2214 1500 2279 1543 in-

1313 1555 1462 1613 greffus
1479 1589 1493 1612 ,
1521 1575 1592 1616 per
1617 1562 1730 1620 cujus
1754 1561 1915 1616 vestigia
1942 1559 2124 1604 recentia
2143 1556 2281 1601 adhue

1312 1631 1443 1662 novus
1469 1620 1620 1664 Christi
1646 1620 1762 1664 miles
1790 1619 1997 1664 humiliter
2025 1620 2066 1662 &
2095 1615 2280 1660 constan-

1314 1687 1380 1721 ter
1394 1676 1584 1721 incedens
1598 1696 1613 1730 5
1627 1679 1924 1730 saluberrimam
1940 1675 2202 1733 Regularium
2217 1675 2278 1717 in-

1315 1736 1547 1780 stitutorum
1563 1736 1856 1780 observantiam
1879 1746 1995 1780 tanto
2018 1733 2139 1778 animi
2155 1733 2276 1776 ardo-

1314 1804 1597 1852 re,‘tantaque
1622 1796 1819 1839 aviditate
1838 1794 1992 1847 haufit,
2015 1803 2061 1837 ut
2092 1791 2275 1836 summa..

1313 1855 1353 1898 in
1369 1851 1614 1897 eosaneiitas
1639 1864 1881 1913 appareret,
1907 1868 1952 1896 ae
1969 1853 2060 1896 vitae
2085 1851 2277 1895 innocen-

1314 1913 1393 1965 tia,
1413 1914 1454 1955 ἅ
1467 1914 1649 1957 castitate
1663 1941 1678 1963 ‚
1692 1914 1819 1956 saneta
1844 1912 2072 1957 humilitate
2085 1934 2100 1958 2
2119 1908 2278 1964 patien-

1314 1972 1370 2013 tia
1386 1999 1399 2020 ‚
1412 1971 1744 2021 mansuetudine,
1757 1982 2013 2013 terrenarum
2034 1978 2168 2010 rerum
2186 1963 2276 2007 defi

1311 2027 1502 2084 picientia
1518 2056 1533 2078 ‚
1562 2029 1785 2071 coelestium
1812 2024 2222 2079 defiderio,omnibus
2238 2024 2279 2066 8·

1313 2085 1506 2141 exemplo
1533 2087 1574 2128 δι
1602 2087 1858 2131 admirationi
1871 2081 1996 2140 eiset3
2025 2094 2142 2129 tanta
2168 2096 2277 2140 quo·

1311 2158 1389 2202 que
1404 2143 1564 2201 spiritus
1575 2146 1792 2190 dulcedine
1807 2174 1821 2197 ‚
1834 2147 1876 2187 &
1887 2143 2015 2189 divini
2030 2143 2177 2187 amoris
2193 2141 2279 2185 fer-

1310 2217 1413 2247 vore
1431 2204 1699 2247 inflammatus
1730 2205 1770 2248 in
1798 2206 1930 2246 Deum
1956 2202 2214 2260 rapiebatur,
2231 2209 2278 2243 ut

1312 2262 1391 2319 jam
1406 2261 1446 2303 in
1474 2261 1622 2303 cellam
1639 2261 1835 2304 vinariam
1851 2259 1976 2317 sponsi
1988 2259 2245 2303 introductus
2260 2286 2276 2310 ‚

1312 2322 1354 2363 ὰ
1380 2319 1477 2362 vino
1504 2320 1662 2377 optimo
1700 2320 1909 2364 charitatis
1936 2319 2068 2364 ebrius
2098 2347 2114 2370 ,
2134 2316 2275 2375 Jesum

1312 2377 1517 2423 Christum
1540 2376 1793 2422 Crucifixum
1807 2405 1822 2429 ‚
1837 2380 1876 2422 &
1889 2378 2113 2448 patientem
2127 2378 2275 2434 ubique

1312 2437 1491 2490 intueri,
1516 2437 1557 2479 δι
1582 2438 1624 2481 in
1648 2437 1732 2495 ejus
1748 2436 1982 2482 vulneribus
2006 2436 2190 2481 habitare
2213 2436 2276 2479 vi-

1312 2497 1484 2541 deretur
1496 2525 1509 2539 .
1541 2498 1606 2540 Ad
1623 2497 1727 2540 hanc
1742 2498 1838 2541 vero
1865 2495 2051 2541 eximiam
2067 2497 2277 2540 vite-San-

1314 2557 1493 2600 &itatem
1509 2554 1583 2599 Vir
1600 2556 1674 2599 Dei
1686 2569 1871 2613 magnam
1890 2553 2107 2614 proellantis
2127 2553 2275 2599 doetri-

1313 2630 1372 2660 noe
1387 2613 1551 2659 laudem
1576 2614 1834 2675 adjunxit,ita
1851 2616 1939 2659 Deo
1957 2614 2217 2672 disponente,
2228 2621 2275 2655 ut

1314 2675 1366 2718 ad
1381 2674 1464 2729 ejus
1478 2673 1674 2729 gloriam,
1689 2675 1731 2718 δι
1745 2673 1931 2718 Ecclesia:
1944 2674 2178 2726 utilitatem,
2189 2685 2273 2717 non

1315 2732 1444 2778 solum
1466 2732 1655 2790 exemplo
1684 2762 1699 2786 ,
1726 2733 1794 2776 sed
1816 2736 1943 2778 verbo
1978 2734 2017 2775 δι
2043 2732 2278 2776 eruditione

1308 2789 1810 2898 &fiat-{miztia
1825 2789 2277 2895 ¹330¹2ss02¹32¹2¹¹1221553

1809 2879 1826 2903 2

1316 2912 1486 2962 lestione
1505 2937 1521 2963 ‚
1542 2912 1580 2954 &
1604 2908 1855 2956 Scholastica:
1870 2909 2106 2967 Theologioe
2130 2922 2275 2967 perne-

1314 2969 1478 3016 cessaria
1498 2970 1705 3024 disciplina
1733 2967 1972 3013 Alexandro
1997 2970 2049 3013 de
2061 2967 2157 3012 Ales
2183 2970 2273 3011 Ma·

1319 3029 1444 3088 gillro
1456 3058 1471 3082 ‚
1487 3029 1626 3084 inligni
1642 3028 1748 3072 illius
1762 3028 1888 3073 oetatis
1904 3026 2119 3085 Theologo
2133 3054 2148 3079 ,
2180 3025 2275 3069 dili·

1318 3087 1540 3145 gentiffime
1563 3089 1818 3138 versaretur,
1844 3088 1957 3133 brevi
1976 3085 2165 3144 temporis
2189 3082 2274 3141 spa·

1318 3150 1381 3191 tio
1392 3146 1631 3191 excellentis
1647 3146 1795 3203 ingenii
1810 3147 1993 3192 bonitate
2006 3174 2022 3200 ‚
2047 3143 2197 3189 alliduo
2210 3141 2271 3185 la—

1316 3207 1417 3250 bore
1430 3236 1447 3259 ‚
1468 3205 1545 3264 &s
1561 3205 1671 3264 quod
1685 3214 1809 3263 caput
1825 3206 1916 3309 est?
1944 3202 2074 3264 grati!
2097 3198 2268 3259 Spiritus

1312 3267 1473 3318 Sancti,
1502 3265 1571 3324 qui
1602 3278 1674 3311 vas
1697 3278 1860 3309 aureum
1905 3266 2157 3310 n-houorem
2184 3258 2270 3302 ele·

1312 3328 1418 3368 num
1431 3324 1604 3369 omniex
1621 3333 1737 3383 parte
1760 3322 1979 3376 formabat,
2004 3329 2143 3364 tantos
2175 3332 2268 3375 pro·

1316 3382 1464 3441 grell'us
1479 3382 1598 3436 fecit,
1612 3382 1715 3428 &ad
1740 3392 1897 3430 tantam
1926 3379 2118 3425 dustrinae
2135 3374 2268 3436 perse·

1313 3444 1488 3487 ctionem
1513 3443 1724 3502 pervenit,
1752 3451 1796 3487 ut
1825 3438 2011 3487 nonoris
2032 3439 2070 3481 δι
2089 3434 2267 3494 Magistri

1318 3502 1531 3561 insignibus
1557 3504 1595 3548 in
1621 3499 1887 3548 celeberrimo
1917 3496 2120 3543 parisiensi
2137 3500 2268 3553 Gym-

1315 3561 1422 3605 nalio
1447 3560 1614 3610 solemni
1634 3573 1747 3606 more
1781 3557 1999 3603 decoratus
2023 3584 2037 3607 ‚
2063 3561 2268 3602 Sacram-o

1319 3619 1589 3678 Theologiarn
1602 3619 1752 3664 ibidem
1765 3616 1926 3675 publice
1943 3611 2135 3669 prosc-lius
2147 3615 2206 3660 lit.

1432 3682 1604 3725 Tantam
1619 3678 1715 3723 vero
1728 3676 1889 3721 laudeni
1915 3677 1954 3720 in
1971 3670 2264 3735 interpretandi

355 3714 410 3758 ria
447 3717 696 3763 notioribus
723 3725 959 3772 administris
972 3732 1263 3780 mendacium
1320 3738 1570 3787 muneru&
1586 3738 1625 3782 in
1641 3735 1828 3781 universe
1843 3737 2079 3805 Theologioe
2103 3733 2263 3779 scientia

289 3772 538 3829 prostratum
567 3789 581 3819 t
605 3792 727 3834 quare
765 3782 850 3838 jure
875 3789 1035 3843 optimo
1068 3793 1259 3848 Hyadum
1319 3799 1372 3842 cll
1402 3797 1667 3849 constemus,
1699 3807 1740 3839 ut
1770 3796 1845 3841 viri
1871 3794 2264 3853 dofilisstmicjusdo·

2111 3853 2207 3898 etri-
