2444 4192
327 194 506 308 456

803 187 963 275 Sub
1025 187 1463 284 Innocentio
1520 187 1740 278 XII.

264 348 440 405 terisque
453 380 468 402 ‚
482 351 530 395 ad
544 364 646 408 quos
681 348 828 404 speffltt
840 374 857 396 ,
886 344 979 387 &in
995 359 1232 402 unaquaque
1292 354 1431 394 tores,
1449 344 1730 389 misericordes
1749 374 1763 396 ‚
1787 357 1958 398 quorum
1971 383 1975 386 .
1990 343 2176 402 regimini
2202 341 2268 384 li·'

260 410 479 453 Provincia
493 425 565 466 per
579 409 740 452 Italiam
753 432 767 454 ‚
796 405 838 445 ἃ.
858 404 1007 447 insulas
1034 405 1228 463 adjacen-

264 477 330 510 tes
343 472 638 526 quamprimum
651 468 851 519 deputent
864 461 1020 519 aliquos
1032 467 1229 508 Conven-

262 534 330 570 tus
342 558 359 579 ,
373 541 471 584 quos
484 528 610 582 magis
628 533 748 579 aptos
762 519 1011 572 censuerint,
1023 524 1089 566 vel
1104 537 1226 566 unum

260 585 432 639 saltem,
460 586 593 640 ibique
616 582 854 626 auctoritate
883 581 1120 638 Apostolica
1143 581 1221 625 fla-

259 654 376 687 tuant
401 641 679 687 omnimodam
692 639 993 684 observantiam
1019 641 1214 697 Regulae,

256 703 604 745 Constitutionum
618 697 923 753 uniuscujusque
946 699 1117 743 Ordinis
1130 730 1147 752 ,
1180 701 1220 740 δι

256 762 533 803 Decretorum
555 755 884 814 Apostolicorum
897 783 912 808 ,
927 759 1124 815 pracipue
1151 770 1219 800 ve-

257 819 306 859 ro
329 821 472 861 exacta
496 818 583 860 vitae
609 816 841 860 communis
862 815 914 858 ad
941 814 1116 861 formam
1150 829 1222 859 eo-

249 877 441 918 rumdem
456 878 731 919 Decretorum
753 876 805 918 ab
815 875 1002 917 omnibus
1032 876 1223 931 Religio-

250 935 324 981 fis,
339 934 409 991 qui
433 934 474 976 in
495 934 799 984 conventibus,
813 933 884 976 ubi
896 934 1118 991 recipiendi
1133 937 1221 977 Νο-

249 991 339 1034 vitii
354 1020 371 1044 ,
395 993 437 1035 δι
453 990 616 1036 Profeffi
643 991 845 1036 educandi
869 990 961 1037 sunt
973 1021 989 1044 ,
1003 993 1220 1035 morabun-

248 1063 318 1093 tur
335 1079 354 1101 ,
367 1051 533 1094 omuino
553 1049 767 1097 servanda.
785 1049 998 1106 Postquam
1019 1052 1120 1093 vcro
1132 1050 1217 1093 Re·

244 1108 425 1164 gularem
438 1109 771 1162 observantiam,
796 1111 838 1152 &
860 1110 1059 1164 signanter
1076 1108 1212 1165 quoad

244 1171 423 1210 exactam
441 1170 569 1212 vitam
595 1181 847 1212 communem
865 1179 957 1210 cnm
982 1168 1123 1211 effectu
1138 1168 1214 1210 fla-

244 1227 406 1269 bilitam
422 1225 560 1277 fuisse,
583 1237 666 1270 tam
690 1240 740 1270 ex
758 1225 995 1270 eorumdem
1017 1227 1212 1284 Superio-

242 1299 331 1327 rum
346 1286 611 1329 Generalinm
636 1315 653 1339 ,
674 1284 740 1330 seu
766 1284 1082 1330 Provincialium
1104 1286 1211 1329 rela-

243 1344 384 1395 tione,
404 1347 527 1401 quam
542 1344 746 1401 Praepofiti
759 1373 774 1396 ,
785 1347 826 1388 ἁ
850 1346 1041 1387 Fratrum
1054 1346 1096 1388 in
1112 1356 1207 1400 prae-

241 1398 336 1444 fatis
366 1403 649 1446 Conventibus
679 1402 915 1458 degentium
946 1401 1212 1458 jurejurando

242 1461 405 1505 firmato
430 1460 661 1505 testimonio
681 1492 697 1514 ,
725 1472 889 1502 necnon
931 1473 1006 1513 per
1035 1461 1210 1505 secretas

246 1518 576 1573 informationes,
597 1530 720 1575 atque
730 1517 882 1563 etiam,
907 1518 977 1558 ubi
1002 1532 1105 1572 opus
1120 1514 1209 1560 fue·

243 1579 298 1621 rit
312 1603 329 1628 ,
343 1592 414 1632 per
425 1576 684 1632 Apostolicos
700 1575 938 1618 visitatores
963 1574 1015 1616 ad
1030 1577 1107 1618 boc
1126 1575 1210 1630 spe-

243 1636 401 1678 cialiter
413 1633 838 1688 deputandos,eidcm
860 1634 994 1675 Sacrae
1018 1635 1207 1689 Congre-

243 1693 397 1750 gationi
412 1690 656 1735 sufficienter
668 1689 900 1734 constiterit
910 1715 926 1739 ‚
939 1699 1036 1734 tunc
1052 1692 1208 1735 saneti·

221 1754 227 1759 '
244 1765 305 1795 tas
319 1756 398 1796 Sua
414 1749 653 1793 antedietam
677 1749 884 1793 licentiam
901 1777 916 1800 ,
941 1763 1059 1807 quam
1073 1752 1207 1794 haete-

243 1823 316 1854 nus
333 1809 518 1859 distulit,
549 1809 742 1852 Novitios
770 1808 825 1851 ibi
851 1808 1206 1863 recipiendibeni·

241 1869 322 1927 gne
335 1866 535 1910 concedet
548 1895 564 1918 ,
578 1868 617 1909 St
633 1867 768 1910 locum
794 1866 844 1908 ad
859 1865 1057 1911 Profeffos
1074 1869 1204 1924 pieta·

242 1940 311 1980 te,
338 1926 380 1969 δι
393 1925 541 1970 litteris
572 1922 838 1968 instituendos
853 1925 972 1982 usque
988 1925 1040 1968 ad
1057 1929 1201 1969 Sacer·

240 1986 434 2036 dotium,
450 1984 632 2027 velalias
658 1982 767 2038 juxta
787 1983 1133 2034 Constitutiones,
1162 1986 1204 2027 δι

238 2043 464 2089 laudabiles
478 2042 664 2097 cnjnique
677 2041 849 2084 Ordinis
862 2040 972 2084 cons
965 2043 1203 2095 uetudines,

235 2105 278 2147 in
295 2101 431 2145 iisdem
444 2100 732 2144 conventibus
748 2126 764 2151 ,
779 2112 862 2142 non
886 2110 1026 2144 autem
1047 2101 1087 2144 in
1099 2101 1207 2154 aliis,

235 2161 303 2205 nifi
336 2159 489 2205 suerint
513 2156 691 2217 ejusdem
729 2160 1002 2205 Observantiae
1031 2187 1047 2211 ‚
1088 2160 1204 2205 desti·

234 2223 347 2264 nabit
360 2249 373 2262 .

349 2282 452 2335 Quae
478 2277 643 2335 quidem
675 2279 837 2331 omnia,
852 2281 936 2336 quo
949 2278 1107 2324 facilius
1122 2307 1137 2331 ,
1162 2281 1204 2323 δι

237 2337 463 2383 durabilius
486 2338 538 2380 ad
560 2337 715 2395 praxim
744 2337 893 2383 deduci
924 2339 1112 2389 valeant,
1137 2351 1205 2381 ca·

233 2400 329 2442 dem
342 2401 464 2442 Sacra
478 2396 758 2454 congregatio
771 2399 1007 2442 sanffiuris
1034 2403 1124 2443 Suo
1133 2411 1207 2443 au·

233 2458 424 2502 &oritate
451 2458 677 2500 committit
702 2483 720 2507 ,
740 2456 783 2500 δι
805 2457 844 2501 in
876 2458 1031 2502 virtute
1053 2460 1205 2502 Sane'toe

231 2515 486 2561 obedientia:
499 2515 684 2575 precipit
702 2513 880 2573 profatis
904 2516 1207 2575 Superioribus,

233 2576 285 2618 ad
308 2588 410 2631 quos
430 2575 691 2631 pertinet,nt
706 2576 747 2618 in
769 2575 996 2631 supradietis
1009 2578 1206 2619 Conven-

234 2635 344 2678 tibus
359 2647 442 2677 non
454 2634 664 2677 collocent
674 2661 690 2687 ,
703 2633 773 2677 nifi
796 2633 1029 2688 Religiosos
1045 2645 1204 2688 graves,

235 2693 414 2737 devotos
437 2719 453 2742 ,
485 2691 736 2746 exemplares
759 2718 775 2743 ,
802 2690 1023 2747 Regularis
1050 2690 1206 2734 Obser-

235 2750 378 2794 vantiae
390 2775 406 2801 ‚
430 2750 467 2791 δι
482 2748 668 2806 puritatis
692 2748 857 2805 Regulo
871 2747 1091 2799 studiosos,
1113 2763 1207 2794 ora-

238 2808 346 2854 tioni
362 2805 577 2864 presertim
589 2834 605 2859 ‚
618 2820 664 2851 ac
687 2805 1094 2858 mortificationi‚fine
1113 2809 1207 2866 qui-

238 2871 313 2912 bus
338 2878 420 2908 non
445 2865 574 2922 potest
590 2864 791 2921 Religiosa
819 2865 902 2908 vita
926 2865 1205 2920 continere-2,

239 2926 418 2971 addictos
450 2950 465 2971 ς
503 2926 652 2982 quique
679 2921 931 2968 consentiant
954 2925 1097 2970 exacte
1122 2927 1200 2970 ser·

241 2999 335 3029 vare
364 2983 491 3026 vitam
516 2994 802 3033 communem,
823 2993 947 3040 atque
970 2984 1067 3028 inde
1090 2998 1203 3028 amo·

239 3053 362 3087 veant
389 3055 456 3086 eos
471 3055 614 3086 omnes
628 3071 644 3095 ,
669 3042 737 3100 qui
763 3052 847 3085 tam
863 3043 1014 3088 Sancte
1025 3043 1202 3088 Ordina-

239 3104 339 3147 tioni
363 3102 670 3156 contradicere,
697 3100 761 3144 sen
791 3100 925 3145 verbis
950 3129 965 3153 ‚
988 3112 1060 3148 aut
1087 3101 1201 3147 saeiis

237 3159 532 3221 quoquomodo
548 3158 627 3204 sese
642 3173 848 3217 opponere
879 3162 1080 3207 audeant.

354 3222 414 3266 Ut
437 3227 670 3264 antennam
691 3217 898 3263 laudabilis
924 3223 1014 3266 vite
1041 3221 1202 3266 institu-

238 3291 322 3324 tum
336 3309 352 3333 ,
371 3281 412 3324 α
425 3279 625 3337 Regulari
652 3275 885 3323 Ptosetlioni
908 3281 1083 3324 maaim'e
1102 3293 1200 3337 prot

237 3342 369 3396 prium
385 3337 575 3395 Religioli
597 3336 771 3382 alacrius
793 3338 1025 3395 abripiant,
1050 3339 1198 3384 omnis-

238 3411 318 3456 que
347 3396 553 3442 excusatio
576 3396 864 3442 infirmioribus
889 3397 1197 3454 precludatur,

237 3456 377 3501 eadem
400 3462 522 3502 sam
551 3458 837 3513 Congregatio
863 3455 1042 3501 (imiliter
1064 3458 1198 3515 praci-

238 3517 297 3574 pit
324 3518 606 3571 Superioribus
628 3517 863 3569 antedictis,
890 3526 935 3560 ut
964 3517 1198 3561 memoratis

236 3575 519 3620 conventibus
542 3574 798 3633 (implorati
824 3576 975 3628 etiam,
1000 3576 1068 3620 ubi
1094 3588 1196 3633 opus

237 3630 360 3680 suerit
372 3661 389 3687 ‚
405 3635 629 3691 Apostolica
642 3636 812 3679 auctorit
842 3645 882 3680 te
896 3637 917 3694 )
932 3634 1079 3692 profici
1107 3650 1196 3679 om·

232 3693 331 3737 nino
343 3704 486 3738 curent
515 3694 636 3736 Viros
653 3707 733 3735 non
747 3693 803 3737 sol
836 3708 875 3738 m
897 3691 1113 3751 discipline
1126 3707 1194 3738 ae-

232 3752 274 3794 lo
286 3779 300 3801 ‚
316 3751 382 3796 sed
394 3752 519 3796 etiam
530 3750 730 3794 charitate
742 3778 757 3801 ,
770 3754 810 3795 οι
823 3767 985 3798 morum
998 3752 1191 3798 suavitate

222 3811 413 3868 proditos
427 3812 750 3869 ‚compatientes
764 3838 779 3861 ,
794 3810 1062 3858 fraternitatis
1080 3827 1185 3857 ama-

1291 405 1437 447 benter
1457 404 1527 447 alii
1551 406 1589 448 se
1615 406 1851 448 submittant
1871 431 1886 442 ·
1927 405 2127 447 studeant
2153 402 2252 443 vero

1287 462 1503 519 praecipue,
1518 470 1622 507 ntea
1634 463 1787 514 omnia,
1799 474 1884 516 quae
1900 470 1982 503 tam
2007 465 2057 505 ad
2073 463 2221 505 victum
2236 487 2252 510 ‚

1285 523 1324 564 &
1350 522 1537 566 vestitum
1550 551 1564 574 ,
1578 523 1698 579 quim
1714 521 1766 563 ad
1792 520 1967 573 reliquas
1988 520 2077 563 vitae
2091 518 2253 576 necesti-

1283 590 1389 624 tates
1414 582 1647 637 pertinent,
1670 577 1835 635 [iugulis
1858 577 2074 628 Religioiis
2106 592 2249 634 prom-

1281 642 1351 695 pte
1377 638 1746 687 subministrentur,
1770 651 1816 678 ae
1843 634 2062 690 prasertim
2084 638 2247 693 agritu-

1278 698 1386 740 dinis
1418 709 1599 754 temporc
1615 697 1715 740 nihil
1744 693 1862 751 alicui
1895 693 2022 746 defit,
2052 695 2163 750 quod
2195 695 2247 738 ad

1282 757 1491 799 unitatem
1505 754 1815 811 recuperandam
1838 755 2034 807 pertineat
2049 765 2064 796 a
2076 755 2136 797 Ac
2148 766 2248 809 pro-

1282 824 1423 870 pterea
1451 815 1680 870 Religiolbs
1713 815 1752 856 in
1783 809 1924 855 iisdem
1962 812 2247 856 conventibus

1281 874 1435 915 morari
1455 888 1535 915 non
1552 875 1756 928 patiantur
1771 871 1877 913 ultra
1891 885 1985 915 eum
2003 884 2211 914 numerum
2230 899 2246 922 ‚

1280 933 1351 986 qui
1367 945 1417 973 ex
1432 932 1598 973 illorum
1615 931 1906 980 redditibu8‚&
1920 930 2121 973 consuetis
2135 942 2245 978 com-

1278 989 1467 1032 munibus
1483 1018 1497 1040 ,
1522 990 1589 1032 vel
1614 991 1742 1033 etiam
1755 987 2002 1042 singulorum
2019 985 2245 1042 eleemosy-

1277 1048 1338 1090 nis
1355 1074 1370 1095 ‚
1398 1047 1563 1103 aliist1ne
1589 1048 1909 1105 quibuscumque
1936 1045 2245 1092 obventionibus

1274 1107 1424 1162 pariter
1433 1106 1473 1149 in
1483 1119 1701 1151 commune
1713 1104 1978 1151 conferendis
1994 1105 2246 1163 valeateom7

1274 1165 1393 1208 mod'e
1416 1164 1621 1209 sustentari
1634 1194 1647 1207 .
1668 1169 1748 1209 Eos
1761 1168 1892 1216 vcro,
1918 1167 1988 1224 qui
2000 1164 2123 1210 semel
2136 1177 2241 1222 prae-

1274 1223 1364 1267 fata:
1379 1224 1678 1277 observantia,
1702 1227 1744 1268 δι
1763 1229 1908 1269 exacte
1937 1226 2028 1270 vita
2049 1230 2247 1267 commu.-

1269 1284 1313 1326 ni
1332 1282 1532 1337 libenter,
1546 1293 1591 1327 ut
1609 1284 1706 1327 vere
1722 1284 1952 1341 Religiosos
1981 1284 2087 1326 viros
2104 1281 2240 1332 decet,

1271 1340 1351 1385 sese
1363 1341 1601 1397 subjecerint
1615 1371 1628 1394 ‚
1640 1343 1738 1385 &in
1756 1357 1803 1386 ea
1831 1341 2096 1387 laudabiliter
2109 1339 2246 1398 perse·

1273 1410 1412 1443 vetent
1427 1429 1442 1450 ‚
1457 1400 1691 1444 nullatenus
1704 1403 1729 1446 a
1746 1402 1977 1445 memoratis
2006 1401 2243 1443 Conventi-

1272 1461 1349 1500 bus
1363 1457 1550 1499 nolentes
1564 1461 1810 1500 transferant
1823 1487 1840 1509 ,
1855 1458 1924 1499 nili
1952 1456 2064 1499 forte
2087 1457 2138 1498 ad
2156 1455 2239 1499 alia

1272 1512 1513 1556 Monasteria
1526 1542 1540 1563 ,
1557 1515 1624 1556 ubi
1640 1515 1775 1557 fimilis
1790 1514 2054 1558 Observamia
2077 1514 2241 1571 vigeat,

1272 1571 1395 1628 iisque
1409 1572 1560 1626 pariter
1574 1571 1629 1615 de
1645 1573 1836 1617 omuibus
1848 1573 1899 1616 ad
1921 1573 2052 1617 vitam
2064 1569 2248 1616 neceffa’-

1266 1631 1339 1673 riis
1354 1628 1470 1687 poffit
1488 1631 1708 1675 commode
1719 1630 1931 1689 provideri
1950 1661 1964 1675 .
2241 1685 2246 1690 ⁵

1381 1688 1514 1747 Qod
1526 1688 1551 1731 fi
1564 1690 1801 1735 reddituum
1814 1716 1829 1739 ‚
1841 1692 1882 1733 δι
1894 1689 2243 1747 eleemosynarum

1265 1747 1443 1792 tenuitas
1477 1747 1707 1804 hujusmodi
1732 1752 1878 1793 exacta
1899 1751 1990 1795 vitat
2018 1750 2244 1805 eommunis

1264 1806 1525 1850 obstrvantiae
1539 1808 1690 1851 alicubi
1707 1809 1893 1852 videatur
1900 1808 2108 1862 obfistere,
2120 1807 2245 1852 liccat

1264 1865 1411 1910 eisdem
1426 1867 1712 1922 Superioribus
1725 1893 1741 1917 ,
1773 1866 1839 1911 vel
1862 1881 1937 1922 per
1961 1881 2133 1924 annuam
2145 1881 2246 1911 con·

1265 1925 1532 1969 tributionem
1544 1925 1720 1969 aliorum
1735 1927 2027 1970 conventuum
2052 1925 2151 1969 ‘huic
2167 1940 2242 1971 ne·-

1263 1983 1432 2027 ceffitati
1449 1982 1676 2038 prospicere
1690 2010 1705 2032 ‚
1737 1984 1801 2027 vel
1816 1984 1867 2027 ab
1886 1983 2120 2042 Apostolica
2131 1984 2239 2029 Sede

1266 2056 1338 2099 per
1353 2040 1666 2097 suppressionem
1680 2041 1849 2100 alicujus
1861 2041 2100 2088 Conventus
2115 2044 2242 2089 minus

1265 2100 1375 2144 utilis
1389 2111 1627 2157 perpetuam
1643 2131 1658 2155 ‚
1681 2101 1746 2145 vel
1759 2101 1810 2146 ad
1823 2111 1984 2159 tempus
1999 2132 2016 2156 ,
2040 2102 2104 2146 vel
2130 2102 2243 2147 alia.»

1264 2161 1431 2205 demum
1445 2160 1604 2205 ratione
1618 2190 1634 2215 ‚
1659 2175 1749 2220 quae
1772 2164 2048 2219 opportunior
2062 2159 2143 2208 visa
2157 2158 2246 2212 fueq

1262 2220 1317 2264 rit
1336 2248 1352 2273 ,
1366 2218 1589 2263 remedium
1604 2220 1829 2275 postulare.
2196 2219 2203 2230 '

1378 2279 1517 2322 Sciant
1547 2279 1645 2322 vero
1658 2278 1898 2335 Superiores
1912 2277 2120 2336 predicti,
2140 2292 2208 2323 eos
2221 2305 2236 2327 ,

1264 2338 1332 2394 qui
1350 2335 1513 2394 prefata
1526 2338 1663 2380 omnia
1678 2338 1818 2382 scdulo
1835 2364 1850 2389 ,
1871 2348 1914 2380 ut
1927 2351 2000 2394 par
2011 2340 2067 2381 est
2081 2364 2096 2388 ,
2111 2337 2242 2381 adim-

1265 2398 1380 2453 plere
1393 2397 1643 2448 curaverint,
1654 2395 1864 2454 specialem
1877 2397 1899 2439 i
1911 2397 2133 2442 Sanffitate
2141 2401 2239 2451 Sua,

1262 2459 1304 2500 δι
1319 2455 1425 2501 Sede
1441 2459 1473 2499 A
1480 2454 1675 2513 postolica
1689 2457 1862 2501 inituros
1878 2455 2050 2514 gratiam
2064 2484 2080 2510 ,
2093 2458 2134 2501 ee
2145 2469 2237 2512 pro—

1264 2515 1484 2559 tectionem
1498 2541 1514 2564 ,
1535 2526 1572 2557 at
1604 2527 1654 2557 ue
1674 2517 1712 2558 in
1739 2516 1787 2558 iis
1817 2516 1937 2572 praeci
1969 2514 2019 2558 ue
2033 2543 2051 2569 ,
2077 2527 2164 2574 que
2189 2513 2242 2558 ad

1263 2573 1507 2617 antedictam
1519 2573 1573 2615 ob
1590 2574 1818 2616 errantiam
1839 2529 2116 2617 stabiliendam
2144 2576 2242 2630 p'er·

1263 2633 1396 2676 tinent
1411 2660 1427 2684 ‚
1456 2628 1636 2674 savorem
1662 2645 1824 2675 omnem
1839 2660 1853 2684 ,
1882 2632 1924 2674 δι
1948 2631 2144 2676 auxilium
2171 2644 2244 2675 ex·

1266 2699 1455 2747 perturos
1469 2701 1486 2742 3
1499 2690 1568 2747 qui
1586 2691 1684 2732 vero
1709 2698 1878 2734 econtra
1894 2690 2157 2747 negligentes,
2170 2699 2241 2735 aut

1266 2751 1285 2807 (
1301 2747 1410 2807 quod
1438 2747 1574 2806 abiit)
1596 2758 1857 2793 contumaces
1890 2748 2040 2805 reperti
2062 2747 2242 2800 fuerint,

1266 2807 1458 2865 gravibus
1470 2807 1602 2861 poenis
1619 2820 1692 2863 pro
1706 2808 1831 2852 modo
1841 2806 1967 2863 culpe
1977 2836 1994 2859 ,
2016 2807 2056 2850 δι
2084 2808 2241 2852 ctiam,

1265 2865 1506 2924 privationis
1522 2864 1762 2909 Officiorum
1779 2895 1795 2919 ,
1808 2879 1855 2911 ac
1869 2876 2071 2923 perpetue
2082 2867 2242 2918 inhabi-

1264 2925 1390 2969 litatis
1420 2922 1471 2967 ad
1499 2937 1546 2967 ea
1574 2951 1589 2975 ‚
1626 2934 1695 2969 aut
1738 2924 1818 2969 alia
1844 2924 2093 2981 inposterum
2124 2925 2240 2969 obti-

1263 2983 1395 3029 nenda
1439 2983 1664 3041 puniendos
1707 2982 1796 3029 fore
1827 2997 1841 3028 ε
1867 2980 2048 3029 prefate
2068 2995 2240 3043 antenna

1261 3042 1527 3089 observantie
1567 3042 1833 3089 nibilominus
1879 3042 2124 3090 stabiliendoe
2167 3054 2239 3105 per

1262 3103 1364 3147 alios
1379 3102 1633 3160 Superiores,
1647 3102 1711 3146 vel
1724 3117 1797 3160 per
1810 3102 2112 3149 commissarios
2125 3105 2240 3157 Δρο-

1264 3162 1424 3206 stolicos
1437 3189 1453 3214 ,
1473 3162 1543 3205 ubi
1557 3174 1662 3219 opus
1678 3160 1796 3207 suerit
1809 3192 1826 3216 ,
1848 3161 1971 3206 etiam
1985 3170 2100 3207 eatra
2118 3160 2233 3207 Reli·

1261 3224 1423 3279 gioncm
1439 3219 1688 3266 assumendos
1700 3247 1715 3272 2
1738 3223 1762 3268 a
1790 3222 1932 3268 Sanssa
1943 3220 2049 3266 Sede
2061 3219 2238 3264 efficaci-

1260 3293 1323 3326 ter
1340 3279 1636 3335 providendum
1650 3291 1921 3338 ,omnemque
1935 3279 2095 3323 interim
2112 3307 2127 3333 ,
2160 3279 2231 3322 ubi

1259 3338 1402 3385 eadem
1427 3339 1683 3385 observantia
1707 3353 1788 3384 non
1807 3337 1986 3396 vigebit,
2015 3337 2235 3396 resipiendi

1260 3399 1452 3444 Novitios
1469 3399 1673 3443 licentiam
1687 3394 1966 3456 denegandam
1984 3425 1997 3439 .

1374 3461 1504 3503 Porro
1516 3472 1566 3502 ne
1582 3457 1795 3515 Regularis
1808 3453 2018 3510 disciplina
2032 3482 2046 3507 ‚
2073 3456 2171 3500 dum
2189 3456 2229 3499 in

1258 3518 1541 3562 conventibus
1552 3518 1628 3576 jam
1640 3514 1784 3561 erefiis
1799 3514 1985 3559 statuitur
1997 3540 2010 3564 ‚
2027 3515 2234 3559 relaxetur

1257 3577 1297 3618 in
1315 3576 1543 3633 erigendis,
1567 3573 1731 3633 &quod
1744 3585 1820 3618 una
1847 3586 1894 3617 ex
1910 3586 2023 3631 parte
2038 3573 2234 3619 construi·

1254 3645 1322 3678 tur
1338 3665 1352 3688 ‚
1377 3635 1490 3680 {imni
1504 3648 1554 3680 ex
1565 3634 1695 3681 altera
1710 3633 1963 3687 destruatur,
1980 3638 2101 3678 Sacra
2118 3637 2231 3678 Con·

1252 3692 1775 3752 gregario,ssnetime·sm
1795 3691 1975 3737 similiter
2006 3693 2235 3751 approban—

1250 3763 1290 3796 te
1307 3779 1321 3802 ‚
1344 3753 1512 3806 statuit,
1537 3763 1661 3810 atque
1683 3749 1896 3803 decernit,
1925 3750 2034 3796 nulla
2064 3751 2234 3809 inposte-

1248 3826 1336 3855 rum
1364 3813 1604 3857 Monailcria
1617 3837 1631 3864 ‚
1658 3811 1848 3870 Collegia
1862 3837 1875 3863 ,
1907 3812 2060 3855 Donios
2077 3840 2091 3864 ,
2122 3812 2228 3855 Con·

2082 3883 2179 3914 vcn-
