2444 4192
703 191 869 279 Sub
927 187 1366 276 Innocentio
1431 186 1477 271 Ι
1498 186 1600 273 V.

1992 218 2091 275 21

144 366 234 407 6³2⁸
243 349 507 401 ἔδῦθέἆῖῐῆῢ*
517 377 532 402 s
542 348 614 400 ⁰43
628 359 721 390 ‘um
733 347 785 389 ld
801 347 890 390 loca
901 346 1122 391 interdicto
1179 348 1217 390 ri
1231 346 1482 401 compellitis
1495 374 1510 396 ‚
1524 358 1570 387 ut
1583 343 1771 387 obblatio
1783 345 1913 389 ulibus
1927 353 2007 391 vest
2014 355 2067 394 ris
2093 362 2167 393 ce,

145 408 342 476 nnpbofita
365 426 438 455 vos
465 411 600 455 venire
623 406 845 461 contigerit
860 436 876 458 ‚
901 407 1050 463 poflitis
1078 408 1120 448 in
1179 406 1253 449 dat
1265 435 1281 458 ,
1307 419 1382 447 nec
1397 404 1633 447 sustinentes
1647 418 1719 446 eos
1740 406 1891 448 habere
1908 421 2097 458 campana
2107 423 2165 461 m,

145 481 206 521 eis
231 503 246 526 ,
282 468 646 518 excommunicatis
671 467 711 507 δι
737 466 964 509 interdictis
989 467 1132 509 exclu-

145 536 195 581 ἧς
210 530 391 576 ffibmiffa
407 545 531 580 voce,
558 531 597 571 δι
617 538 696 568 non
710 523 875 580 pulsatis
904 528 1129 578 campanis,

1191 464 1258 507 vel
1277 467 1554 507 caemeterium
1569 464 1828 506 benedit‘tum
1841 491 1855 513 ,
1868 466 1994 506 certis
2008 469 2170 509 tantum

1190 526 1444 580 temporibus
1459 525 1697 580 permittitis
1710 522 1815 578 ipsos
1830 524 2039 566 celebrare
2062 525 2171 566 divi—

145 596 299 640 Divina
310 592 458 636 Officia
470 589 708 636 celebrare,
730 584 801 626 nili
823 584 866 626 id
897 586 1011 626 vobis
1038 582 1129 625 fue·
1190 583 1383 628 nazvultis
1396 587 1518 627 etiam
1535 584 1575 625 in
1604 583 1795 626 domibus
1809 583 2051 626 eorumdem
2080 597 2176 624 eer-

149 656 206 700 rit
219 653 450 710 specialiter
483 646 764 693 interdictum.
793 642 914 686 Nulli
930 657 1032 699 ergo
1048 644 1127 685 &c·
1189 654 1278 688 tum
1293 644 1702 687 numerumFratrum
1717 644 2016 691 sacerdotum,
2036 641 2176 684 Cleri-

148 713 270 758 nostri
310 711 461 755 indulti
499 737 516 762 ‚
555 714 625 753 aut
661 701 926 747 eonceffionis
966 705 1046 745 &c-
1083 702 1128 746 Si

143 788 237 836 qu„
261 773 411 876 git-um
428 824 616 883 Lugduni
632 823 771 868 Idibus
783 822 994 880 januarii,
1018 824 1131 872 Pon,

147 890 323 937 tificattis
336 889 456 933 nostri
474 890 595 932 Anno
610 883 756 929 Tertio
767 913 780 926 .

207 1007 411 1066 Regestum
442 977 672 1052 Vaticanum
697 1002 803 1060 epist.
828 1001 929 1046 621.
952 1004 1135 1045 Manum.

219 1118 221 1121 ⁸
266 1068 365 1112 Ord.
373 1076 473 1124 pag.
491 1075 584 1113 105.
596 1063 813 1115 Wadding.
825 1071 919 1106 tom.
934 1072 974 1115 3.
992 1060 1141 1106 Annal-

263 1136 363 1184 pag.
379 1128 484 1181 458·

150 1306 366 1359 Praelatos
383 1303 527 1355 ltaliae
540 1300 590 1361 ,ὲ
606 1299 823 1352 molestiis
840 1336 856 1360 ,
884 1317 997 1368 quas
1028 1314 1138 1346 enu-

219 1389 367 1430 merat
402 1411 419 1435 ,
468 1372 705 1425 Fratribus
739 1370 1002 1424 Minoribus
1029 1365 1139 1420 infe-

220 1445 371 1501 rendis
385 1482 404 1507 ,
421 1443 643 1496 abstinere
661 1445 887 1495 hortatur.

192 1587 689 1644 INNOCENTIUS
727 1586 1101 1641 EPISCOPUS

341 1722 517 1766 Samus
549 1720 807 1763 Saavoauu
841 1718 922 1760 Dar
937 1744 952 1758 .

156 1836 452 1896 *venerabimur
476 1838 692 1883 Fratribus
705 1865 720 1888 ,
735 1833 1045 1893 Arcbs'epycopt‘r
1059 1860 1074 1883 ,
1087 1832 1143 1885 ά·

151 1912 154 1916 “
214 1897 410 1955 Epifiopir
426 1928 439 1949 ,
469 1898 519 1947 θ’
550 1897 715 1941 nitet-*br
744 1897 861 1943 Filiis
891 1894 1112 1940 Abbatebur
1125 1922 1142 1946 ,

218 1957 418 2000 Prioribus
433 1956 784 2011 Archipmbiteris
794 1985 811 2008 ,
824 1955 1139 2004 archidiaconis,

207 2016 390 2058 ‘Det-anis
405 2040 419 2061 ‚
433 2015 484 2060 ὰ
497 2014 586 2054 aliis
604 2016 859 2057 aceteaearum
876 2014 1054 2056 Prelatis
1064 2025 1142 2068 per

161 2084 164 2088 ·
221 2068 394 2115 ltaliam
408 2067 800 2125 constantissimum
813 2069 867 2117 ὰ
884 2070 1142 2124 Apostolicor-

223 2126 532 2173 nenedmionm
541 2151 556 2164 ο

165 2247 168 2250 ’
311 2238 404 2285 lmis
419 2236 552 2296 iniqua
565 2234 833 2280 vieiffitudine
847 2235 1054 2292 Largitori
1071 2236 1147 2278 bo-

169 2243 292 2362 N
311 2300 475 2344 ¹norum
507 2296 690 2341 omnium
717 2294 1012 2353 respondetur,
1040 2296 1139 2338 dum

162 2363 189 2407 ii
206 2389 220 2414 ,
241 2360 309 2419 qui
323 2358 376 2403 de
391 2357 542 2402 Christi
555 2356 805 2413 patrimonio
823 2355 1141 2412 impinguati,lu-

162 2422 319 2467 xuriant
343 2417 630 2462 damnabiliter
660 2418 700 2459 in
723 2415 871 2460 eodem
889 2444 905 2468 ,
929 2416 1139 2460 Christum

163 2483 206 2526 in
218 2477 375 2526 famulis
391 2474 468 2521 suis
491 2486 677 2533 patenter
692 2476 874 2533 persequi
898 2488 978 2517 non
996 2488 1141 2518 veren-

164 2551 263 2591 tur,
285 2552 332 2582 ae
359 2535 522 2582 fifaetus
545 2536 589 2578 lit
615 2538 817 2592 impotens
854 2534 1052 2578 Dominus
1078 2533 1143 2576 ul-

168 2601 326 2644 tionum
353 2624 367 2640 .
404 2595 508 2640 cnm
537 2596 647 2639 enim
677 2595 825 2640 Diieeti
857 2594 947 2639 Filii
979 2597 1145 2638 Fratres

176 2659 354 2704 Minores
376 2656 623 2712 abnegantes
646 2652 864 2700 salubriter
899 2652 1148 2710 semetipsos,

170 2717 372 2776 clegerint
403 2717 443 2758 in
479 2713 677 2758 Altiffima
710 2725 955 2771 paupertate
983 2713 1149 2758 Christo

171 2772 1144 2881 ffi’fississff‘Stss'n‘t‘niimssizisnttt‘ffzzss‘ff

173 2898 260 2941 sunt
272 2860 550 2952 plerique'tam
564 2849 833 2938 Ecclel'iarum
848 2864 1147 2949 Praelati,quam

175 2955 259 3004 alii,
272 2968 375 2999 caeea
388 2953 617 3009 cupiditate
630 2952 822 3003 traducti,
831 2954 1003 3012 proprie
1015 2968 1062 2995 av
1071 2951 1148 2994 idi-

171 3016 251 3059 uti
271 3012 447 3057 subtrahi
475 3020 711 3068 reputantes
733 3013 931 3071 quidquid
950 3012 1146 3071 prandistis

179 3073 388 3119 Fratribus
403 3069 586 3115 fidelium
601 3072 728 3127 pietas
741 3074 953 3130 elargitur,
965 3074 1148 3129 quietem

180 3130 355 3192 ipsorum
373 3131 655 3186 multipliciter
669 3132 919 3187 inquietant:
936 3134 1020 3175 vos
1043 3145 1148 3187 quo·

184 3204 285 3253 que,
307 3191 374 3247 qui
389 3201 462 3234 eos
474 3190 680 3233 deberetis
706 3189 986 3236 favorabiliter
1008 3191 1152 3234 confo-

126 3303 127 3306 ,
182 3249 598 3302 vere‚moie1iiarum
609 3253 836 3295 occafiones
860 3266 981 3296 vanas
1009 3250 1153 3306 exqui-

130 3311 134 3316 ”
181 3309 273 3354 aitis
287 3320 428 3353 contra
443 3307 544 3364 ipsos
559 3338 571 3350 .
591 3310 727 3354 Vultis
751 3326 954 3368 namque,
977 3310 1048 3353 etfi
1074 3324 1155 3351 non

192 3381 328 3412 omnes
345 3399 358 3422 ,
371 3367 461 3425 ipfis
474 3367 608 3412 invitis
622 3398 637 3422 ,
658 3383 801 3414 eorum
816 3369 1074 3414 confeffiones
1085 3383 1158 3410 au·

180 3425 281 3470 ’aire
300 3455 314 3479 ,
335 3442 380 3471 ac
407 3427 463 3471 eis
478 3426 688 3486 injungere
703 3431 988 3484 poenitentiam
1001 3430 1162 3480 ,&Eu-

185 3466 408 3531 ‘antistiam
423 3487 613 3532 exhibere
629 3501 645 3542 3
667 3501 741 3532 nec
760 3490 904 3541 vultis,
929 3500 976 3533 ut
992 3491 1156 3542 Corpus

200 3541 347 3609 Christi
364 3548 404 3589 in
430 3559 572 3590 eorum
599 3549 804 3592 Oratoriis
834 3550 1091 3597 reservetur,
1117 3548 1159 3589 δι

199 3596 355 3647 Fures
365 3605 544 3662 ipsorum
570 3605 784 3652 defunctos
806 3610 915 3668 apud
951 3607 1154 3652 Ecclefias

203 3659 491 3720 veRrascogitis
517 3667 704 3724 sepeliri,
726 3671 767 3710 &
792 3683 942 3714 eorum
961 3667 1153 3724 exequias

204 3715 415 3787 eflebhri:
429 3723 452 3766 fi
464 3727 553 3781 quis
570 3727 859 3774 decedentium
875 3732 1060 3773 Fratrum
1076 3726 1152 3768 ali-

201 3773 242 3816 b¹
257 3801 272 3825 s
285 3774 447 3835 quanm
461 3787 645 3829 Ecclefiis
659 3789 799 3832 vestris
824 3789 950 3845 eligat
973 3787 1150 3844 sepultu-

198 3831 418 3886 ¹8m2f¹⁸¹²¹¹⁵
428 3842 552 3894 tar-imo
563 3846 612 3891 ad
629 3846 822 3891 Ecclesias
844 3846 988 3893 vestras
1009 3845 1144 3891 defer·

1194 706 1400 754 corum‚&
1419 704 1728 755 Laicorum,nec
1743 717 1824 746 nou
1838 698 2177 750 cereoruni‚lam-

1195 763 1396 818 padarum
1410 793 1426 816 ‚
1456 764 1495 805 &
1509 775 1847 807 ornamentorum
1862 777 1938 819 pro
1953 760 2084 803 vestra
2099 773 2175 802 vo-

1192 823 1310 866 lunte
1325 834 1535 875 taxare,ac
1549 824 1709 867 refiduu
1719 837 1758 864 m
1770 817 2177 876 cereorum-›quando

1193 883 1358 927 noviter
1372 895 1633 940 apponuntur
1644 913 1660 936 ‚
1676 884 1842 939 exigitis
1856 883 1906 924 ab
1920 879 2088 931 eisdem,
2105 892 2179 920 nee

1195 942 1437 999 permittitis
1454 972 1469 995 ,
1493 954 1538 984 ut
1565 946 1662 986 novi
1680 945 1932 989 Sacerdotes
1950 954 2093 984 eorum
2108 935 2185 979 ali-

1202 1002 1275 1054 bi,
1298 1006 1419 1060 quim
1445 1003 1484 1045 in
1500 1002 1688 1046 Ecclefiis
1708 1003 1849 1047 vestris
1874 1000 2087 1045 celebrent
2105 995 2187 1053 pri—

1204 1076 1289 1105 mas
1306 1060 1439 1106 Missas
1459 1091 1472 1115 ,
1498 1077 1570 1106 eos
1587 1063 1850 1107 nihilominus
1865 1059 2188 1117 compellentes,

1202 1122 1304 1164 utin
1325 1122 1577 1179 quotidianis
1594 1122 1717 1166 Miffis
1734 1153 1748 1174 ,
1763 1137 1862 1179 quas
1889 1122 1930 1162 in
1956 1118 2035 1162 suis
2058 1116 2189 1166 locis,

1200 1182 1240 1223 &
1257 1181 1471 1225 Altaribus
1497 1182 1736 1234 celebrant,
1761 1182 1994 1226 oblationes
2015 1177 2066 1220 ad
2083 1187 2186 1231 opus

1202 1240 1376 1284 vestrum
1394 1242 1622 1300 recipiant,
1644 1243 1685 1285 δι
1709 1240 1947 1292 reservent;
1975 1232 2185 1295 quidquid

1199 1302 1320 1345 etiam
1349 1304 1407 1345 eis
1432 1332 1448 1354 ,
1487 1301 1587 1346 dum
1625 1302 1837 1346 celebrant
1879 1297 2083 1343 Miffarum
2123 1292 2187 1335 so·

1198 1360 1348 1405 lemnia
1364 1362 1472 1405 intra
1489 1365 1717 1406 Domorum
1734 1361 1892 1404 suarum
1907 1352 2189 1408 ambitunupia

1197 1419 1382 1464 fidelium
1393 1422 1619 1463 devotione
1632 1422 1811 1463 donatur
1826 1449 1841 1472 ,
1868 1416 2023 1473 abiplis
2038 1423 2186 1457 extor-

1196 1494 1347 1538 quere,
1359 1480 1582 1524 oblationis
1601 1480 1766 1523 nomine
1779 1476 2034 1521 contenditis
2045 1503 2059 1527 ,
2070 1468 2185 1529 quod

1198 1538 1353 1586 eisdem
1376 1540 1515 1582 tamin
1536 1540 1785 1583 ornamentis
1804 1537 1987 1588 Altaris‚
2014 1531 2189 1592 quamin

1202 1601 1317 1646 libris
1336 1599 1626 1643 Ecclefiasticis
1648 1598 1835 1642 absolute
1849 1596 2064 1642 confertur
2077 1620 2092 1643 ,
2114 1588 2192 1647 juri

1202 1660 1338 1705 vestro
1368 1672 1581 1716 perperam
1606 1658 1826 1703 vindicatis
1848 1686 1864 1710 ,
1905 1652 2098 1713 cogendo
2119 1662 2191 1717 eqt

1202 1721 1255 1766 ad
1283 1719 1473 1775 Synodos
1510 1719 1662 1763 vestras
1704 1717 1901 1763 accedere
1926 1746 1941 1770 ,
1972 1730 2019 1759 ac
2048 1710 2190 1754 vestm

1203 1779 1562 1824 constitutionibus
1584 1778 1823 1837 subjacere:
1856 1792 1932 1821 nec
1947 1776 1996 1819 iis
2012 1780 2193 1816 conten-

1205 1842 1236 1884 ti
1253 1870 1270 1891 ,
1297 1840 1485 1896 Capitula
1511 1840 1550 1882 8:
1581 1837 1772 1882 scrutinia
1795 1840 1836 1880 in
1867 1836 1969 1880 loeis
2004 1834 2194 1875 Fratrum

1201 1913 1279 1958 pro
1294 1898 1342 1941 iis
1358 1897 1615 1954 corrigendis
1629 1894 1936 1943 comminamini
1953 1894 2041 1936 Vos
2068 1889 2195 1934 faetu-

1203 1974 1274 2004 ros
1288 1985 1303 2008 ,
1331 1955 1577 2003 fidelitatem
1595 1957 1830 2014 juramento
1844 1954 2048 1998 firmatam
2063 1952 2113 1993 ab
2123 1963 2198 1992 eo-

1201 2033 1293 2063 rum
1313 2018 1505 2062 Ministris
1521 2048 1537 2070 ‚
1550 2020 1591 2061 &
1607 2018 1858 2060 Custodibus
1873 2015 2082 2069 exigentes
2097 2043 2107 2051 .
2126 2008 2197 2051 Eis

1202 2089 1370 2128 quoque
1383 2102 1399 2123 s
1421 2087 1468 2116 ut
1484 2080 1527 2118 in
1539 2080 1688 2128 hyeme
1716 2087 1800 2119 tam
1823 2088 1942 2119 extra
1959 2072 2168 2115 Civitates
2182 2092 2199 2116 ,

1209 2131 1332 2184 quarn
1355 2130 1462 2172 intra
1491 2130 1699 2172 vobiscum
1716 2131 2070 2186 proceffionaliter
2086 2127 2202 2168 veni-

1209 2194 1280 2225 ant
1296 2197 1346 2222 ex
1370 2185 1454 2222 levi
1474 2187 1598 2225 causa
1611 2188 1854 2229 mandantes
1869 2202 1887 2237 ·‚
1913 2188 1954 2228 in
1972 2182 2202 2228 benefacto·
2274 2234 2281 2245 l

1207 2254 1273 2284 res
1293 2236 1471 2294 ipsorum
1491 2240 1931 2282 excommunicationis
1955 2242 2201 2283 sententiam

1206 2298 1468 2349 fulminatis,
1491 2300 1531 2341 &
1559 2298 1669 2342 idern
1697 2297 1827 2355 ipsum
1855 2300 2066 2342 Fratribus
2083 2308 2200 2343 come

1203 2362 1405 2406 minantes
1423 2387 1437 2410 ‚
1462 2355 1629 2400 eosdem
1654 2357 1710 2400 de
1737 2357 1842 2401 locis
1857 2387 1872 2410 ,
1897 2359 1937 2401 in
1952 2360 2096 2417 quibus
2117 2361 2199 2401 Do-

1204 2422 1315 2467 mino
1328 2417 1592 2468 famulantur,
1606 2429 1806 2460 amovere
1822 2417 2013 2472 satagitis,
2029 2417 2099 2462 nifi
2112 2418 2199 2460 Vo-

1204 2483 1266 2526 bis
1300 2476 1495 2522 obediant
1533 2477 1575 2518 in
1603 2476 1789 2518 omnibus
1820 2475 2059 2532 supradietis
2083 2504 2095 2516 .
2129 2473 2199 2518 Ad

1206 2543 1290 2585 haec
1304 2566 1319 2587 ,
1347 2552 1396 2580 ne
1421 2539 1589 2580 Fratres
1604 2534 1653 2578 ad
1673 2536 1936 2579 honorabiles
1963 2536 2169 2579 Civitates
2184 2562 2202 2585 ,

1205 2603 1248 2645 δι
1266 2597 1424 2650 villas,
1443 2597 1513 2640 ubi
1529 2594 1751 2651 religiose,
1775 2610 1820 2638 ac
1845 2595 2013 2639 honestis
2042 2594 2201 2637 valeant

1209 2658 1489 2710 commorari,
1516 2657 1537 2698 a
1553 2655 1713 2711 populis
1728 2656 1881 2699 devote
1897 2655 2062 2702 vocati,
2084 2665 2200 2697 acce-

1209 2721 1311 2764 dere
1325 2717 1501 2761 audeant
1512 2746 1527 2769 ,
1545 2715 1788 2765 inhibentes,
1800 2726 1885 2758 tam
1899 2717 1940 2757 in
1955 2713 2209 2759 aecedentes

1213 2784 1373 2826 Fratres
1388 2805 1402 2828 ,
1422 2780 1543 2834 quam
1559 2776 1601 2817 in
1616 2788 1848 2832 receptores
1873 2790 2017 2820 eorum
2031 2786 2197 2817 excom-

1210 2838 1499 2884 municationis
1513 2836 1751 2879 sententiam
1768 2832 2122 2894 promulgatis-Ab
2137 2832 2197 2873 eis

1208 2902 1330 2946 etiam
1352 2897 1405 2939 de
1425 2900 1642 2939 hortorum
1669 2894 1865 2939 srut‘tibus
1880 2896 2060 2939 decimas
2076 2923 2092 2944 ‚
2118 2904 2195 2933 nec

1209 2974 1288 3004 non
1303 2959 1356 3001 de
1372 2954 1612 3000 habitaculis
1629 2956 1838 3005 Fratrum,
1850 2953 1949 2998 ficut
1963 2953 2016 2997 de
2030 2952 2191 3012 Judaeo·

1210 3034 1298 3065 rum
1325 3012 1747 3066 domibus,redditus
1772 3014 2026 3059 contenditis
2051 3012 2198 3054 extor·'

1208 3092 1361 3138 quere,
1393 3075 1651 3131 allegantes,
1676 3074 1788 3131 quod
1824 3074 1894 3117 nifi
1925 3076 2088 3118 Fratres
2103 3082 2197 3111 mo·

1212 3146 1403 3183 rarentur
1422 3134 1572 3177 ibidem
1587 3163 1602 3186 ‚
1626 3134 1757 3178 Vobis
1775 3134 1824 3176 ab
1850 3133 1936 3176 aliis
1952 3127 2198 3176 habitatori-

1212 3201 1287 3243 bus
1303 3201 1526 3252 proventus
1539 3194 1666 3250 aliqui
1680 3193 1935 3237 solverentur
1945 3219 1960 3242 ,
1972 3194 2078 3243 ἅμα
2091 3186 2197 3243 ipsos

1216 3255 1356 3301 vestrae
1393 3252 1571 3296 subdatis
1607 3253 1794 3297 totaliter
1826 3252 2002 3303 ditioni,
2029 3248 2196 3292 eosdem

1218 3314 1425 3361 Ministros
1460 3314 1500 3354 δε
1524 3312 1727 3356 Custodes
1756 3313 1879 3357 vultis
1902 3309 2106 3368 praeficere
2120 3320 2199 3363 pro

1220 3375 1358 3419 vestrae
1371 3372 1543 3415 arbitrio
1567 3373 1791 3416 voluntatis
1807 3401 1820 3413 .
1848 3375 1956 3415 Cum
1981 3370 2105 3425 igitur
2118 3369 2200 3409 Or·

1221 3436 1280 3478 do
1307 3431 1597 3477 Praedictorum
1624 3435 1813 3476 Fratrum
1838 3446 1911 3489 per
1953 3427 2025 3472 fel:
2058 3437 2194 3470 recor:

1218 3492 1511 3538 Innocentium
1537 3521 1554 3543 ,
1588 3494 1846 3541 Honorium,
1876 3493 1918 3534 ἃ.
1942 3487 2194 3545 Gregorium

1219 3548 1531 3598 Praedeceffores
1544 3551 1848 3602 nostros,&Nos
1863 3549 1967 3608 ipsos
1982 3549 2029 3592 sit
2056 3545 2199 3590 solem-

1216 3613 1324 3658 niter
1361 3611 1606 3666 approbatus
1630 3640 1645 3663 ‚
1670 3613 1711 3653 δι
1733 3626 1876 3655 eorum
1902 3608 2063 3665 Regula
2094 3617 2192 3646 con·

1214 3673 1374 3716 firmata
1389 3699 1402 3720 ,
1417 3684 1469 3713 ne
1495 3669 1739 3726 Apostolicae
1749 3670 1865 3715 Sedis
1876 3670 2055 3713 instituta
2070 3693 2085 3715 ,
2111 3673 2194 3718 quae

1216 3730 1428 3776 humiliter
1443 3729 1642 3787 suscipere
1657 3760 1671 3783 ‚
1695 3733 1733 3773 δι
1753 3729 1911 3774 servare
1927 3724 2121 3771 tenemini
2135 3731 2195 3760 re·

1211 3799 1401 3834 verenter
1416 3819 1430 3840 ‚
1447 3799 1708 3834 contemnere
1727 3789 1974 3836 videamini,
1993 3777 2197 3828 Univerli·

1212 3860 1340 3894 tatem
1356 3849 1525 3893 vestram
1540 3864 1747 3894 monemus
1764 3835 2195 3937 αῖῐεηῑὲφοτᾼῗίἓῡ·

2076 3910 2085 3935 l
