2444 4192
738 104 900 245 Sub
962 160 1356 250 Benedibio
1418 166 1507 251 X
1526 164 1568 250 I
1588 165 1689 252 V.

242 317 293 359 ab
310 310 533 370 hujusmodi
550 308 669 366 culpa
683 308 984 366 absolvendam
997 316 1098 357 adeo
1110 315 1202 372 qui-

239 373 364 423 dem,
394 381 439 412 ut
465 367 698 419 absolutio,
726 371 754 411 st
780 383 900 427 quam
934 373 1200 426 impertierit,

238 429 348 474 nulla
362 458 378 480 ,
392 440 512 486 atque
531 430 645 471 irrita
660 429 826 470 omnino
848 427 909 475 fit,
924 436 1109 484 tanquam
1125 433 1199 471 irn-

236 489 387 545 pertita
410 489 432 530 i
457 488 783 541 Sacerdotc2qui
799 483 1067 540 jurisdictione
1079 503 1125 529 ac
1140 487 1200 534 sa:

237 546 392 589 cultate
425 547 474 588 ad
510 546 642 589 valide
667 543 960 588 absolvendum
991 541 1202 587 necessaria

235 607 419 662 privatus
432 605 563 648 existit
575 633 590 657 ,
610 617 729 662 quam
755 603 792 646 ei
820 614 892 658 per
907 602 1113 657 praescntes
1131 604 1201 643 has

234 664 389 707 nostras
419 664 597 708 adimere
627 660 868 704 intendimus
885 688 897 700 .
919 661 973 702 Et
989 659 1195 701 nihilomi-

234 737 308 764 nus
323 751 336 774 ,
367 724 393 764 fi
408 723 497 779 quis
510 719 779 765 Confeffarius
808 718 913 762 secus
934 717 1067 759 facere
1081 714 1195 758 ausus

235 781 357 824 suerit
368 811 384 833 ,
399 781 562 836 majoris
581 793 742 835 quoque
763 775 1195 820 excommunicationis

238 853 430 894 poenam,
458 840 480 880 a
506 851 582 895 qua
607 835 839 880 absolvendi
856 836 1092 891 potestatem
1111 835 1193 875 No

235 898 296 940 bis
310 896 401 939 solis
414 925 431 949 ,
448 897 667 952 nostrisque
679 892 957 938 suecessoribus
985 893 1195 936 dumtaxat

234 954 480 999 reservamus
496 984 510 1006 ,
523 954 610 1011 ipso
625 955 726 997 neto
737 955 919 997 incurrat
934 982 947 994 .

291 1015 377 1065 §.5-
437 1014 701 1057 Declarantes
735 1012 883 1062 etiam,
909 1014 947 1055 δι
973 1010 1196 1056 decernen-

230 1082 292 1117 tes
309 1101 322 1125 ,
334 1073 447 1129 quod
462 1086 538 1116 nec
566 1072 692 1114 etiam
707 1070 747 1115 in
776 1071 859 1114 vim
872 1069 1197 1128 cujuscunque-³

227 1132 385 1188 Jubilaei
406 1160 420 1183 ,
447 1140 517 1172 aut
531 1131 653 1173 etiam
668 1130 790 1175 Bullae
805 1160 818 1182 ,
833 1143 915 1187 quae
942 1139 1196 1184 nuncupatur

230 1191 436 1232 Cruciatae
457 1189 608 1231 Sanctae
621 1215 635 1240 ,
649 1198 721 1231 aut
735 1190 900 1232 alterius
913 1188 1127 1242 cujuslibet
1141 1188 1199 1229 in·

229 1247 367 1297 dulti,
390 1244 676 1287 confeffionem
711 1246 806 1289 dic'ti
831 1246 1042 1301 complicis
1070 1242 1198 1299 hujus-

231 1302 344 1346 modi
365 1301 578 1358 quisquam
597 1301 731 1343 valeat
755 1305 971 1358 excipere,
993 1305 1112 1358 eique
1143 1303 1196 1344 sa-

229 1360 515 1406 cramentalem
545 1358 841 1402 absolutionem
864 1359 1030 1415 elargiri
1061 1387 1078 1412 ,
1103 1372 1196 1401 cum

233 1422 284 1464 ad
302 1421 405 1462 hunc
420 1417 622 1469 effectum,
633 1418 671 1460 δι
683 1418 724 1460 in
741 1420 819 1461 hoe
832 1417 921 1461 casu
932 1418 1065 1462 nullus
1081 1420 1195 1460 Con·

231 1477 410 1523 senarius
429 1506 443 1530 ,
470 1483 619 1531 utpote
642 1477 712 1530 qui
739 1477 779 1519 in
796 1475 1019 1532 hujusmodi
1036 1476 1195 1533 peceati

224 1540 276 1588 ,δι
290 1536 525 1594 poenitentis
539 1548 686 1590 genere
698 1562 714 1586 ,
727 1533 1016 1591 jurisdictione,
1032 1546 1078 1578 ut
1092 1548 1193 1589 prae·

231 1597 367 1640 fertur
385 1621 400 1644 ,
427 1603 566 1637 careat
583 1621 608 1644 ·,
629 1595 670 1636 δι
691 1593 922 1637 absolvendi
947 1591 1140 1636 facultate
1170 1590 1192 1634 a

236 1655 369 1700 Nobis
429 1655 576 1695 rivatus
605 1652 744 1695 existat
769 1680 785 1702 ,
815 1652 1018 1695 habendus
1045 1652 1092 1695 fit
1119 1664 1194 1706 pro

235 1667 490 1757 Confen'grio
516 1710 725 1766 legitimo,
752 1712 788 1752 Bt
810 1713 1062 1767 approbato.
1098 1713 1194 1753 Non

229 1770 476 1815 obstantibus
492 1768 856 1814 Constitutionibus
869 1797 886 1820 ‚
899 1772 937 1811 &
959 1769 1196 1812 Ordinatio-

229 1831 344 1875 nibus
370 1826 649 1884 Apostolicis,
675 1827 917 1884 prasertim,
942 1842 1028 1885 quae
1041 1840 1194 1870 nuncu·

230 1898 381 1947 pantur
404 1888 605 1930 Cruciatae
626 1888 777 1930 Sancta
791 1914 806 1939 ,
832 1886 896 1930 vel
916 1887 1071 1943 Jubilaei
1103 1886 1193 1929 uni·

231 1945 398 1992 versalis
424 1946 466 1986 δε
492 1945 690 2001 plenarii,
715 1958 868 1989 necnon
898 1946 1096 2004 quibusvis
1120 1947 1195 1988 Ec-

162 2023 165 2027 *
231 2006 469 2056 clefiarum,
493 2005 532 2046 δι
558 2004 895 2048 Monasseriorum
928 2019 973 2049 ae
995 2005 1195 2047 Ordinum

229 2063 726 2123 quorumlibet,quorum
754 2063 822 2120 ipfi
841 2062 1083 2108 Sacerdotes
1110 2061 1198 2106 fue·

231 2125 314 2168 rint
325 2151 340 2175 ,
355 2121 478 2166 etiam
493 2121 720 2178 juramento
731 2149 746 2172 ‚
768 2120 1075 2167 confirmatione
1091 2125 1199 2178 Apo-

233 2183 372 2226 stolica
387 2209 402 2233 ,
429 2181 493 2223 vel
518 2182 659 2238 quavis
680 2179 870 2224 firmitate
894 2183 972 2226 alia
1000 2181 1198 2224 roboratis

233 2240 392 2285 statutis
418 2267 432 2290 ,
462 2240 503 2280 ἂ.
526 2238 882 2284 consuetudinibus
909 2271 924 2293 ,
974 2239 1195 2296 privilegiis

231 2311 395 2358 quoque
408 2323 423 2345 ,
439 2296 607 2343 indultis
621 2325 636 2347 ‚
657 2297 859 2341 &litteris
873 2299 1115 2356 Apostolicis
1130 2298 1199 2342 sub

231 2358 530 2417 quibuscunque
547 2358 759 2401 tenoribus
776 2358 837 2410 ,δι
850 2356 990 2402 formis
1004 2388 1020 2410 ,
1047 2374 1092 2402 ac
1107 2372 1200 2402 cum

235 2415 439 2475 quibusvis
453 2414 640 2459 clausulis
653 2417 694 2458 δι
707 2415 886 2460 decretis
903 2446 917 2469 ,
937 2418 1059 2460 etiam
1089 2427 1200 2461 motu

233 2475 404 2535 proprio
417 2503 431 2526 ,
451 2484 521 2517 aut
535 2474 632 2519 alias
652 2474 962 2531 quomodolibet
979 2476 1169 2520 conceffis
1182 2503 1198 2525 s

234 2536 356 2578 etiam
371 2533 527 2575 iteratis
545 2534 702 2575 vicibus
727 2535 958 2589 approbatis
972 2538 1012 2578 δι
1031 2537 1198 2578 innova-

231 2596 314 2636 tis:
345 2592 490 2646 quibus
502 2591 713 2638 omnibus,
739 2604 881 2634 eorum
899 2602 1067 2637 tenores
1100 2608 1195 2649 prae-

228 2650 409 2695 sentibus
431 2661 509 2704 pro
521 2648 707 2705 expressis
719 2649 907 2694 habentes
922 2681 939 2704 ,
953 2651 1026 2694 hic
1049 2651 1195 2698 vice...

232 2710 448 2754 dumtaxat
464 2734 478 2758 ,
492 2706 519 2749 s
560 2707 721 2751 cialiter
734 2736 751 2758 ,
773 2709 815 2750 δι
829 2710 1011 2766 expressi
1029 2708 1196 2767 deroga-

233 2779 323 2810 mus
339 2793 354 2815 ,
365 2765 498 2806 caeteri
516 2778 594 2817 que
610 2766 826 2808 contrariis
851 2769 1143 2823 quibuscunque
1155 2797 1168 2808 .

293 2823 379 2875 §.6.
444 2824 642 2866 Volumus
656 2822 820 2867 demum
832 2851 846 2873 ,
866 2840 918 2877 ae
935 2826 1198 2882 precipimus,

240 2893 286 2927 ut
295 2892 438 2926 omnes
453 2880 638 2926 locorum
652 2880 861 2925 ordinarii
881 2893 964 2927 tam
981 2884 1200 2941 praesentes,

239 2941 358 2999 quim
382 2937 507 2982 futuri
530 2953 606 2995 pro
631 2948 814 2994 tempore
839 2942 1051 2986 existentes
1073 2943 1114 2986 in
1128 2957 1198 2999 ap·

236 2997 483 3057 probatione
508 2996 849 3043 Confeffariorum
876 3011 958 3044 tam
971 3002 1198 3057 predictam

235 3057 582 3101 constitutionem
616 3059 813 3114 Gregorii
868 3061 1162 3106 Praedecelsoris
1181 3090 1196 3112 ,

236 3118 358 3175 quam
387 3112 618 3171 presentem
643 3116 746 3158 hanc
772 3118 973 3170 nostram,
999 3120 1197 3164 abomni-

236 3178 315 3220 bus
332 3173 618 3219 Sacerdotibus
633 3176 905 3231 approbandis
926 3178 1080 3222 attente
1097 3179 1200 3235 legi,

233 3237 280 3279 Bt
292 3232 485 3277 accurate
498 3232 703 3282 observari
730 3246 879 3280 curent
892 3262 908 3286 ‚
936 3248 1204 3294 moneantque

241 3307 310 3337 eos
324 3294 365 3336 in
381 3293 559 3339 Domino
569 3322 585 3346 ,
598 3301 718 3349 atque
731 3295 946 3339 hortentur
961 3323 975 3344 ,
986 3304 1032 3339 ut
1046 3295 1200 3340 lacrum

245 3351 511 3396 Ministerium
526 3352 700 3408 ipsorum
712 3351 808 3398 fidei
833 3353 1080 3398 commissum
1094 3354 1201 3399 fum-

243 3411 443 3453 maanimi
467 3411 698 3455 innocentia
713 3440 728 3462 ,
744 3426 901 3456 morum
918 3414 1093 3467 puritate
1106 3444 1122 3466 ,
1138 3413 1202 3470 ju-

244 3466 343 3510 dicii
365 3468 597 3527 integritate
621 3481 840 3527 peragant,
865 3474 1202 3520 exhibeantque..-

243 3525 469 3582 semetipsos
481 3556 496 3581 ,
517 3538 563 3573 ut
582 3529 782 3574 Ministros
797 3531 946 3575 Christi
961 3533 1024 3583 ,&
1038 3530 1203 3588 Dispen-

245 3584 402 3627 satores
423 3587 710 3640 mysteriorum
725 3590 802 3632 Dei
814 3619 826 3632 .
843 3593 1043 3634 Memores
1059 3601 1203 3647 praete-

240 3656 311 3685 rea
335 3643 438 3695 lint,
463 3644 502 3687 se
525 3645 658 3690 locum
685 3657 852 3700 tenere,
875 3664 922 3692 ac
950 3649 1057 3693 vices
1086 3651 1200 3693 obire

238 3702 409 3748 summi,
438 3713 555 3757 atque
573 3704 711 3750 aeterni
738 3708 1084 3764 Sacerdotis,qui
1114 3708 1197 3752 lan—

241 3764 358 3808 etus,
383 3761 603 3816 innocens,
620 3765 880 3821 impollutus,
906 3782 976 3825 per
1001 3768 1195 3825 Spiritum

1987 198 2154 286 495

1263 317 1449 357 Sanctum
1476 310 1723 367 semetipsum
1737 312 1888 355 obtulit
1919 315 2218 366 immaculatum

1260 373 1350 412 Deo
1364 400 1380 421 ,
1396 383 1441 412 ut
1468 371 1705 412 emundaret
1727 373 2013 415 conscientiam
2042 382 2220 424 nostram

1258 430 1306 469 ab
1328 429 1515 481 operibus
1543 429 1743 474 mortuis,
1774 428 1824 469 ad
1849 426 2103 475 serviendum
2128 441 2221 480 Deo

1260 486 1418 527 viventi
1429 511 1441 523 .
1455 483 1605 526 Sedulo
1619 484 1741 536 igitur
1764 484 1945 526 studeant
1957 512 1970 534 ,
1982 488 2218 541 diligenter-

1260 556 1340 597 que
1355 550 1519 582 caveant
1534 567 1549 589 ,
1566 553 1613 580 ne
1627 543 1894 593 quaerentibus
1913 545 1954 584 δε
1979 543 2223 599 pulsantibus

1260 611 1405 641 eorum
1429 596 1549 652 culpa
1568 598 1720 639 coelum
1736 600 1981 654 claudatur3
2007 616 2056 643 ne
2080 603 2225 661 deper-

1257 656 1354 698 ditae
1365 669 1462 697 oves
1478 655 1529 696 ad
1543 656 1657 698 ovile
1682 659 1944 700 Dominicum
1970 661 2105 703 redire
2129 677 2228 717 pro·

1260 724 1444 765 perantes
1459 741 1473 764 ,
1487 726 1627 756 eorum
1643 717 1821 758 manibus
1839 717 2013 760 ferarum
2043 718 2224 763 dentibus

1255 771 1494 814 dilaniandae
1513 772 1742 825 tradantur3
1757 788 1807 816 ne
1821 777 1980 832 prodigi
1997 778 2087 820 Filii
2102 792 2225 835 egen.

1254 841 1315 874 tes
1329 833 1370 874 &
1386 828 1529 883 saucii,
1543 830 1593 872 ad
1608 831 1814 876 coelestem
1841 836 2004 876 Patrem
2019 849 2225 880 reverten-

1255 900 1314 932 tes
1329 917 1344 940 ,
1372 889 1526 932 nefarii
1551 902 1695 932 eorum
1712 893 1917 945 probitate
1932 921 1946 945 ,
1963 897 2219 948 gravioribus

1257 957 1519 1004 pcccatorum
1537 948 1796 1001 vulneribus,
1820 950 1919 994 dum
1945 954 2081 996 adhuc
2097 956 2136 998 in
2161 956 2223 999 via

1257 1006 1346 1050 sunt
1358 1034 1373 1057 ,
1394 1003 1685 1050 confodiantur
1701 1034 1714 1048 .

1317 1065 1402 1117 §.7.
1463 1067 1521 1110 Ut
1536 1076 1669 1109 autem
1685 1064 1891 1122 praesentes
1907 1070 2051 1113 litterae
2063 1071 2116 1114 ad
2132 1086 2222 1114 om-

1259 1125 1370 1167 nium
1389 1126 1577 1167 notitiam
1593 1123 1748 1169 facilius
1763 1127 2001 1177 deveniant,
2033 1132 2074 1171 &
2098 1144 2224 1173 nemo

1260 1184 1422 1228 illarum
1458 1184 1727 1240 ignorantiam
1756 1186 1934 1243 allegare
1962 1188 2118 1238 valeat,
2150 1203 2227 1231 vo·

1258 1244 1390 1287 lumus
1405 1241 1472 1284 illa
1487 1241 1551 1285 seu
1575 1257 1710 1286 earum
1724 1246 1911 1302 exempla
1929 1247 1978 1290 ad
1996 1247 2131 1291 valvas
2147 1250 2226 1290 Ec·

1258 1301 1380 1344 clefiae
1399 1301 1675 1347 Lateranenfis
1695 1304 1777 1345 &c.

1314 1359 1400 1406 §.8.
1462 1359 1579 1402 Nulli
1610 1374 1711 1415 ergo
1734 1364 1903 1405 omnino
1931 1364 2140 1407 hominum
2175 1364 2225 1406 li·

1255 1425 1347 1459 ceat
1362 1416 1543 1471 paginam
1559 1418 1662 1458 hanc
1681 1420 1820 1460 nostrae
1854 1420 2078 1462 voluntatis
2094 1448 2110 1470 ,
2142 1424 2229 1463 san·

1256 1475 1424 1522 aionis,
1448 1476 1667 1531 precepti,
1694 1476 1922 1520 mandati&
1945 1478 2221 1534 derogationis

1259 1530 1485 1587 infringere
1499 1534 1578 1575 &c-

1370 1594 1523 1634 Datum
1540 1593 1680 1635 Romae
1693 1592 1801 1647 apud
1815 1594 1999 1637 Sant‘tam
2017 1594 2228 1651 Maiorem

1255 1648 1449 1703 Maiorem
1482 1655 1604 1694 Anno
1637 1652 1930 1696 lnearnationis
1967 1655 2196 1699 Dominieae
2212 1682 2229 1706 ‚

1253 1709 1468 1752 millesimo
1509 1707 1859 1765 septingentesimo
1893 1712 2199 1769 quadragesimo
2211 1741 2227 1764 ‚

1255 1768 1388 1823 primo
1406 1767 1732 1825 KalendasJunii
1744 1799 1762 1822 ,
1792 1769 2061 1815 Pontificati‘is
2081 1774 2222 1818 Nostri

1253 1829 1375 1871 Anno
1389 1828 1528 1872 Primo
1539 1856 1554 1869 .

1323 1962 1482 2005 Butler.
1525 1959 1640 2018 hujus
1663 1962 1816 2004 summi
1854 1959 2052 2017 Pontifici:
2075 1971 2170 2004 eom.
2189 1975 2223 2004 1.

1368 2029 1537 2078 pag.50.

1297 2278 1689 2332 Constitutionem
1707 2281 1941 2351 praefatam
1956 2284 2157 2336 declarat
2173 2321 2187 2336 .

1261 2424 1817 2481 BENEDICTUS
1864 2427 2038 2478 PAPA
2076 2431 2221 2479 xtv.

1434 2563 1504 2606 Ad
1500 2561 1694 2622 futuram
1706 2567 1765 2607 ret·
1791 2570 2016 2610 memoriam
2030 2594 2042 2606 ·

1382 2706 1572 2750 Postolici
1595 2711 1771 2752 muneris
1798 2722 1928 2767 partes
1945 2713 1984 2755 in
1999 2725 2225 2768 procuran-

1261 2710 1375 2820 A
1408 2766 1461 2808 da
1476 2767 1675 2822 precipue
1690 2783 1833 2812 rerum
1850 2772 2048 2815 sacrarum
2061 2786 2162 2829 pura
2177 2770 2226 2813 il·

1258 2824 1465 2881 libataque
1494 2826 1659 2881 penitus
1694 2827 2042 2874 administratione
2075 2828 2225 2874 versari

1261 2882 1410 2925 debere
1436 2885 1566 2937 probe
1589 2884 1867 2939 intelligentes
1881 2915 1897 2938 ,
1922 2903 2006 2931 non
2035 2888 2160 2933 modo
2183 2889 2224 2930 &

1259 2938 1418 2983 assiduis
1432 2942 1727 2986 hortationibus
1740 2971 1756 2994 ,
1778 2946 1819 2987 δι
1833 2944 1932 3001 justa
1945 2972 1960 2994 ,
1984 2946 2052 2987 ubi
2067 2959 2132 2989 res
2147 2958 2223 3001 po-

1257 2997 1403 3052 stulat,
1418 3001 1553 3057 legum
1570 2999 1812 3052 severitate,
1833 3012 1878 3045 ut
1901 3005 1952 3046 ab
1977 3003 2226 3047 Ecclesiasti-

1255 3058 1315 3101 cis
1346 3060 1566 3114 quibusque
1595 3059 1786 3105 Minissris
1817 3061 1944 3104 saneta
1983 3063 2114 3106 sancte
2139 3072 2225 3106 tra-

1254 3120 1437 3166 ctentur,
1465 3117 1663 3174 quantum
1687 3134 1782 3163 cum
1798 3122 1978 3165 Domino
1993 3121 2219 3176 possumus,

1264 3175 1486 3231 providere
1499 3175 1699 3222 studemus
1715 3207 1729 3231 ,
1746 3180 1885 3225 verum
1901 3181 2025 3223 etiam
2039 3181 2150 3236 leges
2163 3181 2224 3235 ip-

1262 3234 1345 3286 saS,
1369 3245 1413 3278 ut
1436 3234 1548 3278 forte
1565 3235 2149 3295 finistrisinterpretationibus
2179 3252 2221 3281 m

1262 3293 1507 3338 alterutram
1538 3304 1760 3340 extremam
1787 3308 1940 3353 partem
1956 3326 1971 3350 ,
1997 3299 2225 3340 autimmo·

1261 3350 1394 3396 derati
1409 3354 1568 3410 rigoris,
1581 3364 1649 3399 aut
1664 3355 1910 3400 detestabilis
1923 3353 2116 3412 laxitatis,
2129 3370 2223 3413 per·

1263 3425 1398 3468 peram
1411 3413 1764 3470 detorqueantur,
1788 3431 1841 3472 op
1896 3414 2017 3458 rtune
2038 3430 2223 3472 commn-

1262 3473 1350 3514 nire
1361 3485 1408 3514 ac
1424 3472 1616 3516 roborare
1641 3487 1715 3528 pro
1735 3488 1828 3517 earu
1862 3488 1924 3517 em
1939 3474 2096 3518 tuendo
2110 3475 2224 3531 vigo-

1263 3544 1307 3572 re
1319 3559 1335 3581 ,
1348 3543 1440 3573 cum
1458 3530 1616 3575 occasio
1630 3533 1876 3588 poposcerit,
1890 3546 1971 3577 non
1985 3535 2222 3590 praetermit·

1263 3588 1407 3631 timus.
1433 3590 1536 3632 Sane
1551 3605 1671 3640 ,cum
1689 3594 1775 3634 Nos
1801 3591 1899 3634 aliis
1923 3606 1994 3648 per
2005 3592 2219 3650 quamdam

1262 3647 1436 3690 nostram
1456 3648 1803 3692 Constitutionem
1816 3679 1832 3709 ,
1856 3650 1967 3706 cujus
1991 3653 2150 3695 initium
2166 3650 2220 3693 est

1260 3721 1317 3748 =
1349 3710 1643 3749 sacramentum
1669 3710 1905 3752 Paenitmtt'c
1934 3726 1991 3754 =
2017 3715 2134 3755 Anno
2159 3710 2220 3749 In-

1259 3765 1497 3810 carnationis
1516 3766 1736 3811 Dominicae
1748 3767 1963 3813 millesimo
1985 3769 2216 3826 septingen-

2099 3832 2157 3864 te-
