2444 4192
363 213 547 322 446

300 375 558 427 Facultates
583 371 903 425 Protcfiorum
939 370 1177 423 Ordinum
1200 390 1275 423 co-

367 444 515 496 arfiat
530 481 545 495 .

331 582 824 639 INNOCENTIUS
861 585 1234 657 EPISCQPUS

478 714 654 756 δεινος
686 711 941 756 Smwoxuu
973 714 1058 755 Dsr
1071 738 1086 753 0

450 832 520 874 Ad
531 837 768 886 perpetum
777 829 838 872 rei
849 828 1074 898 memoriam
1087 856 1100 870 .

393 958 703 1005 Hristifidelinm
716 990 732 1014 ,
761 959 829 1015 qui
845 902 986 1017 sinetis
999 958 1125 1002 saeculi
1142 957 1260 1015 hujus

288 962 389 1073 C
421 1017 625 1063 illecebris
662 1022 731 1064 {inb
760 1018 865 1061 suavi
897 1018 1129 1074 Religionis
1161 1018 1258 1074 jugo

286 1076 429 1119 Divini
444 1079 635 1123 Numinis
648 1077 729 1123 sese
745 1077 1025 1133 maneipirunt
1041 1076 1259 1132 obsequiis,

287 1134 499 1178 salubriori
514 1139 702 1194 regimini
716 1165 732 1187 ‚
746 1137 786 1178 δι
799 1133 1044 1179 felicioribus
1059 1136 1099 1178 in
1113 1134 1260 1177 Domi-

284 1207 340 1236 no
369 1196 635 1250 progteffibus
651 1227 666 1249 ,
697 1196 892 1254 quantum
918 1195 1048 1238 Nobis
1071 1195 1121 1237 ab
1151 1193 1257 1236 Alto

285 1254 557 1308 conceditur,
586 1257 819 1313 prospicere
849 1256 1075 1311 satagentes
1102 1282 1118 1307 ,
1148 1253 1256 1303 inter

285 1310 532 1368 multiplices
561 1329 676 1359 curas
700 1342 717 1367 ‚
747 1315 894 1372 quibus
914 1312 1255 1357 occurrentium

283 1383 421 1414 rerum
444 1401 461 1423 ,
493 1377 829 1430 negotiorumque
866 1373 1125 1415 varietatibus
1154 1370 1256 1414 obli-

282 1429 458 1479 dunat,
479 1430 530 1472 ad
549 1429 661 1475 illam
688 1444 848 1491 quoqne
873 1431 1015 1474 nostra
1028 1429 1258 1474 confiden-

282 1488 406 1531 tionis
418 1489 549 1532 aciem
572 1490 808 1546 dirigimus,
829 1502 902 1545 per
923 1502 1040 1545 quam
1054 1488 1258 1544 hujusmo-

281 1546 326 1589 di
342 1546 638 1601 Religiosorum
667 1549 846 1590 Ordines
859 1546 1031 1590 s.R.E.
1058 1545 1258 1588 Cardina-

282 1605 382 1647 lium
402 1604 647 1659 protectioni
665 1602 858 1646 commifli
870 1631 885 1654 ‚
903 1601 962 1644 ita
974 1602 1151 1658 ejusdem
1166 1615 1255 1658 pro-

278 1662 464 1704 senionis
482 1657 742 1715 persi-uantur
754 1658 950 1708 subfidi0,
964 1669 1011 1703 ut
1032 1660 1253 1705 claustralis

279 1719 498 1775 disciplina
520 1719 638 1776 vigor
655 1719 835 1763 illibatus
847 1729 1080 1775 permaneat
1094 1749 1110 1772 ,
1141 1719 1253 1763 Insti-

275 1780 440 1836 tutique
452 1776 710 1822 observantia
723 1778 823 1823 sarta
849 1780 952 1820 tecta
978 1779 1185 1832 servetur,
1202 1792 1251 1821 ac

275 1848 521 1895 propterea,
537 1851 625 1895 quae
647 1851 753 1880 curae
786 1836 1010 1894 hujusmodi
1042 1841 1253 1882 Proteeto-

276 1910 400 1949 rum,
424 1897 564 1952 &quc
575 1896 752 1940 censure
772 1897 1037 1952 superiorum
1065 1898 1249 1954 Regula·

274 1956 384 2000 rium
406 1952 650 2013 respective,
664 1957 705 1998 δι
726 1955 850 2012 magis
865 1955 962 2012 apte
984 1958 1249 2010 conveniunt,

274 2028 455 2071 congrua
473 2013 730 2057 distinetione
741 2014 1005 2067 ordinentur,
1017 2015 1085 2059 seu
1102 2016 1251 2072 potius,

272 2087 359 2128 quae
371 2074 549 2129 respestu
566 2072 735 2129 alicujus
751 2072 935 2124 Ordinis,
949 2087 1020 2129 per
1037 2077 1249 2118 Romanos

272 2128 494 2175 Pontifices
532 2130 840 2176 Praedeceffores
876 2132 1035 2177 nostros
1076 2133 1252 2190 provide

271 2190 444 2247 desuper
464 2188 656 2235 ordinata
683 2189 934 2242 noscuntur,
960 2192 1102 2250 quoad
1134 2192 1250 2236 illum

273 2248 593 2295 confirmationis
631 2249 772 2295 nostru
801 2251 1023 2296 munimine
1049 2252 1251 2295 conflabi-

271 2309 448 2359 uantur,
473 2310 516 2352 δι
537 2309 671 2366 quoad
690 2310 880 2353 eumdem
894 2339 911 2363 ,
939 2311 982 2353 δι
1009 2311 1111 2354 alios
1126 2310 1250 2355 Ordi-

270 2364 1247 2486 2523235‘552313532213.⁶;50⁰.:¹:‚³:“{;’

946 2455 962 2479 2
1148 2456 1162 2479 ³
1227 2452 1245 2462 ⁸

269 2486 445 2543 demque
477 2499 522 2529 re
551 2487 645 2540 ula,
671 2486 724 2530 ad
753 2487 901 2532 limites
921 2496 1056 2533 tamen
1076 2487 1244 2546 proesen-

276 2545 380 2588 tium
394 2569 411 2592 s
425 2546 508 2600 pari
554 2546 698 2589 rmiter
712 2546 1010 2591 constituantur
1022 2575 1036 2589 .

386 2601 493 2646 Sane
505 2630 522 2653 ‚
533 2603 633 2649 licet
649 2607 816 2650 Sanetus
831 2607 1065 2651 Franciscus
1078 2606 1130 2651 de
1143 2606 1244 2652 Affi-

270 2660 330 2704 fio
343 2660 382 2703 in
399 2659 487 2717 ejus
503 2663 567 2705 Re
624 2662 690 2711 la,
713 2677 786 2721 per
798 2664 942 2709 aedem
967 2663 1243 2720 Apostolicam

268 2717 535 2771 confirmata,
596 2719 673 2764 isce
700 2721 831 2764 verbis
852 2723 1091 2779 preceperit
1117 2751 1130 2765 .
1164 2725 1241 2767 Per

267 2776 540 2823 obedientiam
570 2778 622 2823 ad
653 2777 915 2836 bocinjungo
945 2781 1165 2833 Ministris,
1194 2792 1241 2827 ut

267 2845 412 2893 petant
448 2834 471 2879 d
501 2837 680 2881 Domino
711 2839 819 2896 Papa
858 2853 983 2883 unum
1010 2838 1062 2884 de
1091 2844 1242 2885 Sanetae

268 2898 466 2939 Romanu
480 2894 667 2940 Ecclefioe
678 2895 967 2941 cardinalibus
982 2926 998 2952 ,
1018 2901 1084 2955 qui
1101 2901 1145 2943 fit
1158 2903 1243 2944 Gu-

270 2956 465 2998 bernator
496 2982 510 3006 ,
541 2954 784 3007 Protec'tor,
813 2955 854 2997 δι
885 2958 1108 3001 Εοπεᾶοι·
1138 2959 1242 3004 istius

268 3013 581 3066 nazoreinau,
601 3022 646 3056 ut
670 3008 828 3069 semper
843 3011 1006 3071 subditi,
1023 3019 1060 3060 8:
1075 3016 1242 3074 subjcfli

269 3071 434 3130 pedibus
464 3070 643 3129 ejusdem
670 3075 713 3116 S.
731 3073 784 3116 R.
808 3074 855 3117 Ε.
889 3073 1044 3120 stabiles
1077 3075 1116 3120 in
1147 3076 1242 3121 Fide

266 3130 512 3183 Catholica,
540 3140 820 3187 paupertatem
837 3160 852 3184 ‚
879 3134 917 3176 δι
942 3133 1242 3187 humilitatem,

266 3192 306 3232 δι
323 3188 498 3233 sanetum
526 3189 790 3245 evangelium
810 3193 971 3236 Domini
990 3194 1126 3238 Nostri
1148 3193 1239 3254 Jesu

267 3248 417 3292 Christi
431 3277 446 3300 ,
459 3246 569 3305 quod
586 3246 757 3292 firmiter
768 3250 1037 3307 promifimus,
1052 3252 1239 3298 observe-

268 3321 378 3350 mus.
407 3307 683 3350 Nihilominus
695 3309 883 3352 nonnulli
913 3311 1081 3355 Romani
1099 3312 1244 3357 l’onti·

266 3364 358 3408 fices
372 3364 677 3411 Praedecefforcs
690 3366 1079 3415 nostri-,Protefloris
1109 3369 1241 3428 hujus-

269 3423 378 3466 modi
395 3423 610 3470 facultates
625 3424 890 3471 declarandas
905 3456 918 3480 ,
931 3426 1107 3486 finesque
1122 3456 1136 3480 ‚
1150 3430 1240 3488 qui-

267 3482 341 3524 bus
363 3483 439 3525 illa
462 3484 653 3528 concludi
683 3484 905 3538 deberent,
930 3486 1239 3544 prescribendos

264 3537 338 3584 effe
354 3567 366 3588 ,
382 3541 418 3583 in
436 3544 611 3586 Domino
622 3542 898 3589 ninimirum
911 3573 925 3597 ,
956 3544 1107 3605 suisque
1119 3547 1238 3593 desu-

266 3613 339 3659 per
364 3599 481 3642 editis
499 3601 644 3645 litteris
666 3603 965 3648 decreverunt.

380 3661 487 3701 Cum
504 3661 607 3702 enim
622 3661 746 3719 aliqui
761 3663 1002 3708 corumdem
1024 3665 1232 3710 Proteflo·

266 3732 356 3763 rum
372 3718 482 3760 suam
496 3719 729 3774 potestatem
746 3723 913 3768 nimium
935 3723 1151 3769 extendisse
1172 3726 1233 3771 di·

852 209 1013 297 sub
1074 209 1507 298 Innocentio
1564 214 1657 300 X
1678 211 1790 301 II.

1332 371 1372 413 la
1389 369 1554 415 fuiffent
1566 382 1729 423 exorta,
1756 374 1865 416 felic.
1878 377 1963 415 r'ee.
1979 374 2304 431 GregoriusPa-

1332 445 1384 486 pa
1411 432 1487 472 xl.
1503 431 1766 475 Praedeceffor
1798 431 1944 474 Noster
1974 433 2051 476 suis
2081 433 2192 476 sexto
2217 434 2304 475 Ka-

1331 487 1471 531 lendas
1483 490 1590 546 Junii
1604 489 1872 535 Pontificatfis
1888 488 1945 530 sui
1973 504 2082 533 anno
2095 493 2219 534 tertio
2230 504 2302 533 ex-

1329 547 1473 604 peditis
1484 548 1646 602 litteris,
1667 559 1715 593 ut
1728 549 1834 591 idem
1849 547 1968 590 Ordo
1982 550 2022 590 in
2035 548 2100 589 sua
2116 551 2302 604 primaeva

1328 608 1468 663 quiete
1484 617 1735 663 permaneret
1747 635 1762 658 ,
1781 607 1832 649 de
1846 607 1998 649 virtute
2011 606 2049 648 in
2066 607 2298 651 virtutem.»

1328 666 1407 708 iret
1428 666 1574 710 affidue
1586 696 1601 719 ,
1614 669 1653 709 &
1668 664 1916 721 quibuslibet
1943 665 2088 707 amotis
2103 667 2297 722 praepedi-

1324 725 1472 767 mentis
1484 753 1499 776 ,
1513 722 1806 780 eradicatisque
1821 722 1957 779 spinis,
1968 724 2010 765 δι
2023 722 2296 776 tribulis‚fru·

1322 786 1428 825 &um
1442 796 1519 826 non
1536 783 1661 827 solum
1675 783 1909 826 consuetum
1922 807 1937 830 a
1962 778 2029 824 sed
2043 781 2167 824 etiam
2196 782 2297 824 ube·

1323 843 1475 895 riprem
1499 841 1680 890 afferret,
1697 840 1748 884 ad
1766 839 1983 883 radicalem
1996 839 2296 884 submotionem

1320 901 1598 944 turbationum
1612 929 1627 953 ,
1651 902 1690 942 δι
1710 898 1990 942 scandalorum
2011 897 2205 955 ejusmodi
2216 897 2294 956 jam

1319 961 1634 1011 exortorum,&,
1646 972 1699 1001 ne
1711 958 1920 1001 orirentur
1933 959 2296 1015 inposterum,pro-

1320 1016 1460 1060 videre
1486 1047 1503 1068 ,
1532 1031 1580 1060 ac
1606 1016 1782 1072 ejusdem
1808 1016 1974 1060 Ordinis
2004 1031 2080 1073 pro
2105 1025 2293 1073 tempore

1320 1075 1585 1119 existentibus
1627 1076 1936 1119 protectoribus
1979 1073 2293 1131 transgressionIs

1317 1133 1393 1178 suae
1419 1133 1627 1191 potestatis
1653 1132 1905 1178 occationem
1930 1133 2078 1178 tollere
2093 1161 2108 1186 ,
2137 1132 2294 1177 efficaci

1317 1194 1497 1237 remedio
1520 1193 1687 1250 cupiens
1701 1222 1716 1245 ‚
1738 1193 2000 1237 Aut‘toritate
2024 1192 2291 1250 Apostolica„

1315 1252 1466 1297 eisdem
1482 1253 1786 1296 Protectoribus
1798 1251 2007 1296 distrifflfxs
2025 1251 2290 1296 inhibuitz-ne
2313 1250 2321 1259 '

1316 1311 1603 1368 presumerent
1614 1324 1875 1367 quaecumque
1896 1310 2080 1354 ordinata
2094 1338 2110 1362 ,
2121 1311 2287 1363 statuta,

1315 1373 1397 1413 ssve
1413 1368 1599 1427 disposita
1616 1396 1628 1419 ‚
1641 1379 1708 1411 aut
1721 1369 1947 1413 ordinanda
1959 1395 1974 1419 a
1988 1369 2207 1414 statuenda,
2218 1368 2286 1413 seu

1316 1426 1562 1483 disponenda
1578 1442 1649 1484 per
1661 1427 1860 1482 generalia
1873 1457 1889 1481 ,
1909 1427 1973 1472 vel
1990 1427 2258 1484 provincialia
2270 1452 2286 1478 2

1319 1497 1387 1528 aut
1405 1486 1639 1528 custodialia
1663 1485 1851 1538 Capitula
1875 1483 2122 1540 infringere,
2146 1499 2289 1540 repro-

1319 1545 1441 1591 bare,
1455 1544 1662 1596 corrigere
1675 1570 1690 1593 ,
1705 1538 1940 1596 suspendere
1951 1570 1964 1594 ,
1997 1552 2068 1585 aut
2084 1541 2288 1599 dispensa·

1317 1614 1362 1643 re
1387 1600 1502 1656 super
1515 1601 1601 1656 ipfis
1615 1628 1630 1651 ,
1643 1598 1706 1643 seu
1727 1607 1870 1643 contra
1895 1614 1958 1649 ea,
1974 1600 2038 1643 vel
2057 1614 2201 1644 eorum
2212 1602 2289 1645 ali·

1313 1659 1412 1715 quid
1438 1659 1748 1714 quomodolibet
1774 1659 1988 1703 immutare
2005 1685 2021 1709 s
2048 1658 2117 1703 nifi
2138 1670 2286 1705 contra

1311 1715 1524 1774 praemiffos
1549 1716 1744 1762 articulos
1766 1717 1806 1759 in
1832 1717 1995 1775 praefata
2012 1719 2167 1774 Regula
2189 1748 2205 1771 ,
2239 1726 2287 1763 ut

1309 1776 1546 1834 prefertur,
1556 1776 1706 1834 politos
1719 1804 1735 1829 ,
1749 1775 1812 1819 vel
1825 1777 1999 1835 aliquem
2012 1776 2187 1835 ipsorum
2200 1779 2288 1822 exi-

1313 1836 1438 1881 steret
1453 1833 1656 1881 manifeste
1671 1864 1685 1879 .

1432 1898 1516 1939 Aut
1530 1908 1822 1954 quemcumque
1835 1895 2047 1939 Praelatum
2062 1924 2077 1948 ,
2094 1895 2159 1939 seu
2175 1895 2280 1940 offi-

1313 1953 1460 1999 cialem
1475 1956 1571 1999 dieti
1584 1955 1748 1998 Ordinis
1762 1984 1777 2008 ,
1802 1956 1868 1998 scu
1883 1954 2055 2012 alicujus
2076 1953 2158 1998 loci
2184 1954 2289 2013 ejus·-

1310 2014 1421 2064 dem,
1434 2026 1692 2072 quocumque
1706 2013 1869 2058 nomine
1884 2023 2202 2070 nuncuparetur,
2217 2027 2285 2070 po.

1312 2087 1436 2125 nere,
1463 2074 1530 2116 seu
1556 2073 1788 2126 instituere,
1813 2081 1883 2116 aut
1899 2072 2104 2129 deponere
2119 2100 2134 2122 ‚
2164 2072 2287 2117 dem-

1312 2141 1429 2176 tuere
1443 2160 1458 2183 ,
1475 2134 1537 2176 seu
1554 2133 1713 2189 privare
1725 2160 1740 2185 ,
1763 2139 1831 2175 aut
1844 2133 1869 2177 a
1881 2131 1948 2182 suo
1958 2130 2095 2175 officio
2121 2131 2281 2189 suspen-

1310 2190 1432 2243 dere,
1448 2192 1514 2235 seu
1531 2191 1724 2248 impedire
1737 2188 1962 2249 super.ejus
1975 2189 2110 2234 libero
2125 2189 2293 2237 exerci.

1309 2252 1370 2294 tio
1390 2250 1537 2309 quovis
1553 2249 1700 2294 modo.

1427 2312 1512 2353 Aut
1526 2309 1697 2366 aliquem
1711 2311 1892 2354 Fratrem
1906 2307 2071 2352 Ordinis
2085 2306 2280 2352 antedicti

1307 2368 1358 2412 ad
1374 2369 1615 2413 leomarum
1630 2397 1645 2421 ,
1660 2378 1729 2412 aut
1743 2381 2037 2426 quamcumque
2050 2368 2247 2412 lesturam
2258 2395 2277 2421 ,

1307 2427 1371 2472 seu
1387 2427 1559 2473 studium
1571 2454 1587 2478 ,
1612 2426 1680 2471 vel
1709 2429 1875 2485 gradum
1892 2439 2138 2484 promovere
2155 2453 2171 2476 ,
2200 2435 2275 2470 aut

1305 2498 1514 2545 promotos
1545 2489 1596 2532 ab
1634 2488 1690 2531 eis
1715 2500 1931 2531 removere
1942 2513 1957 2538 ,
1971 2484 2038 2530 seu
2054 2485 2176 2531 etiam
2208 2498 2276 2535 req

1304 2560 1452 2592 vocare
1464 2575 1477 2587 .

1424 2609 1510 2648 Aut
1524 2605 1576 2648 de
1591 2604 1685 2647 loco
1700 2602 1751 2646 ad
1766 2602 1903 2646 locum
1917 2604 2095 2654 mittere,
2107 2612 2175 2647 aut
2187 2615 2278 2645 mu-

1302 2670 1420 2715 tare,
1449 2663 1526 2706 five
1540 2662 1658 2706 alicui
1676 2663 1862 2705 Fratrum
1885 2662 2127 2707 eorumdem
2149 2659 2273 2704 eundi

1302 2722 1352 2766 ad
1367 2722 1637 2780 quodcunque
1665 2719 1950 2764 Monasterium
1963 2750 1979 2774 ,
2006 2721 2069 2765 vel
2098 2720 2271 2766 locum..

1304 2781 1428 2824 alium
1441 2808 1455 2831 ‚
1468 2780 1529 2825 vel
1550 2783 1746 2832 Domum,
1760 2779 1824 2824 vel
1841 2779 2016 2838 aliquam
2032 2778 2242 2837 personam
2253 2805 2273 2831 ,

1303 2839 1506 2884 licentiam
1523 2838 1746 2895 impartiri.

1421 2901 1474 2942 Et
1493 2912 1542 2941 ne
1557 2896 1714 2954 insuper
1725 2898 1905 2955 quemvis
1926 2897 2161 2955 singularem
2178 2896 2269 2940 Fra·

1304 2967 1408 3000 trem
1425 2956 1635 3000 memorati
1647 2956 1813 3001 Ordinis
1839 2960 1893 3002 de
1916 2968 2171 3015 quocumque
2185 2953 2268 2999 cri-i

1303 3017 1432 3069 minc,
1449 3015 1513 3059 vel
1529 3014 1678 3059 delie'to
1700 3017 1872 3073 punire,
1885 3015 1955 3061 vel
1973 3017 1998 3061 a
2014 3029 2136 3073 poena
2153 3042 2168 3067 ,
2200 3014 2264 3057 seu

1301 3074 1547 3133 poenitentia
1562 3073 1733 3118 liberare
1747 3106 1763 3129 ,
1788 3086 1856 3120 aut
1871 3090 1960 3120 eam
1974 3076 2153 3120 minuere
2165 3100 2181 3126 ,
2193 3086 2266 3117 au-

1300 3148 1420 3192 gere,
1439 3133 1500 3178 vel
1518 3133 1759 3178 immutare.

1416 3196 1503 3236 Aut
1517 3195 1638 3237 etiam
1651 3192 1771 3238 alicui
1789 3194 1922 3240 Fratri
1936 3194 2072 3238 locum
2083 3218 2099 3244 ,
2130 3202 2264 3236 came-

1305 3267 1389 3297 ram
1405 3281 1420 3306 ‚
1434 3250 1577 3296 cellam
1591 3279 1606 3304 ,
1628 3251 1752 3296 libros
1765 3282 1780 3306 ,
1797 3254 1864 3299 vel
1879 3252 1978 3297 alias
1993 3264 2055 3296 res
2066 3250 2161 3295 dieti
2182 3251 2264 3293 Or-

1302 3313 1406 3356 dinis
1422 3311 1649 3355 concedere
1663 3338 1678 3363 ,
1694 3312 1757 3356 vel
1772 3311 1856 3371 ejus
1869 3310 1951 3356 usui
1977 3308 2176 3366 deputare
2189 3337 2202 3350 .

1416 3371 1502 3413 Aut
1529 3382 1810 3427 quemcunque
1835 3385 1907 3431 per
1933 3367 2128 3413 Proelatos
2155 3364 2261 3424 ejus-

1299 3429 1393 3474 dcm
1415 3427 1583 3473 Ordinis
1599 3457 1614 3482 ‚
1626 3437 1696 3473 aut
1709 3429 1810 3474 alios
1834 3430 2070 3489 deputatum
2086 3438 2261 3485 quomo-

1297 3489 1457 3533 dolibet
1471 3501 1663 3532 amovere
1673 3515 1688 3530 .

1416 3551 1504 3592 Nec
1531 3546 1655 3591 etiam
1680 3545 1732 3592 de
1750 3548 1892 3600 rebus,
1916 3557 1985 3591 sut
2008 3544 2258 3591 correctione

1297 3609 1483 3651 Fratrum
1496 3605 1590 3649 dieti
1615 3604 1806 3658 Ordinis,
1835 3606 1902 3650 nili
1919 3606 1956 3649 in
1987 3605 2137 3651 casibus
2154 3615 2256 3662 pre·

1294 3666 1414 3726 minis
1426 3664 1626 3710 contentis
1637 3664 1679 3707 in
1694 3665 2097 3722 proesataRegula‚seu
2111 3674 2254 3708 eorum

1292 3725 1430 3782 aliquo
1453 3723 1492 3768 se
1515 3723 1770 3780 aliquatenus
1811 3726 2085 3768 intromittere
2112 3719 2253 3780 quovis

267 3785 458 3822 cert-ntur
483 3777 522 3819 in
544 3776 747 3832 pluribus,
774 3794 821 3822 cx
844 3782 989 3838 quibus
1018 3784 1055 3826 in
1072 3785 1229 3830 Ordine
1291 3783 1440 3834 modo,
1457 3783 1511 3824 ita
1526 3793 1569 3828 ut
1585 3781 1713 3825 dietus
1735 3785 1854 3827 Ordo
1869 3813 1883 3835 ,
1897 3783 1963 3828 seu
1981 3785 2138 3828 Fratres
2151 3776 2255 3828 eius-

266 3840 473 3883 Minorum
492 3848 632 3894 graves
647 3842 974 3894 perturbationes
990 3871 1004 3896 ‚
1015 3845 1052 3886 δι
1069 3842 1228 3887 scanda-
1288 3843 1384 3886 dem
1398 3840 1567 3885 Ordinis
1577 3841 1619 3885 in
1635 3840 1750 3886 nullo
1774 3840 1972 3893 subeffent
1992 3842 2138 3887 futuris
2156 3843 2255 3887 Pro-

2139 3909 2200 3944 te·
