2444 4192
373 197 554 276 424

928 158 1085 245 Sal]
1149 156 1529 243 Clemente
1589 159 1692 244 X.

317 336 483 378 parens3
502 324 686 366 videlicet
705 335 751 362 ne
768 326 975 359 momento
992 317 1151 372 quidem
1168 317 1276 368 diei,
1337 327 1385 358 tae
1398 316 1573 370 potentis
1587 318 1968 369 acutae‚innumeros
1983 318 2198 363 felicifl'ime
2215 316 2301 360 sttu-

318 398 365 424 ac
378 387 502 424 noctis
518 385 680 424 Petrum
695 382 743 419 ab
756 377 944 419 oratione
963 376 1154 428 cessasse,
1179 379 1214 418 δι
1231 390 1276 417 ne
1338 379 1464 416 ciatos
1479 380 1582 418 eruit
1597 378 1647 419 de
1656 378 1848 431 potestate
1860 380 2126 429 tenebrarum,
2138 381 2171 420 &
2187 389 2298 419 tran-

316 441 478 483 somnus
511 443 639 483 oranti
666 441 907 491 obreperet,
945 435 1055 477 flexis
1079 437 1241 490 genibus
1260 463 1273 485 ,

1336 433 1443 475 stulit
1454 434 1493 475 in
1502 447 1666 490 regnum
1680 435 1767 477 Filii
1788 435 1862 477 Dei
1879 462 1891 471 ·
1908 438 2101 478 Praeterea
2119 437 2298 478 conflue-

316 514 411 542 cum
426 500 552 554 quieti
568 497 731 539 tandem
743 492 953 548 indulgere
965 497 1209 549 cogebatur,
1226 494 1276 536 ad
1337 494 1433 534 bant
1451 493 1500 534 ad
1511 495 1630 536 illum
1644 495 1826 548 privatim
1839 494 2049 536 erudiendi
2074 509 2150 537 non
2173 496 2297 537 modo

316 559 418 614 ligni
433 559 600 612 stipitem
615 556 756 610 parieti
770 551 933 595 infixum
946 566 1065 607 caput
1078 555 1272 595 admove·

314 628 379 659 ret
393 646 405 656 .
438 615 549 657 Illius
563 615 664 656 cella
679 642 693 664 ‚
707 612 847 654 eadem
870 611 1031 654 Terelia
1043 612 1142 654 teste
1161 641 1176 662 ‚
1201 625 1269 666 pe-

314 676 412 717 dum
437 685 606 728 quatuor
640 670 934 727 longitudinem
971 684 1065 713 cum
1101 670 1272 712 dimidio

314 747 392 775 non
410 731 650 784 excedeba13
673 731 853 785 adeoque
867 726 1047 783 depreffa
1074 740 1161 772 erat
1178 758 1192 780 ,
1225 738 1271 770 ut

312 791 421 833 flexis
437 793 627 844 genibus,
652 790 694 830 δι’.
717 787 1015 844 curvissemper
1028 788 1203 830 humeris
1226 787 1268 827 in

308 849 379 889 illa
395 851 541 890 haerere
554 857 768 902 cogeretur
782 875 795 888 .
829 848 904 890 Per
917 847 1183 902 quadraginta
1200 858 1267 886 an·

305 919 453 948 norum
465 906 680 949 decursum
705 904 972 961 sesquihoram
989 907 1147 948 tantum
1168 901 1268 945 som-

299 976 364 1004 no
373 963 562 1006 conceffit
581 992 598 1015 ,
622 963 814 1020 jejunium
829 963 979 1005 amavit
998 963 1128 1011 adeo,
1154 973 1197 1004 ut
1214 960 1266 1003 ad

304 1021 484 1063 triduum
508 1022 714 1066 ordinarie
737 1051 753 1075 ‚
777 1023 820 1063 δι
850 1022 901 1064 ad
929 1024 1023 1064 0510
1046 1020 1267 1076 aliquando

303 1080 388 1122 dies
404 1079 574 1124 inediam
587 1082 859 1138 protraxerit:
884 1079 1108 1134 asperrimo
1121 1090 1263 1135 praete-

302 1153 370 1181 rea
386 1139 524 1181 cilicio
534 1151 714 1183 armatus
728 1169 743 1192 ,
767 1140 925 1182 bractea
951 1136 1079 1180 ferrea
1108 1151 1180 1192 per
1207 1137 1265 1179 vi·

302 1199 405 1252 giuti
418 1212 542 1240 annos
556 1197 717 1255 prefixis
731 1198 878 1240 aculeis
890 1209 1036 1251 corpus
1048 1196 1263 1244 dilanians,

299 1257 363 1298 bis
376 1257 415 1298 in
430 1257 496 1300 dic
515 1257 687 1314 flagellis
699 1258 739 1300 in
752 1255 792 1299 se
804 1254 1070 1299 crudelissime
1082 1254 1264 1299 animad-

299 1326 467 1358 vertens
478 1345 494 1367 ‚
518 1316 663 1360 itinera
675 1314 857 1373 quamvis
872 1312 1090 1368 longiffi‘ma
1104 1342 1119 1364 ‚
1141 1324 1262 1369 atque

299 1374 508 1429 asperrima
522 1403 539 1426 ,
551 1375 686 1430 capite
699 1372 851 1427 semper
864 1371 1029 1414 detesto
1040 1398 1055 1421 ‚
1071 1371 1263 1428 nudisque

300 1432 470 1489 pedibus
483 1447 558 1489 per
573 1433 696 1481 astus,
710 1433 750 1474 &
766 1429 916 1487 frigora
927 1427 1142 1485 suscipiens
1152 1459 1167 1482 ,
1185 1431 1263 1472 ita·

300 1501 348 1533 ut
363 1504 454 1533 cum
470 1492 625 1534 nudum
642 1501 762 1546 caput
776 1488 972 1531 imbribus
983 1516 999 1540 ,
1025 1490 1066 1529 &
1091 1489 1175 1530 nivi
1189 1502 1262 1530 ex-

301 1560 472 1606 poneret
485 1577 500 1600 ‚
516 1548 721 1592 interdum
734 1546 870 1600 capilli
884 1544 976 1598 gelu
993 1545 1173 1586 concreti
1189 1545 1261 1586 de·

301 1606 482 1648 ciderent
495 1631 511 1654 ,
520 1607 561 1647 Bt
572 1605 702 1647 estate
711 1599 945 1659 praefervida
957 1625 972 1648 ‚
1000 1600 1264 1643 exurentibus

300 1663 397 1704 solis
410 1661 528 1705 radiis
550 1661 683 1716 capite
703 1655 1041 1702 vehementiffime
1064 1659 1264 1703 cruciare-

300 1734 368 1763 tur
381 1749 395 1771 ,
409 1719 651 1777 respondere
660 1718 799 1762 solitus
815 1718 1179 1772 interrogantibus,
1193 1731 1265 1760 cur

299 1780 609 1835 dete&‹›capite
623 1777 776 1833 semper
792 1775 1029 1835 incederet?
1056 1774 1166 1820 nefas
1188 1775 1264 1821 esse

301 1852 438 1881 corant
450 1838 541 1880 Deo
553 1842 660 1881 tecto
673 1838 806 1892 eapite
817 1834 1022 1878 ambulare
1035 1864 1046 1876 .
1078 1838 1185 1878 Cum
1202 1850 1266 1879 ve·

299 1895 477 1945 tullum,
502 1910 549 1938 ac
577 1894 697 1938 vilem
719 1896 876 1938 saccum
890 1893 1081 1937 abluebat
1098 1924 1113 1947 ,
1138 1894 1262 1936 madi·

297 1955 396 1998 dunt
408 1954 571 2011 corpori
586 1955 750 2009 aptabat
764 1954 886 2009 ‚quin
901 1954 1073 1995 etiamin
1087 1953 1264 2009 gelidam

296 2027 440 2069 aquam
466 2014 624 2067 rigente
647 2012 792 2066 hyeme
818 2009 896 2053 sese
916 2011 1156 2067 plerumque
1173 2011 1264 2067 inji-

294 2073 430 2116 ciebat
443 2099 456 2111 .
488 2071 639 2113 Praeter
653 2070 734 2112 boec
750 2094 765 2118 2
780 2067 978 2111 familiare
992 2066 1146 2112 illierat
1162 2071 1264 2125 hye-

293 2145 359 2173 me
372 2128 522 2172 summa
540 2154 557 2178 ‚
586 2138 758 2186 urgente
773 2126 874 2170 nivis
888 2126 1038 2184 frigore
1049 2154 1063 2178 ,
1079 2128 1261 2184 depofito

293 2189 418 2246 pallio
432 2186 644 2230 fenestram
657 2217 671 2239 ‚
697 2188 738 2229 δι
764 2185 919 2242 januam
931 2187 1045 2231 cellae
1058 2186 1232 2232 reserare
1244 2216 1261 2239 ,

292 2260 339 2292 ut
355 2245 608 2304 frigidiffimo
623 2255 799 2302 excepto
814 2244 908 2290 aere
922 2273 937 2297 ,
961 2248 999 2288 8(
1021 2246 1113 2302 gelu
1128 2246 1259 2291 acrius

292 2317 559 2364 torqueretur
582 2320 680 2350 caro
695 2318 793 2347 mox
808 2304 1020 2348 eximenda
1045 2305 1142 2348 diris
1167 2318 1258 2348 cru·

291 2366 598 2418 ciatibut‚cum
613 2362 823 2408 fenestram
836 2392 851 2416 ,
872 2365 912 2406 δι
930 2362 1261 2420 januamclaufis·

291 2425 375 2478 set3
397 2429 449 2469 co
467 2423 632 2468 devenit
649 2425 722 2467 hac
739 2422 834 2465 (ενι
849 2424 1119 2466 maceratione
1135 2436 1260 2466 mern·

290 2486 455 2527 brorum
474 2512 490 2536 ‚
515 2496 559 2527 ut
585 2497 637 2528 ex
661 2481 894 2526 narratione
915 2481 1065 2525 Sancte
1093 2482 1261 2527 Terefiae

287 2542 406 2587 arido
423 2542 645 2599 &exangui
668 2554 843 2597 corpore
857 2569 872 2594 ,
899 2541 1078 2585 radicum
1106 2538 1260 2584 arboris

293 2599 468 2656 speciem
482 2601 707 2644 exhibuerit
718 2612 734 2643 a
744 2597 872 2643 oculis
888 2610 1025 2643 autem
1043 2600 1082 2641 in
1097 2611 1260 2642 caveam

294 2657 576 2702 recedentibut
587 2687 602 2711 ‚
613 2660 654 2701 δι
672 2657 834 2702 sulcatis
848 2667 1045 2712 perpetuo
1060 2657 1261 2712 lacryma-

294 2729 386 2760 rum
400 2715 526 2759 imbre
539 2715 666 2772 genis,
678 2713 863 2758 mirabile
877 2714 1128 2769 poenitentia:
1147 2714 1259 2757 fimu-

294 2775 448 2819 lacrum
465 2774 697 2818 videretur.
728 2774 789 2816 Ex
814 2772 885 2816 bac
908 2773 1052 2817 eximia
1067 2773 1153 2816 vitae
1172 2772 1262 2816 san·

296 2836 434 2877 clitatc
458 2834 562 2877 viret
583 2833 707 2875 bautit
735 2828 787 2874 ad
814 2832 975 2887 egregia
988 2832 1135 2888 quoevit
1163 2845 1261 2888 ρη-

298 2891 434 2935 nanda
448 2891 487 2933 in
503 2892 698 2934 honorem
713 2887 961 2938 divinitatis,
978 2903 1106 2948 eaque
1123 2888 1263 2947 prodi·

299 2948 411 3006 gioso
433 2961 591 2991 morum
618 2946 778 2992 suorum
802 2948 992 3005 exemplo
1016 2946 1091 2993 affe
1123 2949 1160 2991 ui
1191 2962 1262 3005 po-

298 3010 409 3051 tuit.
443 3006 593 3052 Latere
622 3007 693 3051 ille
718 3004 882 3064 quidem
911 3008 1084 3065 preoptft
1116 3017 1154 3053 et
1183 3036 1198 3060 ,
1223 3007 1262 3049 δι

300 3078 509 3126 paternam
536 3067 670 3110 Sana}
690 3063 890 3110 francisci
908 3066 1180 3112 bumilitatem
1205 3062 1263 3107 sc·

296 3137 411 3171 cutus
426 3138 471 3169 re
499 3123 562 3168 ale
579 3124 859 3169 Sacerdotium
885 3124 1130 3172 sormidlffet
1156 3124 1263 3169 acci·

298 3200 411 3253 pere,
424 3184 464 3228 ni
503 3182 551 3226 ad
565 3182 668 3227 illud
686 3181 977 3240 sustipiendurn
996 3186 1260 3242 superiorum

298 3243 471 3298 imperio
480 3245 637 3288 conetur
651 3238 779 3287 suisset
793 3270 806 3284 .
839 3243 980 3299 ltaque
1008 3257 1090 3289 non
1106 3242 1260 3289 sument

299 3302 367 3345 sibi
385 3303 606 3356 honorem,
626 3300 689 3347 std
704 3310 870 3346 vocatus
893 3301 914 3343 a
933 3303 1049 3353 Deo,
1072 3313 1259 3359 tanquam

297 3362 619 3410 AaromSacruttt
629 3359 814 3420 quotidie
832 3360 1046 3417 peragebat
1068 3370 1150 3405 tam
1163 3361 1259 3406 ubc·

297 3432 364 3461 ret
385 3421 422 3461 in
437 3419 553 3465 fletus
568 3418 710 3466 effuso·
723 3447 740 3474 ,
764 3429 809 3464 ut
835 3416 966 3462 exitui
980 3433 1173 3475 aquarum
1188 3418 1258 3463 dc·

296 3477 488 3522 ducentes
503 3480 612 3524 oculi
623 3478 709 3540 ejus
723 3505 738 3532 ,
762 3476 997 3522 videremur
1012 3477 1100 3523 sont
1114 3479 1256 3523 horto-

297 3549 415 3586 rum,
438 3539 475 3579 ae
501 3549 646 3594 putent
667 3550 860 3595 aquarum
882 3535 1111 3583 viventium
1132 3563 1147 3588 2
1172 3549 1256 3595 quae

295 3595 424 3639 fluunt
450 3597 600 3652 impetu
627 3596 679 3641 de
693 3596 876 3642 Libano.
903 3593 1033 3654 Juiru·
1056 3597 1176 3641 ctiam
1201 3593 1258 3640 est

292 3653 516 3712 suggestum
527 3653 744 3700 ascendere
756 3682 771 3706 ‚
781 3670 828 3699 ac
843 3655 956 3700 verbi
969 3654 1011 3699 di
1017 3655 1097 3699 vini
1113 3667 1255 3713 panem

292 3725 343 3757 ea
361 3724 544 3770 tenpore
573 3715 729 3779 populi·
752 3713 1016 3759 esurientibus·
1042 3713 1130 3758 (ιη-ιο
1186 3725 1253 3758 ωε

1331 550 1454 593 infimi
1481 552 1522 593 δι
1553 553 1769 608 populares
1786 581 1800 603 ,
1825 549 1890 592 sed
1917 552 2038 593 etiam
2066 553 2221 596 nobiles
2248 566 2294 595 ac

1330 610 1526 666 principes
1542 613 1630 652 Viri
1648 637 1663 659 a
1677 625 1776 664 quos
1794 610 1890 650 mira
1906 608 2093 653 suavitate
2105 611 2145 652 δι
2159 611 2296 654 effica-

1331 670 1394 710 cia
1409 669 1625 712 verborum
1648 669 1699 710 ad
1717 669 1923 711 salutarem
1937 669 2221 724 poenitentiam
2235 671 2296 711 in-

1332 728 1512 769 vitabat.
1547 725 1788 769 Confeffarii
1801 737 1933 768 tamen
1945 740 2087 768 munus
2099 727 2204 782 apud
2217 730 2296 770 Ca-

1328 785 1461 827 rolum
1483 785 1745 828 V.Caesarem
1759 785 1979 828 declinavit
1995 811 2010 835 2
2029 794 2168 842 captus
2184 799 2299 827 amo-

1326 858 1370 886 re
1387 842 1614 885 solitudinis
1628 845 1667 886 &
1680 843 1920 886 derniffionis
1933 870 1947 893 ,
1962 858 2007 887 ac
2020 854 2131 887 metu
2148 843 2293 887 discri-

1328 903 1478 943 minum
1501 902 1613 944 Aulae
1643 903 1787 959 regalis
1803 931 1815 942 .
1847 902 1981 944 vPlura
2008 902 2212 946 Coenobia
2238 901 2295 943 sui

1325 959 1496 1002 Ordinis
1510 960 1739 1003 sanstiffime
1752 961 1990 1016 temperavit
2003 989 2017 1013 ‚
2033 961 2228 1005 videlicet
2245 960 2298 1003 il-

1325 1017 1395 1060 lud
1419 1018 1550 1059 Sanni
1583 1019 1808 1074 Honuphrii
1849 1018 1888 1060 in
1920 1020 2128 1062 Provincia
2163 1017 2294 1062 Sanni

1324 1075 1526 1120 Gabrielis
1542 1105 1555 1128 ,
1571 1077 1702 1119 Sanni
1715 1075 1928 1120 Michaelis
1945 1076 2154 1121 Placentiae
2167 1103 2182 1127 ‚
2195 1076 2294 1126 alia-

1324 1148 1402 1191 que
1425 1163 1438 1175 .
1478 1136 1653 1179 Subinde
1678 1136 1899 1179 Provinciae
1925 1135 2125 1179 Definitor
2147 1137 2188 1178 δι
2213 1138 2296 1178 Cu·-

1326 1195 1402 1237 stos
1418 1221 1432 1244 ‚
1445 1208 1490 1236 ac
1503 1192 1651 1237 deinde
1666 1197 1846 1238 omniurn
1867 1194 2057 1252 suffragiis
2073 1194 2113 1238 in
2129 1195 2295 1238 Provin-

1323 1252 1470 1295 cialem
1494 1251 1641 1295 electus
1665 1254 1719 1296 est
1746 1253 1969 1296 Provinciae
1982 1253 2293 1298 sanetiGabrie-

1323 1311 1373 1353 lis
1392 1339 1406 1361 ‚
1418 1309 1533 1364 cujus
1547 1310 1729 1365 regimini
1741 1311 1879 1356 sedulo
1894 1313 2145 1364 incumbens,
2157 1325 2291 1355 exem-

1323 1369 1400 1425 plis
1435 1370 1476 1410 ἃ
1501 1371 1635 1412 verbis
1660 1369 1848 1425 quasdam
1871 1370 2003 1413 edidit
2017 1371 2295 1415 Constitutio-

1324 1442 1390 1470 nes
1406 1455 1421 1478 ,
1441 1428 1585 1482 quibus
1601 1427 1804 1470 strictioris
1818 1429 2092 1471 Observantiae
2116 1430 2226 1470 nitor
2249 1429 2290 1470 in

1324 1499 1370 1525 ea
1388 1486 1600 1526 refloreret
1616 1513 1628 1525 .
1660 1487 1707 1526 ln
1728 1485 1966 1527 Lufitaniam
1982 1500 2142 1541 quoque
2158 1499 2294 1541 perre-

1325 1542 1387 1582 xit
1401 1550 1475 1590 ,ut
1492 1542 1722 1583 nascentem
1739 1541 2013 1585 Arabidorum
2032 1545 2292 1587 Provinciam

1326 1597 1484 1654 juvaret
1500 1599 1539 1640 δι
1552 1609 1815 1654 promoveret
1831 1628 1844 1641 .
1874 1604 1981 1644 Cum
1996 1612 2131 1655 autem
2146 1602 2293 1646 aristio-

1326 1669 1413 1699 rem
1427 1658 1452 1699 s
1444 1657 1484 1700 ui
1493 1657 1659 1701 Ordinis
1671 1655 1922 1715 disciplinam
1939 1659 2075 1715 vigere
2087 1660 2291 1704 defidera·

1324 1726 1409 1766 ret,
1419 1717 1460 1758 &
1474 1715 1632 1773 longius
1652 1717 1844 1766 extendi,
1858 1717 2044 1775 superatis
2056 1719 2289 1776 graviffimis

1324 1772 1631 1819 difficultatibus
1643 1805 1658 1826 ,
1675 1773 1814 1819 divino
1832 1779 2008 1820 munitus
2025 1777 2204 1833 praefidio
2223 1805 2237 1832 ,
2249 1779 2290 1821 δι

1325 1838 1361 1877 A
1367 1831 1561 1890 postolica
1576 1834 1705 1877 fretus
1717 1836 1973 1888 auctoritate,
1987 1838 2160 1892 primum
2175 1850 2290 1880 novae

1326 1890 1643 1937 Reformationis
1655 1894 1905 1937 Coenobium
1928 1894 2235 1951 angustiffimum
2249 1896 2291 1937 Bt

1325 1953 1628 2007 pauperrimum
1643 1977 1658 2000 ,
1672 1950 1738 1993 sub
1754 1952 2026 1996 lm'maculatae
2039 1953 2290 2011 Conceptio-

1325 2011 1384 2052 nis
1399 2010 1539 2061 titulo,
1551 2024 1679 2066 prope
1696 2009 1931 2064 Pedrosum,
1947 2011 2177 2056 Caurienfis
2191 2012 2291 2070 Dig-

1321 2069 1419 2110 celis
1435 2068 1474 2110 in
1490 2069 1678 2120 Baeturia,
1695 2068 1819 2125 vulgo
1839 2071 2147 2124 Extremadura,
2161 2074 2289 2128 Oppi-

1320 2128 1419 2170 dum
1429 2127 1677 2180 construxit3
1703 2129 1770 2171 ubi
1782 2142 1874 2172 cum
1891 2130 2027 2187 paucis
2040 2130 2156 2173 sociis
2173 2134 2287 2187 Apo-

1320 2185 1500 2230 stolicam
1525 2187 1577 2229 sui
1596 2187 1722 2230 Patris
1738 2188 1934 2232 Francisci
1963 2189 2089 2234 vitam
2109 2201 2291 2243 renova-2

1321 2246 1404 2288 vit.
1437 2246 1544 2288 Hinc
1569 2244 1591 2287 a
1616 2245 1744 2288 Paulo
1758 2247 1831 2288 tv.
1859 2247 2022 2290 Summo
2045 2246 2287 2293 pontifice,

1319 2301 1500 2358 ejusdem
1510 2303 1734 2349 Clementis
1750 2333 1764 2356 ,
1790 2317 1836 2348 ac
1849 2306 1983 2350 nostro
1997 2304 2287 2351 Praedeceffore

1321 2360 1621 2406 Commiffarius
1638 2362 1856 2407 Generalis
1884 2377 1998 2407 nove
2012 2362 2289 2410 Reformatio·

1320 2421 1382 2464 nis
1409 2420 1608 2465 institutus
1628 2448 1643 2471 ,
1667 2421 1770 2466 alios
1794 2421 2006 2466 edificavit
2021 2427 2287 2477 conventum

1321 2496 2267 2599 ω,

1711 2566 1726 2591 ,
2269 2566 2289 2577 -

1323 2596 1392 2652 phi
1417 2594 1599 2639 fundavit
1614 2622 1626 2635 ·
1655 2598 1755 2640 Mox
1779 2597 1988 2641 destinatis
2001 2598 2050 2641 ad
2066 2597 2125 2642 Re
2155 2613 2290 2646 nunu

1322 2653 1520 2697 Valentire
1546 2652 1655 2698 sociis
1676 2682 1692 2707 ‚
1715 2656 1940 2700 Provincia
1968 2613 2287 2715 sannifoannis

1324 2710 1505 2768 Baptistoe
1521 2712 1818 2758 fundamentum
1832 2713 1926 2770 jecit
1941 2741 1956 2759 .
1990 2719 2053 2760 Ac
2082 2715 2287 2760 tandem-a

1323 2770 1426 2814 illud
1441 2769 1714 2815 striaiffimum
1729 2773 1820 2815 vite
1835 2785 1959 2829 genus
1986 2772 2026 2815 in
2054 2773 2181 2818 varias
2196 2772 2289 2820 nis-

1325 2830 1446 2886 paniae
1475 2831 1707 2874 Provincias
1734 2829 1785 2873 nd
1811 2830 1946 2875 Indiat
1975 2832 2016 2875 Bt
2044 2833 2286 2890 Japponium

1323 2887 1444 2945 usque
1461 2885 1634 2932 feliciter
1648 2889 1863 2933 dilatatum
1876 2889 1950 2940 est,
1965 2889 2033 2934 ubi
2047 2904 2095 2935 ex
2113 2891 2192 2948 iplit
2206 2893 2287 2936 Re·

1323 2944 1570 2992 formatione
1592 2947 1710 2992 multi
1734 2947 1929 3005 martyrio
1951 2950 2142 3002 coronati
2164 2949 2286 3004 sunt.

1322 3007 1506 3050 Sanctam
1520 3019 1681 3064 quoque
1697 3006 1908 3064 virginem
1926 3006 2126 3053 Tere-fiam
2148 3008 2194 3053 in
2209 3008 2286 3056 ssa-

1321 3064 1500 3110 bilienda
1511 3065 1829 3111 carmelitarum
1844 3064 2156 3113 Reformatione
2169 3067 2286 3118 inde*-

1323 3121 1441 3169 seffus
1465 3122 1650 3180 adiuvit,
1676 3127 1732 3169 ita
1745 3134 1788 3168 ut
1811 3123 1976 3182 ipsamet
1995 3125 2286 3181 testante..re·

1321 3183 1449 3228 centis
1465 3181 1571 3228 illius
1585 3182 1816 3241 propaginit
1831 3182 1877 3229 stt
1889 3185 2108 3244 precipuus
2118 3193 2285 3243 promo-

1323 3241 1683 3287 torcxiflimandut
1698 3269 1710 3284 .
1743 3244 1798 3287 Et
1827 3256 1969 3291 revera
1988 3244 2135 3289 multat
2151 3256 2225 3299 pro
2240 3256 2284 3287 re

1320 3312 1432 3345 tanta
1456 3301 1800 3358 peregrinationet
1825 3300 1990 3359 sustepit
2014 3329 2030 3355 ,
2054 3302 2093 3347 δι
2121 3300 2281 3347 labores

1319 3360 1414 3405 tulit
1429 3388 1443 3401 .
1476 3360 1564 3404 imo
1593 3361 1633 3404 aa
1647 3358 1800 3405 absenti
1811 3372 1933 3417 opem
1945 3361 1982 3404 δι
1995 3358 2205 3404 confilium
2222 3362 2282 3405 la·

1318 3431 1431 3463 turut
1444 3416 1660 3477 aliquando
1674 3416 1915 3465 miraculose
1927 3419 2109 3476 apparuit
2122 3446 2132 3460 .
2191 3422 2283 3465 uam

1318 3489 1479 3535 gratum
1510 3477 1813 3523 accideritDeo
1837 3475 2005 3539 studium
2030 3477 2107 3522 hoc
2131 3477 2195 3522 Ob
2213 3493 2284 3523 er-

1320 3537 1457 3581 vantioe
1477 3536 1763 3591 strietiorit,&
1803 3545 1928 3581 uento
1944 3537 2080 3581 baberi
2099 3537 2224 3584 vellet
2241 3538 2282 3583 in

1319 3597 1450 3652 pretio
1464 3595 1721 3652 seraphicum
1734 3606 1781 3639 ae
1800 3608 1866 3639 um
1883 3594 1996 3651 hujut
2014 3595 2100 3640 Viri
2119 3622 2134 3648 ,
2165 3598 2279 3646 Dent

1317 3656 1328 3698 i
1333 3655 1397 3711 pse
1413 3654 1607 3712 prodigiit
1619 3653 1847 3722 ingentibut
1860 3655 2145 3713 comprobavit
2159 3684 2175 3709 ,
2187 3668 2280 3700 cunt

1314 3729 1394 3758 non
1409 3713 1533 3759 solunt
1549 3710 1805 3770 rapidtfflntat
1824 3715 1879 3756 Ta
1885 3714 1924 3769 gi
1941 3742 1954 3764 ‚
1967 3715 2005 3758 ει
2021 3713 2190 3760 alteriut
2205 3713 2280 3758 flu-

291 3769 713 3831 cinq-edentem·
728 3772 1114 3831 erumperentquali
1147 3772 1254 3830 agit-
1312 3772 1426 3818 minis
1451 3783 1571 3829 aquat
1599 3768 1710 3816 ticcio
1748 3769 1827 3829 ipsc
1853 3772 2022 3830 pedibu·
2059 3771 2277 3831 aliquando

2115 3841 2226 3876 tran·
