<?xml version="1.0" encoding="UTF-8"?>
<!DOCTYPE html PUBLIC "-//W3C//DTD XHTML 1.0 Transitional//EN"
    "http://www.w3.org/TR/xhtml1/DTD/xhtml1-transitional.dtd">
<html xmlns="http://www.w3.org/1999/xhtml" xml:lang="en" lang="en">
 <head>
  <title>
</title>
<meta http-equiv="Content-Type" content="text/html;charset=utf-8" />
  <meta name='ocr-system' content='tesseract 3.04.00' />
  <meta name='ocr-capabilities' content='ocr_page ocr_carea ocr_par ocr_line ocrx_word'/>
</head>
<body>
  <div class='ocr_page' id='page_1' title='image "./bullariumordinis06cath_0077.png"; bbox 0 0 2444 4192; ppageno 0'>
   <div class='ocr_carea' id='block_1_1' title="bbox 194 177 2177 434">
    <p class='ocr_par' dir='ltr' id='par_1_1' title="bbox 194 177 2177 434">
     <span class='ocr_line' id='line_1_1' title="bbox 194 177 2177 434; baseline 0.002 -17"><span class='ocrx_word' id='word_1_1' title='bbox 194 292 1398 434; x_wconf 59' lang='lat' dir='ltr'>,VICEDOMINUS</span> <span class='ocrx_word' id='word_1_2' title='bbox 1459 177 2177 423; x_wconf 53' lang='lat' dir='ltr'>ELECTffs</span> 
     </span>
    </p>
   </div>
   <div class='ocr_carea' id='block_1_2' title="bbox 156 479 2217 1055">
    <p class='ocr_par' dir='ltr' id='par_1_2' title="bbox 193 479 2217 767">
     <span class='ocr_line' id='line_1_2' title="bbox 193 479 2216 549; baseline -0.01 -10"><span class='ocrx_word' id='word_1_3' title='bbox 193 490 461 544; x_wconf 75' lang='lat' dir='ltr'><em>,Placentinus</em></span> <span class='ocrx_word' id='word_1_4' title='bbox 478 523 494 547; x_wconf 93' lang='lat'><strong><em>,</em></strong></span> <span class='ocrx_word' id='word_1_5' title='bbox 526 507 581 536; x_wconf 87' lang='lat' dir='ltr'><em>ex</em></span> <span class='ocrx_word' id='word_1_6' title='bbox 618 483 973 536; x_wconf 81' lang='lat' dir='ltr'><em>Vicedotninorum</em></span> <span class='ocrx_word' id='word_1_7' title='bbox 1004 482 1148 548; x_wconf 87' lang='lat' dir='ltr'><em>Stirpe</em></span> <span class='ocrx_word' id='word_1_8' title='bbox 1171 517 1187 539; x_wconf 92' lang='lat'><strong>,</strong></span> <span class='ocrx_word' id='word_1_9' title='bbox 1230 481 1428 549; x_wconf 83' lang='lat' dir='ltr'><em>Gregorii</em></span> <span class='ocrx_word' id='word_1_10' title='bbox 1464 479 1535 533; x_wconf 86' lang='lat' dir='ltr'><em>X.</em></span> <span class='ocrx_word' id='word_1_11' title='bbox 1572 501 1628 531; x_wconf 79' lang='lat' dir='ltr'><em>ex</em></span> <span class='ocrx_word' id='word_1_12' title='bbox 1660 482 1807 532; x_wconf 76' lang='lat' dir='ltr'><em>sorore</em></span> <span class='ocrx_word' id='word_1_13' title='bbox 1836 481 1980 548; x_wconf 66' lang='lat' dir='ltr'><em>Nep„</em></span> <span class='ocrx_word' id='word_1_14' title='bbox 1999 520 2015 542; x_wconf 74' lang='lat'>‚</span> <span class='ocrx_word' id='word_1_15' title='bbox 2046 506 2100 535; x_wconf 62' lang='lat' dir='ltr'><em>ex</em></span> <span class='ocrx_word' id='word_1_16' title='bbox 2130 492 2216 539; x_wconf 60' lang='lat' dir='ltr'><em>Ar,</em></span> 
     </span>
     <span class='ocr_line' id='line_1_3' title="bbox 260 549 2217 627; baseline -0.006 -16"><span class='ocrx_word' id='word_1_17' title='bbox 260 560 515 627; x_wconf 87' lang='lat' dir='ltr'><em>chiepiscopo</em></span> <span class='ocrx_word' id='word_1_18' title='bbox 545 553 733 626; x_wconf 72' lang='lat' dir='ltr'><em>Aquenfi&#39;</em></span> <span class='ocrx_word' id='word_1_19' title='bbox 762 552 1003 601; x_wconf 82' lang='lat' dir='ltr'><em>Cardinalts</em></span> <span class='ocrx_word' id='word_1_20' title='bbox 1041 556 1098 602; x_wconf 68' lang='lat'><em>(9⁶</em></span> <span class='ocrx_word' id='word_1_21' title='bbox 1142 553 1364 619; x_wconf 83' lang='lat' dir='ltr'><em>Episcopus</em></span> <span class='ocrx_word' id='word_1_22' title='bbox 1398 549 1673 606; x_wconf 69' lang='lat' dir='ltr'><em>Praenefflnus</em></span> <span class='ocrx_word' id='word_1_23' title='bbox 1689 588 1705 611; x_wconf 90' lang='lat'><strong>,</strong></span> <span class='ocrx_word' id='word_1_24' title='bbox 1743 552 1926 604; x_wconf 83' lang='lat' dir='ltr'><em>Viterbii</em></span> <span class='ocrx_word' id='word_1_25' title='bbox 1960 572 2005 616; x_wconf 92' lang='lat'><em>5.</em></span> <span class='ocrx_word' id='word_1_26' title='bbox 2040 559 2217 622; x_wconf 72' lang='lat' dir='ltr'><em>Septem.</em></span> 
     </span>
     <span class='ocr_line' id='line_1_4' title="bbox 258 623 2216 694; baseline -0.002 -13"><span class='ocrx_word' id='word_1_27' title='bbox 258 632 351 681; x_wconf 84' lang='lat' dir='ltr'><em>bris</em></span> <span class='ocrx_word' id='word_1_28' title='bbox 390 639 537 689; x_wconf 81' lang='lat'><em>1276.</em></span> <span class='ocrx_word' id='word_1_29' title='bbox 567 627 715 680; x_wconf 75' lang='lat' dir='ltr'><em>eleHus</em></span> <span class='ocrx_word' id='word_1_30' title='bbox 733 661 749 684; x_wconf 91' lang='lat'><strong><em>,</em></strong></span> <span class='ocrx_word' id='word_1_31' title='bbox 780 626 835 674; x_wconf 68' lang='lat'><em>(5</em></span> <span class='ocrx_word' id='word_1_32' title='bbox 862 624 997 674; x_wconf 86' lang='lat' dir='ltr'><em>eodem</em></span> <span class='ocrx_word' id='word_1_33' title='bbox 1026 623 1251 691; x_wconf 75' lang='lat' dir='ltr'><em>‘velfixto</em></span> <span class='ocrx_word' id='word_1_34' title='bbox 1283 623 1538 690; x_wconf 82' lang='lat' dir='ltr'><em>Septembris</em></span> <span class='ocrx_word' id='word_1_35' title='bbox 1565 642 1754 676; x_wconf 79' lang='lat' dir='ltr'><em>mortuus</em></span> <span class='ocrx_word' id='word_1_36' title='bbox 1779 625 1833 694; x_wconf 83' lang='lat' dir='ltr'><em>est</em></span> <span class='ocrx_word' id='word_1_37' title='bbox 1852 659 1868 683; x_wconf 89' lang='lat'><strong>,</strong></span> <span class='ocrx_word' id='word_1_38' title='bbox 1906 624 2086 693; x_wconf 64' lang='lat' dir='ltr'><em>Ecclefie‘i</em></span> <span class='ocrx_word' id='word_1_39' title='bbox 2113 629 2216 689; x_wconf 75' lang='lat' dir='ltr'><em>Fra-v</em></span> 
     </span>
     <span class='ocr_line' id='line_1_5' title="bbox 258 694 2213 767; baseline -0.01 -15"><span class='ocrx_word' id='word_1_40' title='bbox 258 718 375 754; x_wconf 85' lang='lat' dir='ltr'><em>trum</em></span> <span class='ocrx_word' id='word_1_41' title='bbox 404 700 629 752; x_wconf 88' lang='lat' dir='ltr'><em>Minorum</em></span> <span class='ocrx_word' id='word_1_42' title='bbox 645 734 662 758; x_wconf 90' lang='lat'><strong>,</strong></span> <span class='ocrx_word' id='word_1_43' title='bbox 688 716 744 747; x_wconf 84' lang='lat' dir='ltr'><em>ex</em></span> <span class='ocrx_word' id='word_1_44' title='bbox 767 713 936 766; x_wconf 86' lang='lat' dir='ltr'><em>quorum</em></span> <span class='ocrx_word' id='word_1_45' title='bbox 965 695 1127 743; x_wconf 87' lang='lat' dir='ltr'><em>Ordine</em></span> <span class='ocrx_word' id='word_1_46' title='bbox 1158 702 1212 745; x_wconf 76' lang='lat'><em>&amp;</em></span> <span class='ocrx_word' id='word_1_47' title='bbox 1242 696 1319 743; x_wconf 89' lang='lat' dir='ltr'><em>ille</em></span> <span class='ocrx_word' id='word_1_48' title='bbox 1337 694 1474 765; x_wconf 73' lang='lat' dir='ltr'><em>fieffl</em></span> <span class='ocrx_word' id='word_1_49' title='bbox 1497 698 1772 767; x_wconf 58' lang='lat' dir='ltr'><em>praetgndjtur</em></span> <span class='ocrx_word' id='word_1_50' title='bbox 1792 731 1807 753; x_wconf 87' lang='lat'>‚</span> <span class='ocrx_word' id='word_1_51' title='bbox 1833 699 2036 745; x_wconf 65' lang='lat' dir='ltr'><em>tumulum</em></span> <span class='ocrx_word' id='word_1_52' title='bbox 2065 699 2213 751; x_wconf 56' lang='lat' dir='ltr'><em>dame·</em></span> 
     </span>
    </p>

    <p class='ocr_par' dir='ltr' id='par_1_3' title="bbox 156 766 2213 843">
     <span class='ocr_line' id='line_1_6' title="bbox 156 766 2213 843; baseline -0.007 -21"><span class='ocrx_word' id='word_1_53' title='bbox 156 815 163 822; x_wconf 93' lang='lat'><em>.</em></span> <span class='ocrx_word' id='word_1_54' title='bbox 187 769 246 823; x_wconf 81' lang='lat' dir='ltr'><em>In</em></span> <span class='ocrx_word' id='word_1_55' title='bbox 261 774 378 843; x_wconf 69' lang='lat' dir='ltr'><em>sbrie</em></span> <span class='ocrx_word' id='word_1_56' title='bbox 411 772 665 823; x_wconf 76' lang='lat' dir='ltr'><em>Summarum</em></span> <span class='ocrx_word' id='word_1_57' title='bbox 698 767 946 835; x_wconf 83' lang='lat' dir='ltr'><em>Pontificum</em></span> <span class='ocrx_word' id='word_1_58' title='bbox 980 768 1222 836; x_wconf 86' lang='lat' dir='ltr'><em>plerumque</em></span> <span class='ocrx_word' id='word_1_59' title='bbox 1254 773 1469 816; x_wconf 79' lang='lat' dir='ltr'><em>omittitur</em></span> <span class='ocrx_word' id='word_1_60' title='bbox 1494 805 1510 827; x_wconf 92' lang='lat'><strong>,</strong></span> <span class='ocrx_word' id='word_1_61' title='bbox 1545 788 1634 821; x_wconf 72' lang='lat' dir='ltr'><em>cum</em></span> <span class='ocrx_word' id='word_1_62' title='bbox 1669 766 1830 835; x_wconf 74' lang='lat' dir='ltr'><em>nonnifi</em></span> <span class='ocrx_word' id='word_1_63' title='bbox 1852 770 1975 815; x_wconf 79' lang='lat' dir='ltr'><em>unius</em></span> <span class='ocrx_word' id='word_1_64' title='bbox 2005 768 2093 816; x_wconf 77' lang='lat' dir='ltr'><em>dm·</em></span> <span class='ocrx_word' id='word_1_65' title='bbox 2109 768 2213 836; x_wconf 52' lang='grc' dir='ltr'><em>ᾖς.</em></span> 
     </span>
    </p>

    <p class='ocr_par' dir='ltr' id='par_1_4' title="bbox 259 837 2213 915">
     <span class='ocr_line' id='line_1_7' title="bbox 259 837 2212 915; baseline -0.008 -20"><span class='ocrx_word' id='word_1_66' title='bbox 259 850 323 895; x_wconf 84' lang='lat' dir='ltr'><em>rit</em></span> <span class='ocrx_word' id='word_1_67' title='bbox 362 842 565 915; x_wconf 75' lang='lat' dir='ltr'><em>Pontiftx</em></span> <span class='ocrx_word' id='word_1_68' title='bbox 582 877 599 901; x_wconf 85' lang='lat'><strong>,</strong></span> <span class='ocrx_word' id='word_1_69' title='bbox 627 841 711 893; x_wconf 81' lang='lat' dir='ltr'><em>vel</em></span> <span class='ocrx_word' id='word_1_70' title='bbox 738 838 929 889; x_wconf 83' lang='lat' dir='ltr'><em>nonnulli</em></span> <span class='ocrx_word' id='word_1_71' title='bbox 957 837 1008 887; x_wconf 89' lang='lat' dir='ltr'><em>de</em></span> <span class='ocrx_word' id='word_1_72' title='bbox 1039 840 1242 903; x_wconf 85' lang='lat' dir='ltr'><em>completa</em></span> <span class='ocrx_word' id='word_1_73' title='bbox 1273 838 1393 886; x_wconf 82' lang='lat' dir='ltr'><em>illius</em></span> <span class='ocrx_word' id='word_1_74' title='bbox 1422 840 1617 891; x_wconf 69' lang='lat' dir='ltr'><em>eleHione</em></span> <span class='ocrx_word' id='word_1_75' title='bbox 1644 842 1858 891; x_wconf 56' lang='lat' dir='ltr'><em>haereant:</em></span> <span class='ocrx_word' id='word_1_76' title='bbox 1887 837 1989 904; x_wconf 80' lang='lat' dir='ltr'><em>fime</em></span> <span class='ocrx_word' id='word_1_77' title='bbox 2005 875 2022 897; x_wconf 80' lang='lat'><em>‚</em></span> <span class='ocrx_word' id='word_1_78' title='bbox 2057 845 2130 908; x_wconf 73' lang='lat' dir='ltr'><em>qm·</em></span> <span class='ocrx_word' id='word_1_79' title='bbox 2158 841 2212 890; x_wconf 70' lang='lat'><em>(2-</em></span> 
     </span>
    </p>

    <p class='ocr_par' dir='ltr' id='par_1_5' title="bbox 257 908 2214 984">
     <span class='ocr_line' id='line_1_8' title="bbox 257 908 2214 984; baseline -0.008 -18"><span class='ocrx_word' id='word_1_80' title='bbox 257 916 380 966; x_wconf 79' lang='lat' dir='ltr'><em>illum</em></span> <span class='ocrx_word' id='word_1_81' title='bbox 416 916 468 965; x_wconf 91' lang='lat' dir='ltr'><em>de</em></span> <span class='ocrx_word' id='word_1_82' title='bbox 505 912 666 964; x_wconf 82' lang='lat' dir='ltr'><em>Ordine</em></span> <span class='ocrx_word' id='word_1_83' title='bbox 697 909 918 962; x_wconf 83' lang='lat' dir='ltr'><em>Minorum</em></span> <span class='ocrx_word' id='word_1_84' title='bbox 943 908 1078 978; x_wconf 72' lang='lat' dir='ltr'><em>fieeffb</em></span> <span class='ocrx_word' id='word_1_85' title='bbox 1115 909 1311 958; x_wconf 82' lang='lat' dir='ltr'><em>dubitant</em></span> <span class='ocrx_word' id='word_1_86' title='bbox 1327 946 1342 959; x_wconf 87' lang='lat'><strong>.</strong></span> <span class='ocrx_word' id='word_1_87' title='bbox 1383 909 1623 984; x_wconf 81' lang='lat' dir='ltr'><em>Utrumque</em></span> <span class='ocrx_word' id='word_1_88' title='bbox 1653 911 1895 978; x_wconf 71' lang='lat' dir='ltr'><em>confirmare</em></span> <span class='ocrx_word' id='word_1_89' title='bbox 1923 910 2103 961; x_wconf 79' lang='lat' dir='ltr'><em>videtur</em></span> <span class='ocrx_word' id='word_1_90' title='bbox 2128 915 2214 979; x_wconf 72' lang='lat' dir='ltr'><em>epi.</em></span> 
     </span>
    </p>

    <p class='ocr_par' dir='ltr' id='par_1_6' title="bbox 259 980 1313 1055">
     <span class='ocr_line' id='line_1_9' title="bbox 259 980 1313 1055; baseline -0.007 -20"><span class='ocrx_word' id='word_1_91' title='bbox 259 988 454 1055; x_wconf 78' lang='lat' dir='ltr'><em>taphium</em></span> <span class='ocrx_word' id='word_1_92' title='bbox 479 984 734 1054; x_wconf 66' lang='lat' dir='ltr'><em>Mausolaeo</em></span> <span class='ocrx_word' id='word_1_93' title='bbox 764 980 981 1054; x_wconf 63' lang='lat' dir='ltr'><em>‘Defienili</em></span> <span class='ocrx_word' id='word_1_94' title='bbox 1010 986 1077 1031; x_wconf 86' lang='lat' dir='ltr'><em>ita</em></span> <span class='ocrx_word' id='word_1_95' title='bbox 1106 981 1313 1052; x_wconf 79' lang='lat' dir='ltr'><em>incifiem:</em></span> 
     </span>
    </p>
   </div>
   <div class='ocr_carea' id='block_1_3' title="bbox 371 1112 2123 1464">
    <p class='ocr_par' dir='ltr' id='par_1_7' title="bbox 371 1112 1901 1303">
     <span class='ocr_line' id='line_1_10' title="bbox 371 1112 1901 1186; baseline -0.002 -2"><span class='ocrx_word' id='word_1_96' title='bbox 371 1117 495 1186; x_wconf 82' lang='lat' dir='ltr'><em>Hic</em></span> <span class='ocrx_word' id='word_1_97' title='bbox 528 1117 704 1183; x_wconf 84' lang='lat' dir='ltr'><strong>sortis</strong></span> <span class='ocrx_word' id='word_1_98' title='bbox 739 1114 963 1179; x_wconf 64' lang='lat' dir='ltr'>Lestor</span> <span class='ocrx_word' id='word_1_99' title='bbox 1002 1115 1166 1181; x_wconf 85' lang='lat' dir='ltr'><em>durae</em></span> <span class='ocrx_word' id='word_1_100' title='bbox 1200 1112 1334 1180; x_wconf 77' lang='lat' dir='ltr'><em>ssmt</em></span> <span class='ocrx_word' id='word_1_101' title='bbox 1368 1139 1662 1183; x_wconf 86' lang='lat' dir='ltr'><em>munera:</em></span> <span class='ocrx_word' id='word_1_102' title='bbox 1696 1117 1901 1182; x_wconf 89' lang='lat' dir='ltr'><em>Prima</em></span> 
     </span>
     <span class='ocr_line' id='line_1_11' title="bbox 466 1209 1729 1303; baseline 0 -29"><span class='ocrx_word' id='word_1_103' title='bbox 466 1212 580 1277; x_wconf 90' lang='lat' dir='ltr'><em>Iste</em></span> <span class='ocrx_word' id='word_1_104' title='bbox 625 1209 1030 1273; x_wconf 83' lang='lat' dir='ltr'><em>vicedomini</em></span> <span class='ocrx_word' id='word_1_105' title='bbox 1066 1210 1348 1276; x_wconf 87' lang='lat' dir='ltr'><em>continet</em></span> <span class='ocrx_word' id='word_1_106' title='bbox 1386 1209 1530 1277; x_wconf 83' lang='lat' dir='ltr'><em>Offa</em></span> <span class='ocrx_word' id='word_1_107' title='bbox 1572 1211 1729 1303; x_wconf 87' lang='lat' dir='ltr'><em>lapis</em></span> 
     </span>
    </p>

    <p class='ocr_par' dir='ltr' id='par_1_8' title="bbox 374 1300 2123 1464">
     <span class='ocr_line' id='line_1_12' title="bbox 374 1300 2123 1392; baseline -0.001 -24"><span class='ocrx_word' id='word_1_108' title='bbox 374 1300 664 1370; x_wconf 88' lang='lat' dir='ltr'>Succeffit</span> <span class='ocrx_word' id='word_1_109' title='bbox 697 1305 920 1375; x_wconf 83' lang='lat' dir='ltr'>Petr03</span> <span class='ocrx_word' id='word_1_110' title='bbox 958 1302 1136 1368; x_wconf 88' lang='lat' dir='ltr'>dedit</span> <span class='ocrx_word' id='word_1_111' title='bbox 1171 1301 1342 1370; x_wconf 88' lang='lat' dir='ltr'><em>hunc</em></span> <span class='ocrx_word' id='word_1_112' title='bbox 1380 1306 1551 1392; x_wconf 85' lang='lat' dir='ltr'><em>prior</em></span> <span class='ocrx_word' id='word_1_113' title='bbox 1580 1305 1761 1370; x_wconf 89' lang='lat' dir='ltr'><em>Ordo</em></span> <span class='ocrx_word' id='word_1_114' title='bbox 1793 1304 2123 1369; x_wconf 89' lang='lat' dir='ltr'><em>Minorum</em></span> 
     </span>
     <span class='ocr_line' id='line_1_13' title="bbox 468 1393 1601 1464; baseline 0.001 -1"><span class='ocrx_word' id='word_1_115' title='bbox 468 1397 715 1463; x_wconf 64' lang='lat' dir='ltr'>Elestus</span> <span class='ocrx_word' id='word_1_116' title='bbox 749 1394 946 1460; x_wconf 85' lang='lat' dir='ltr'><em>statim</em></span> <span class='ocrx_word' id='word_1_117' title='bbox 983 1393 1195 1464; x_wconf 86' lang='lat' dir='ltr'>funera</span> <span class='ocrx_word' id='word_1_118' title='bbox 1233 1395 1393 1463; x_wconf 85' lang='lat' dir='ltr'>sacra</span> <span class='ocrx_word' id='word_1_119' title='bbox 1432 1400 1601 1464; x_wconf 78' lang='lat' dir='ltr'><strong>tulit.</strong></span> 
     </span>
    </p>
   </div>
   <div class='ocr_carea' id='block_1_4' title="bbox 191 1547 2218 1693">
    <p class='ocr_par' dir='ltr' id='par_1_9' title="bbox 191 1547 2218 1693">
     <span class='ocr_line' id='line_1_14' title="bbox 191 1547 2218 1622; baseline -0.003 -20"><span class='ocrx_word' id='word_1_120' title='bbox 191 1550 275 1602; x_wconf 83' lang='lat' dir='ltr'><em>Cui</em></span> <span class='ocrx_word' id='word_1_121' title='bbox 301 1569 378 1600; x_wconf 88' lang='lat' dir='ltr'><em>non</em></span> <span class='ocrx_word' id='word_1_122' title='bbox 405 1549 596 1622; x_wconf 84' lang='lat' dir='ltr'><em>abfimile</em></span> <span class='ocrx_word' id='word_1_123' title='bbox 628 1551 681 1617; x_wconf 81' lang='lat' dir='ltr'><em>est</em></span> <span class='ocrx_word' id='word_1_124' title='bbox 708 1549 857 1609; x_wconf 86' lang='lat' dir='ltr'><em>aliud,</em></span> <span class='ocrx_word' id='word_1_125' title='bbox 885 1548 999 1619; x_wconf 87' lang='lat' dir='ltr'><em>quod</em></span> <span class='ocrx_word' id='word_1_126' title='bbox 1021 1549 1156 1600; x_wconf 84' lang='lat' dir='ltr'><em>adhuc</em></span> <span class='ocrx_word' id='word_1_127' title='bbox 1184 1548 1401 1600; x_wconf 80' lang='lat' dir='ltr'><em>hodiedum</em></span> <span class='ocrx_word' id='word_1_128' title='bbox 1425 1553 1472 1599; x_wconf 87' lang='lat' dir='ltr'><em>in</em></span> <span class='ocrx_word' id='word_1_129' title='bbox 1496 1550 1677 1620; x_wconf 85' lang='lat' dir='ltr'><em>repolito</em></span> <span class='ocrx_word' id='word_1_130' title='bbox 1704 1547 1985 1600; x_wconf 83' lang='lat' dir='ltr'><em>Monumento</em></span> <span class='ocrx_word' id='word_1_131' title='bbox 2004 1548 2218 1607; x_wconf 83' lang='lat' dir='ltr'><em>cernitur,</em></span> 
     </span>
     <span class='ocr_line' id='line_1_15' title="bbox 255 1620 833 1693; baseline 0 -20"><span class='ocrx_word' id='word_1_132' title='bbox 255 1626 395 1690; x_wconf 80' lang='lat' dir='ltr'><em>priori</em></span> <span class='ocrx_word' id='word_1_133' title='bbox 430 1627 496 1673; x_wconf 82' lang='lat' dir='ltr'><em>ita</em></span> <span class='ocrx_word' id='word_1_134' title='bbox 518 1620 802 1693; x_wconf 72' lang='lat' dir='ltr'><em>fiebflitutum</em></span> <span class='ocrx_word' id='word_1_135' title='bbox 819 1658 833 1673; x_wconf 85' lang='lat'><strong>.</strong></span> 
     </span>
    </p>
   </div>
   <div class='ocr_carea' id='block_1_5' title="bbox 373 1720 2220 2099">
    <p class='ocr_par' dir='ltr' id='par_1_10' title="bbox 375 1720 1902 1902">
     <span class='ocr_line' id='line_1_16' title="bbox 375 1720 1902 1795; baseline -0.007 1"><span class='ocrx_word' id='word_1_136' title='bbox 375 1766 437 1780; x_wconf 86' lang='lat'>-</span> <span class='ocrx_word' id='word_1_137' title='bbox 465 1767 524 1779; x_wconf 89' lang='lat'><em>-</em></span> <span class='ocrx_word' id='word_1_138' title='bbox 553 1725 929 1795; x_wconf 88' lang='lat' dir='ltr'><em>Placentinis</em></span> <span class='ocrx_word' id='word_1_139' title='bbox 966 1724 1418 1790; x_wconf 87' lang='lat' dir='ltr'><em>Vicedominus</em></span> <span class='ocrx_word' id='word_1_140' title='bbox 1452 1740 1626 1791; x_wconf 89' lang='lat' dir='ltr'><em>ortus</em></span> <span class='ocrx_word' id='word_1_141' title='bbox 1665 1720 1742 1788; x_wconf 88' lang='lat' dir='ltr'><em>ab</em></span> <span class='ocrx_word' id='word_1_142' title='bbox 1778 1723 1902 1788; x_wconf 89' lang='lat' dir='ltr'><em>oris</em></span> 
     </span>
     <span class='ocr_line' id='line_1_17' title="bbox 467 1816 1856 1902; baseline -0.006 -14"><span class='ocrx_word' id='word_1_143' title='bbox 467 1822 773 1888; x_wconf 79' lang='lat' dir='ltr'><em>Franciici</em></span> <span class='ocrx_word' id='word_1_144' title='bbox 813 1818 1088 1895; x_wconf 83' lang='lat' dir='ltr'><em>soboles,</em></span> <span class='ocrx_word' id='word_1_145' title='bbox 1125 1816 1227 1883; x_wconf 76' lang='lat' dir='ltr'><em>hic</em></span> <span class='ocrx_word' id='word_1_146' title='bbox 1266 1819 1626 1885; x_wconf 85' lang='lat' dir='ltr'><em>veneranda</em></span> <span class='ocrx_word' id='word_1_147' title='bbox 1665 1817 1856 1902; x_wconf 86' lang='lat' dir='ltr'><em>jacet.</em></span> 
     </span>
    </p>

    <p class='ocr_par' dir='ltr' id='par_1_11' title="bbox 373 1906 2220 2099">
     <span class='ocr_line' id='line_1_18' title="bbox 373 1906 2220 2004; baseline -0.005 -24"><span class='ocrx_word' id='word_1_148' title='bbox 373 1911 557 1980; x_wconf 82' lang='lat' dir='ltr'>Ferre</span> <span class='ocrx_word' id='word_1_149' title='bbox 588 1915 755 1982; x_wconf 89' lang='lat' dir='ltr'><em>vices</em></span> <span class='ocrx_word' id='word_1_150' title='bbox 787 1914 1047 1981; x_wconf 86' lang='lat' dir='ltr'><em>Domini</em></span> <span class='ocrx_word' id='word_1_151' title='bbox 1080 1911 1205 1980; x_wconf 86' lang='lat' dir='ltr'>sors</span> <span class='ocrx_word' id='word_1_152' title='bbox 1240 1912 1381 1978; x_wconf 82' lang='lat' dir='ltr'><em>huie</em></span> <span class='ocrx_word' id='word_1_153' title='bbox 1416 1912 1593 1979; x_wconf 89' lang='lat' dir='ltr'><strong>dedit</strong></span> <span class='ocrx_word' id='word_1_154' title='bbox 1622 1908 1947 2004; x_wconf 85' lang='lat' dir='ltr'><em>improba:</em></span> <span class='ocrx_word' id='word_1_155' title='bbox 1976 1906 2220 1974; x_wconf 60' lang='lat' dir='ltr'><em>Verism&#39;</em></span> 
     </span>
     <span class='ocr_line' id='line_1_19' title="bbox 472 2005 1936 2099; baseline -0.002 -27"><span class='ocrx_word' id='word_1_156' title='bbox 472 2009 621 2072; x_wconf 85' lang='lat' dir='ltr'><em>Una</em></span> <span class='ocrx_word' id='word_1_157' title='bbox 654 2009 816 2071; x_wconf 89' lang='lat' dir='ltr'><em>Petri</em></span> <span class='ocrx_word' id='word_1_158' title='bbox 857 2006 1078 2070; x_wconf 66' lang='lat' dir='ltr'><em>(hlium</em></span> <span class='ocrx_word' id='word_1_159' title='bbox 1118 2008 1223 2076; x_wconf 87' lang='lat' dir='ltr'><em>lux</em></span> <span class='ocrx_word' id='word_1_160' title='bbox 1263 2006 1683 2099; x_wconf 85' lang='lat' dir='ltr'>feretrumque</span> <span class='ocrx_word' id='word_1_161' title='bbox 1727 2005 1936 2071; x_wconf 88' lang='lat' dir='ltr'>dedit.</span> 
     </span>
    </p>
   </div>
   <div class='ocr_carea' id='block_1_6' title="bbox 191 2151 2229 2291">
    <p class='ocr_par' dir='ltr' id='par_1_12' title="bbox 191 2151 2229 2291">
     <span class='ocr_line' id='line_1_20' title="bbox 191 2151 2229 2220; baseline -0.002 -15"><span class='ocrx_word' id='word_1_162' title='bbox 191 2154 386 2205; x_wconf 63' lang='lat' dir='ltr'><em>solidius</em></span> <span class='ocrx_word' id='word_1_163' title='bbox 413 2170 551 2202; x_wconf 86' lang='lat' dir='ltr'><em>autem</em></span> <span class='ocrx_word' id='word_1_164' title='bbox 584 2152 791 2215; x_wconf 75' lang='lat' dir='ltr'><em>Papaeum</em></span> <span class='ocrx_word' id='word_1_165' title='bbox 826 2151 1084 2199; x_wconf 80' lang='lat' dir='ltr'><em>Vicedomini</em></span> <span class='ocrx_word' id='word_1_166' title='bbox 1112 2152 1297 2200; x_wconf 77' lang='lat' dir='ltr'><em>Annales</em></span> <span class='ocrx_word' id='word_1_167' title='bbox 1335 2151 1475 2203; x_wconf 78' lang='lat' dir='ltr'><em>MSS.</em></span> <span class='ocrx_word' id='word_1_168' title='bbox 1511 2153 1731 2204; x_wconf 83' lang='lat' dir='ltr'><em>Civitatis</em></span> <span class='ocrx_word' id='word_1_169' title='bbox 1772 2154 2025 2205; x_wconf 70' lang='lat' dir='ltr'><em>Placentiae</em></span> <span class='ocrx_word' id='word_1_170' title='bbox 2042 2152 2229 2220; x_wconf 71' lang='lat' dir='ltr'><em>firmat</em></span> 
     </span>
     <span class='ocr_line' id='line_1_21' title="bbox 253 2216 2223 2291; baseline 0.001 -22"><span class='ocrx_word' id='word_1_171' title='bbox 253 2238 334 2290; x_wconf 84' lang='lat' dir='ltr'><em>per</em></span> <span class='ocrx_word' id='word_1_172' title='bbox 349 2220 515 2272; x_wconf 81' lang='lat' dir='ltr'><em>verba:</em></span> <span class='ocrx_word' id='word_1_173' title='bbox 554 2222 675 2269; x_wconf 84' lang='lat' dir='ltr'>Sunt</span> <span class='ocrx_word' id='word_1_174' title='bbox 693 2216 803 2268; x_wconf 74' lang='lat' dir='ltr'><em>&amp;in</em></span> <span class='ocrx_word' id='word_1_175' title='bbox 822 2216 946 2265; x_wconf 70' lang='lat' dir='ltr'><em>dista</em></span> <span class='ocrx_word' id='word_1_176' title='bbox 963 2219 1168 2267; x_wconf 87' lang='lat' dir='ltr'><em>Civitate</em></span> <span class='ocrx_word' id='word_1_177' title='bbox 1200 2220 1439 2265; x_wconf 75' lang='lat' dir='ltr'><em>Placentiae</em></span> <span class='ocrx_word' id='word_1_178' title='bbox 1472 2225 1769 2268; x_wconf 85' lang='lat' dir='ltr'><em>Vicedomini</em></span> <span class='ocrx_word' id='word_1_179' title='bbox 1789 2257 1805 2278; x_wconf 90' lang='lat'><strong>,</strong></span> <span class='ocrx_word' id='word_1_180' title='bbox 1835 2243 1937 2288; x_wconf 78' lang='lat' dir='ltr'><em>quae</em></span> <span class='ocrx_word' id='word_1_181' title='bbox 1966 2221 2027 2271; x_wconf 86' lang='lat' dir='ltr'><em>est</em></span> <span class='ocrx_word' id='word_1_182' title='bbox 2056 2238 2223 2291; x_wconf 81' lang='lat' dir='ltr'><em>magna</em></span> 
     </span>
    </p>
   </div>
   <div class='ocr_carea' id='block_1_7' title="bbox 192 2283 2225 2929">
    <p class='ocr_par' dir='ltr' id='par_1_13' title="bbox 261 2283 2222 2432">
     <span class='ocr_line' id='line_1_22' title="bbox 261 2283 2222 2357; baseline -0.002 -14"><span class='ocrx_word' id='word_1_183' title='bbox 261 2296 477 2350; x_wconf 80' lang='lat' dir='ltr'><em>Domus,</em></span> <span class='ocrx_word' id='word_1_184' title='bbox 511 2287 560 2342; x_wconf 75' lang='grc' dir='ltr'>ἃ</span> <span class='ocrx_word' id='word_1_185' title='bbox 591 2286 757 2339; x_wconf 84' lang='lat' dir='ltr'><em>nobilis</em></span> <span class='ocrx_word' id='word_1_186' title='bbox 786 2307 799 2337; x_wconf 89' lang='lat'>:</span> <span class='ocrx_word' id='word_1_187' title='bbox 838 2304 948 2337; x_wconf 81' lang='lat' dir='ltr'><em>nam</em></span> <span class='ocrx_word' id='word_1_188' title='bbox 985 2287 1043 2337; x_wconf 88' lang='lat' dir='ltr'><em>de</em></span> <span class='ocrx_word' id='word_1_189' title='bbox 1082 2283 1163 2335; x_wconf 81' lang='lat' dir='ltr'><em>ista</em></span> <span class='ocrx_word' id='word_1_190' title='bbox 1204 2290 1361 2336; x_wconf 88' lang='lat' dir='ltr'><em>Domo</em></span> <span class='ocrx_word' id='word_1_191' title='bbox 1394 2283 1483 2336; x_wconf 85' lang='lat' dir='ltr'><em>fuit</em></span> <span class='ocrx_word' id='word_1_192' title='bbox 1516 2305 1632 2337; x_wconf 78' lang='lat' dir='ltr'><em>unus</em></span> <span class='ocrx_word' id='word_1_193' title='bbox 1663 2290 1816 2356; x_wconf 80' lang='lat' dir='ltr'><em>Papa,</em></span> <span class='ocrx_word' id='word_1_194' title='bbox 1863 2292 1940 2357; x_wconf 87' lang='lat' dir='ltr'><em>qui</em></span> <span class='ocrx_word' id='word_1_195' title='bbox 1973 2306 2064 2339; x_wconf 86' lang='lat' dir='ltr'><em>non</em></span> <span class='ocrx_word' id='word_1_196' title='bbox 2099 2291 2222 2341; x_wconf 87' lang='lat' dir='ltr'><em>stetit</em></span> 
     </span>
     <span class='ocr_line' id='line_1_23' title="bbox 261 2355 1998 2432; baseline -0.002 -18"><span class='ocrx_word' id='word_1_197' title='bbox 261 2365 308 2414; x_wconf 87' lang='lat' dir='ltr'><em>in</em></span> <span class='ocrx_word' id='word_1_198' title='bbox 339 2366 547 2432; x_wconf 79' lang='lat' dir='ltr'><em>Papatu,</em></span> <span class='ocrx_word' id='word_1_199' title='bbox 579 2358 660 2411; x_wconf 70' lang='lat' dir='ltr'><em>nis:</em></span> <span class='ocrx_word' id='word_1_200' title='bbox 691 2378 771 2429; x_wconf 85' lang='lat' dir='ltr'><em>per</em></span> <span class='ocrx_word' id='word_1_201' title='bbox 803 2377 948 2409; x_wconf 87' lang='lat' dir='ltr'><em>unum</em></span> <span class='ocrx_word' id='word_1_202' title='bbox 983 2361 1142 2415; x_wconf 86' lang='lat' dir='ltr'><em>diem,</em></span> <span class='ocrx_word' id='word_1_203' title='bbox 1175 2355 1225 2409; x_wconf 72' lang='grc' dir='ltr'><em>ὅ(</em></span> <span class='ocrx_word' id='word_1_204' title='bbox 1256 2373 1471 2408; x_wconf 84' lang='lat' dir='ltr'><em>mortuus</em></span> <span class='ocrx_word' id='word_1_205' title='bbox 1499 2358 1563 2408; x_wconf 84' lang='lat' dir='ltr'><em>est</em></span> <span class='ocrx_word' id='word_1_206' title='bbox 1604 2362 1760 2408; x_wconf 84' lang='lat' dir='ltr'>Frater</span> <span class='ocrx_word' id='word_1_207' title='bbox 1793 2362 1998 2411; x_wconf 85' lang='lat' dir='ltr'><em>Minor.·</em></span> 
     </span>
    </p>

    <p class='ocr_par' dir='ltr' id='par_1_14' title="bbox 192 2427 2225 2929">
     <span class='ocr_line' id='line_1_24' title="bbox 192 2427 2219 2498; baseline 0.001 -16"><span class='ocrx_word' id='word_1_208' title='bbox 192 2434 306 2487; x_wconf 86' lang='lat' dir='ltr'><em>Hinc</em></span> <span class='ocrx_word' id='word_1_209' title='bbox 334 2440 391 2488; x_wconf 64' lang='grc' dir='ltr'><em>ΕΞ</em></span> <span class='ocrx_word' id='word_1_210' title='bbox 414 2437 442 2486; x_wconf 68' lang='grc' dir='ltr'><em>ἃ</em></span> <span class='ocrx_word' id='word_1_211' title='bbox 471 2430 743 2486; x_wconf 51' lang='lat' dir='ltr'><em>&amp;fluoribus</em></span> <span class='ocrx_word' id='word_1_212' title='bbox 775 2435 887 2481; x_wconf 86' lang='lat' dir='ltr'><em>inter</em></span> <span class='ocrx_word' id='word_1_213' title='bbox 915 2430 1101 2481; x_wconf 80' lang='lat' dir='ltr'><em>Summos</em></span> <span class='ocrx_word' id='word_1_214' title='bbox 1130 2427 1353 2496; x_wconf 69' lang='lat' dir='ltr'><em>Pontifices</em></span> <span class='ocrx_word' id='word_1_215' title='bbox 1392 2449 1448 2478; x_wconf 80' lang='lat' dir='ltr'><em>ex</em></span> <span class='ocrx_word' id='word_1_216' title='bbox 1476 2430 1555 2497; x_wconf 72' lang='lat' dir='ltr'><em>fico</em></span> <span class='ocrx_word' id='word_1_217' title='bbox 1600 2430 1761 2480; x_wconf 67' lang='lat' dir='ltr'><em>Ordine</em></span> <span class='ocrx_word' id='word_1_218' title='bbox 1795 2430 2019 2498; x_wconf 79' lang='lat' dir='ltr'><em>affiemptos</em></span> <span class='ocrx_word' id='word_1_219' title='bbox 2045 2436 2219 2498; x_wconf 74' lang='lat' dir='ltr'><em>ponitur</em></span> 
     </span>
     <span class='ocr_line' id='line_1_25' title="bbox 251 2499 2219 2575; baseline -0.001 -19"><span class='ocrx_word' id='word_1_220' title='bbox 251 2509 419 2575; x_wconf 87' lang='lat' dir='ltr'><em>primus</em></span> <span class='ocrx_word' id='word_1_221' title='bbox 435 2542 451 2565; x_wconf 85' lang='lat'><strong>,</strong></span> <span class='ocrx_word' id='word_1_222' title='bbox 479 2507 536 2555; x_wconf 74' lang='grc' dir='ltr'><em>ύ·</em></span> <span class='ocrx_word' id='word_1_223' title='bbox 562 2504 749 2573; x_wconf 80' lang='lat' dir='ltr'><em>catalogo</em></span> <span class='ocrx_word' id='word_1_224' title='bbox 776 2501 1031 2552; x_wconf 78' lang='lat' dir='ltr'><em>Summarum</em></span> <span class='ocrx_word' id='word_1_225' title='bbox 1059 2499 1308 2566; x_wconf 83' lang='lat' dir='ltr'><em>Pontificum</em></span> <span class='ocrx_word' id='word_1_226' title='bbox 1338 2505 1366 2551; x_wconf 71' lang='grc' dir='ltr'><em>ἃ</em></span> <span class='ocrx_word' id='word_1_227' title='bbox 1399 2501 1694 2553; x_wconf 85' lang='lat' dir='ltr'><em>Bollandianis</em></span> <span class='ocrx_word' id='word_1_228' title='bbox 1727 2502 1771 2550; x_wconf 88' lang='lat' dir='ltr'><em>in</em></span> <span class='ocrx_word' id='word_1_229' title='bbox 1800 2505 1990 2554; x_wconf 84' lang='lat' dir='ltr'><em>Conatu</em></span> <span class='ocrx_word' id='word_1_230' title='bbox 2016 2504 2219 2554; x_wconf 85' lang='lat' dir='ltr'><em>Chroni-</em></span> 
     </span>
     <span class='ocr_line' id='line_1_26' title="bbox 258 2571 2222 2644; baseline -0.001 -16"><span class='ocrx_word' id='word_1_231' title='bbox 258 2576 579 2628; x_wconf 82' lang='lat' dir='ltr'><em>co·historico</em></span> <span class='ocrx_word' id='word_1_232' title='bbox 602 2571 685 2625; x_wconf 88' lang='lat' dir='ltr'><em>fol.</em></span> <span class='ocrx_word' id='word_1_233' title='bbox 714 2576 825 2625; x_wconf 84' lang='lat' dir='ltr'><em>mihi</em></span> <span class='ocrx_word' id='word_1_234' title='bbox 851 2577 953 2635; x_wconf 84' lang='lat'>381.</span> <span class='ocrx_word' id='word_1_235' title='bbox 985 2593 1055 2623; x_wconf 87' lang='lat' dir='ltr'><em>ceu</em></span> <span class='ocrx_word' id='word_1_236' title='bbox 1079 2572 1283 2632; x_wconf 61' lang='lat' dir='ltr'><em>eleetus,</em></span> <span class='ocrx_word' id='word_1_237' title='bbox 1315 2579 1370 2625; x_wconf 82' lang='lat'><em>&amp;</em></span> <span class='ocrx_word' id='word_1_238' title='bbox 1404 2571 1602 2642; x_wconf 83' lang='lat' dir='ltr'><em>Synopfi</em></span> <span class='ocrx_word' id='word_1_239' title='bbox 1632 2572 2050 2644; x_wconf 77' lang='lat' dir='ltr'><em>chronographico</em></span> <span class='ocrx_word' id='word_1_240' title='bbox 2079 2578 2222 2627; x_wconf 84' lang='lat' dir='ltr'><em>Rom.</em></span> 
     </span>
     <span class='ocr_line' id='line_1_27' title="bbox 259 2644 2225 2713; baseline -0.002 -13"><span class='ocrx_word' id='word_1_241' title='bbox 259 2646 542 2700; x_wconf 77' lang='lat' dir='ltr'><em>Pontificum</em></span> <span class='ocrx_word' id='word_1_242' title='bbox 575 2647 666 2698; x_wconf 90' lang='lat' dir='ltr'><strong>loc.</strong></span> <span class='ocrx_word' id='word_1_243' title='bbox 691 2647 770 2696; x_wconf 87' lang='lat' dir='ltr'><em>cit.</em></span> <span class='ocrx_word' id='word_1_244' title='bbox 803 2644 885 2696; x_wconf 84' lang='lat' dir='ltr'><strong>fol.</strong></span> <span class='ocrx_word' id='word_1_245' title='bbox 921 2660 1037 2710; x_wconf 80' lang='lat'>537.</span> <span class='ocrx_word' id='word_1_246' title='bbox 1070 2663 1160 2693; x_wconf 83' lang='lat' dir='ltr'><em>cum</em></span> <span class='ocrx_word' id='word_1_247' title='bbox 1189 2644 1326 2696; x_wconf 83' lang='lat' dir='ltr'><em>verbo</em></span> <span class='ocrx_word' id='word_1_248' title='bbox 1358 2644 1692 2696; x_wconf 81' lang='lat' dir='ltr'><em>vicedominus</em></span> <span class='ocrx_word' id='word_1_249' title='bbox 1723 2648 1970 2713; x_wconf 80' lang='lat' dir='ltr'><em>ingeritur,</em></span> <span class='ocrx_word' id='word_1_250' title='bbox 1999 2645 2118 2695; x_wconf 83' lang='lat' dir='ltr'><em>haud</em></span> <span class='ocrx_word' id='word_1_251' title='bbox 2141 2648 2225 2696; x_wconf 91' lang='lat' dir='ltr'><em>ali-</em></span> 
     </span>
     <span class='ocr_line' id='line_1_28' title="bbox 257 2714 2221 2787; baseline -0.002 -17"><span class='ocrx_word' id='word_1_252' title='bbox 257 2734 326 2770; x_wconf 82' lang='lat' dir='ltr'><em>ter</em></span> <span class='ocrx_word' id='word_1_253' title='bbox 340 2756 357 2779; x_wconf 84' lang='lat'>‚</span> <span class='ocrx_word' id='word_1_254' title='bbox 386 2738 435 2769; x_wconf 85' lang='lat' dir='ltr'><em>ac</em></span> <span class='ocrx_word' id='word_1_255' title='bbox 467 2718 702 2786; x_wconf 76' lang='lat' dir='ltr'><em>Stephanus</em></span> <span class='ocrx_word' id='word_1_256' title='bbox 734 2715 800 2767; x_wconf 86' lang='lat' dir='ltr'><em>Il.</em></span> <span class='ocrx_word' id='word_1_257' title='bbox 820 2752 836 2777; x_wconf 85' lang='lat'><em>,</em></span> <span class='ocrx_word' id='word_1_258' title='bbox 873 2723 945 2787; x_wconf 85' lang='lat' dir='ltr'><em>qui</em></span> <span class='ocrx_word' id='word_1_259' title='bbox 974 2715 1138 2783; x_wconf 82' lang='lat' dir='ltr'><em>nonnifi</em></span> <span class='ocrx_word' id='word_1_260' title='bbox 1172 2732 1349 2787; x_wconf 80' lang='lat' dir='ltr'><em>quatuor</em></span> <span class='ocrx_word' id='word_1_261' title='bbox 1386 2716 1530 2765; x_wconf 80' lang='lat' dir='ltr'><em>diebus</em></span> <span class='ocrx_word' id='word_1_262' title='bbox 1557 2720 1603 2765; x_wconf 90' lang='lat' dir='ltr'><em>in</em></span> <span class='ocrx_word' id='word_1_263' title='bbox 1639 2714 1895 2781; x_wconf 77' lang='lat' dir='ltr'><em>Pontificatit</em></span> <span class='ocrx_word' id='word_1_264' title='bbox 1929 2718 2062 2768; x_wconf 74' lang='lat' dir='ltr'><em>vixit</em></span> <span class='ocrx_word' id='word_1_265' title='bbox 2081 2752 2098 2776; x_wconf 88' lang='lat'>,</span> <span class='ocrx_word' id='word_1_266' title='bbox 2131 2721 2221 2769; x_wconf 76' lang='lat' dir='ltr'><em>in...</em></span> 
     </span>
     <span class='ocr_line' id='line_1_29' title="bbox 261 2787 2222 2860; baseline -0.002 -17"><span class='ocrx_word' id='word_1_267' title='bbox 261 2790 374 2843; x_wconf 62' lang='grc' dir='ltr'><em>ὦὶἶο</em></span> <span class='ocrx_word' id='word_1_268' title='bbox 402 2791 616 2860; x_wconf 82' lang='lat' dir='ltr'><em>catalog0‚</em></span> <span class='ocrx_word' id='word_1_269' title='bbox 642 2806 739 2839; x_wconf 81' lang='lat' dir='ltr'><em>utut</em></span> <span class='ocrx_word' id='word_1_270' title='bbox 765 2807 842 2837; x_wconf 84' lang='lat' dir='ltr'><em>non</em></span> <span class='ocrx_word' id='word_1_271' title='bbox 868 2791 1083 2839; x_wconf 79' lang='lat' dir='ltr'><em>ordinatus</em></span> <span class='ocrx_word' id='word_1_272' title='bbox 1103 2824 1118 2846; x_wconf 91' lang='lat'><strong>,</strong></span> <span class='ocrx_word' id='word_1_273' title='bbox 1142 2794 1315 2853; x_wconf 83' lang='lat' dir='ltr'><em>ponitur</em></span> <span class='ocrx_word' id='word_1_274' title='bbox 1328 2824 1345 2847; x_wconf 91' lang='lat'><strong>,</strong></span> <span class='ocrx_word' id='word_1_275' title='bbox 1379 2807 1428 2836; x_wconf 87' lang='lat' dir='ltr'><em>ac</em></span> <span class='ocrx_word' id='word_1_276' title='bbox 1453 2788 1682 2855; x_wconf 80' lang='lat' dir='ltr'><em>ponendum</em></span> <span class='ocrx_word' id='word_1_277' title='bbox 1709 2787 1788 2856; x_wconf 81' lang='lat' dir='ltr'><em>effi</em></span> <span class='ocrx_word' id='word_1_278' title='bbox 1818 2788 2029 2838; x_wconf 74' lang='lat' dir='ltr'><em>Baronius</em></span> <span class='ocrx_word' id='word_1_279' title='bbox 2060 2788 2119 2837; x_wconf 86' lang='lat' dir='ltr'><em>ad</em></span> <span class='ocrx_word' id='word_1_280' title='bbox 2151 2809 2222 2839; x_wconf 83' lang='lat' dir='ltr'><em>an-</em></span> 
     </span>
     <span class='ocr_line' id='line_1_30' title="bbox 259 2858 2218 2929; baseline -0.001 -16"><span class='ocrx_word' id='word_1_281' title='bbox 259 2882 356 2914; x_wconf 82' lang='lat' dir='ltr'><em>num</em></span> <span class='ocrx_word' id='word_1_282' title='bbox 385 2882 414 2923; x_wconf 96' lang='lat'><strong><em>7</em></strong></span> <span class='ocrx_word' id='word_1_283' title='bbox 419 2880 502 2928; x_wconf 83' lang='lat'><em>5²·</em></span> <span class='ocrx_word' id='word_1_284' title='bbox 536 2863 592 2913; x_wconf 74' lang='grc'><em>(9·</em></span> <span class='ocrx_word' id='word_1_285' title='bbox 625 2861 847 2912; x_wconf 82' lang='lat' dir='ltr'><em>Ciaconius</em></span> <span class='ocrx_word' id='word_1_286' title='bbox 876 2865 922 2911; x_wconf 85' lang='lat' dir='ltr'><em>in</em></span> <span class='ocrx_word' id='word_1_287' title='bbox 953 2866 1059 2915; x_wconf 83' lang='lat' dir='ltr'><em>vita</em></span> <span class='ocrx_word' id='word_1_288' title='bbox 1089 2860 1295 2929; x_wconf 74' lang='lat' dir='ltr'><em>Stephani</em></span> <span class='ocrx_word' id='word_1_289' title='bbox 1325 2876 1486 2909; x_wconf 80' lang='lat' dir='ltr'><em>monent</em></span> <span class='ocrx_word' id='word_1_290' title='bbox 1501 2896 1518 2921; x_wconf 89' lang='lat'><strong>,</strong></span> <span class='ocrx_word' id='word_1_291' title='bbox 1550 2864 1577 2910; x_wconf 70' lang='lat' dir='ltr'><em>ci</em></span> <span class='ocrx_word' id='word_1_292' title='bbox 1610 2862 1819 2910; x_wconf 79' lang='lat' dir='ltr'><em>nonnullis</em></span> <span class='ocrx_word' id='word_1_293' title='bbox 1853 2863 1970 2913; x_wconf 73' lang='lat' dir='ltr'><em>alitis</em></span> <span class='ocrx_word' id='word_1_294' title='bbox 2000 2858 2187 2927; x_wconf 71' lang='lat' dir='ltr'><em>omiffi‘em</em></span> <span class='ocrx_word' id='word_1_295' title='bbox 2203 2897 2218 2912; x_wconf 87' lang='lat'><strong>.</strong></span> 
     </span>
    </p>
   </div>
   <div class='ocr_carea' id='block_1_8' title="bbox 197 3096 2222 3683">
    <p class='ocr_par' dir='ltr' id='par_1_15' title="bbox 252 3096 2153 3284">
     <span class='ocr_line' id='line_1_31' title="bbox 252 3096 2153 3284; baseline -0.004 -28"><span class='ocrx_word' id='word_1_296' title='bbox 252 3112 325 3284; x_wconf 93' lang='lat' dir='ltr'>J</span> <span class='ocrx_word' id='word_1_297' title='bbox 365 3216 368 3219; x_wconf 94' lang='lat'>-</span> <span class='ocrx_word' id='word_1_298' title='bbox 397 3113 546 3255; x_wconf 89' lang='lat' dir='ltr'>O</span> <span class='ocrx_word' id='word_1_299' title='bbox 606 3114 745 3254; x_wconf 89' lang='lat' dir='ltr'><strong>A</strong></span> <span class='ocrx_word' id='word_1_300' title='bbox 809 3110 953 3251; x_wconf 89' lang='lat' dir='ltr'>N</span> <span class='ocrx_word' id='word_1_301' title='bbox 1026 3096 1363 3259; x_wconf 51' lang='grc' dir='ltr'><strong>Μ</strong></span> <span class='ocrx_word' id='word_1_302' title='bbox 1436 3111 1523 3254; x_wconf 86' lang='lat' dir='ltr'>S</span> <span class='ocrx_word' id='word_1_303' title='bbox 1680 3109 1806 3251; x_wconf 87' lang='lat' dir='ltr'>X</span> <span class='ocrx_word' id='word_1_304' title='bbox 1867 3109 1993 3250; x_wconf 87' lang='lat' dir='ltr'>X</span> <span class='ocrx_word' id='word_1_305' title='bbox 2055 3113 2153 3252; x_wconf 66' lang='grc' dir='ltr'><em>Ι,</em></span> 
     </span>
    </p>

    <p class='ocr_par' dir='ltr' id='par_1_16' title="bbox 197 3321 2222 3539">
     <span class='ocr_line' id='line_1_32' title="bbox 197 3321 2218 3400; baseline -0 -26"><span class='ocrx_word' id='word_1_306' title='bbox 197 3328 424 3400; x_wconf 76' lang='lat' dir='ltr'><em>Lsfieaenus</em></span> <span class='ocrx_word' id='word_1_307' title='bbox 444 3363 460 3386; x_wconf 85' lang='lat'><strong>,</strong></span> <span class='ocrx_word' id='word_1_308' title='bbox 489 3327 642 3380; x_wconf 87' lang='lat' dir='ltr'><em>Petrus</em></span> <span class='ocrx_word' id='word_1_309' title='bbox 662 3325 832 3384; x_wconf 85' lang='lat' dir='ltr'><em>Iuliani</em></span> <span class='ocrx_word' id='word_1_310' title='bbox 850 3324 976 3390; x_wconf 68' lang='lat' dir='ltr'><em>prius</em></span> <span class='ocrx_word' id='word_1_311' title='bbox 1005 3337 1263 3391; x_wconf 83' lang='lat' dir='ltr'><em>nuncupatus</em></span> <span class='ocrx_word' id='word_1_312' title='bbox 1276 3360 1292 3383; x_wconf 84' lang='lat'><em>‚</em></span> <span class='ocrx_word' id='word_1_313' title='bbox 1326 3323 1570 3374; x_wconf 88' lang='lat' dir='ltr'><em>Cardinalis</em></span> <span class='ocrx_word' id='word_1_314' title='bbox 1602 3322 1824 3392; x_wconf 76' lang='lat' dir='ltr'><em>Epist-opus</em></span> <span class='ocrx_word' id='word_1_315' title='bbox 1853 3321 2113 3389; x_wconf 80' lang='lat' dir='ltr'><em>Tufiulanus</em></span> <span class='ocrx_word' id='word_1_316' title='bbox 2140 3342 2160 3374; x_wconf 82' lang='grc' dir='ltr'><strong>ι</strong></span> <span class='ocrx_word' id='word_1_317' title='bbox 2171 3341 2218 3388; x_wconf 88' lang='lat'><em>5.</em></span> 
     </span>
     <span class='ocr_line' id='line_1_33' title="bbox 268 3394 2222 3468; baseline -0.004 -17"><span class='ocrx_word' id='word_1_318' title='bbox 268 3397 527 3468; x_wconf 82' lang='lat' dir='ltr'><em>Septembris</em></span> <span class='ocrx_word' id='word_1_319' title='bbox 559 3407 709 3457; x_wconf 84' lang='lat'>1276.</span> <span class='ocrx_word' id='word_1_320' title='bbox 746 3395 935 3447; x_wconf 85' lang='lat' dir='ltr'><em>Viterbii</em></span> <span class='ocrx_word' id='word_1_321' title='bbox 963 3394 1193 3462; x_wconf 81' lang='lat' dir='ltr'><em>Pontificiae</em></span> <span class='ocrx_word' id='word_1_322' title='bbox 1216 3398 1444 3465; x_wconf 81' lang='lat' dir='ltr'><em>dignitatis</em></span> <span class='ocrx_word' id='word_1_323' title='bbox 1458 3394 1601 3466; x_wconf 73' lang='lat' dir='ltr'><em>fiftes</em></span> <span class='ocrx_word' id='word_1_324' title='bbox 1631 3396 1840 3466; x_wconf 72' lang='lat' dir='ltr'><em>affiempfit</em></span> <span class='ocrx_word' id='word_1_325' title='bbox 1856 3430 1872 3454; x_wconf 89' lang='lat'>‚</span> <span class='ocrx_word' id='word_1_326' title='bbox 1898 3394 2042 3466; x_wconf 49' lang='lat' dir='ltr'><em>easque</em></span> <span class='ocrx_word' id='word_1_327' title='bbox 2069 3394 2222 3446; x_wconf 83' lang='lat' dir='ltr'><em>ibidem</em></span> 
     </span>
     <span class='ocr_line' id='line_1_34' title="bbox 274 3465 2221 3539; baseline -0.003 -15"><span class='ocrx_word' id='word_1_328' title='bbox 274 3481 354 3525; x_wconf 76' lang='lat'><em>16.</em></span> <span class='ocrx_word' id='word_1_329' title='bbox 386 3467 512 3521; x_wconf 78' lang='lat' dir='ltr'><em>Maii</em></span> <span class='ocrx_word' id='word_1_330' title='bbox 553 3488 701 3530; x_wconf 83' lang='lat'>1²77·</span> <span class='ocrx_word' id='word_1_331' title='bbox 736 3465 936 3521; x_wconf 54' lang='lat' dir='ltr'><em>violent&amp;</em></span> <span class='ocrx_word' id='word_1_332' title='bbox 965 3469 1126 3539; x_wconf 84' lang='lat' dir='ltr'><em>quidem</em></span> <span class='ocrx_word' id='word_1_333' title='bbox 1148 3505 1165 3528; x_wconf 91' lang='lat'><strong>,</strong></span> <span class='ocrx_word' id='word_1_334' title='bbox 1192 3469 1278 3537; x_wconf 81' lang='lat' dir='ltr'><em>fid</em></span> <span class='ocrx_word' id='word_1_335' title='bbox 1309 3468 1432 3517; x_wconf 82' lang='lat' dir='ltr'><em>beata</em></span> <span class='ocrx_word' id='word_1_336' title='bbox 1462 3483 1593 3517; x_wconf 87' lang='lat' dir='ltr'><em>morte</em></span> <span class='ocrx_word' id='word_1_337' title='bbox 1629 3468 1786 3539; x_wconf 66' lang='lat' dir='ltr'><em>dimisti</em></span> <span class='ocrx_word' id='word_1_338' title='bbox 1803 3504 1821 3528; x_wconf 90' lang='lat'>‚</span> <span class='ocrx_word' id='word_1_339' title='bbox 1852 3465 2221 3536; x_wconf 72' lang='lat' dir='ltr'><em>refierreHionem..</em></span> 
     </span>
    </p>

    <p class='ocr_par' dir='ltr' id='par_1_17' title="bbox 201 3538 1443 3611">
     <span class='ocr_line' id='line_1_35' title="bbox 201 3538 1443 3611; baseline -0.001 -19"><span class='ocrx_word' id='word_1_340' title='bbox 201 3567 203 3571; x_wconf 95' lang='lat'>·</span> <span class='ocrx_word' id='word_1_341' title='bbox 269 3557 518 3592; x_wconf 68' lang='lat' dir='ltr'><em>mortuorum</em></span> <span class='ocrx_word' id='word_1_342' title='bbox 547 3545 594 3591; x_wconf 89' lang='lat' dir='ltr'><em>in</em></span> <span class='ocrx_word' id='word_1_343' title='bbox 628 3541 812 3611; x_wconf 72' lang='lat' dir='ltr'><em>Ecclefia</em></span> <span class='ocrx_word' id='word_1_344' title='bbox 840 3538 890 3589; x_wconf 85' lang='lat' dir='ltr'><em>S.</em></span> <span class='ocrx_word' id='word_1_345' title='bbox 920 3538 1146 3590; x_wconf 86' lang='lat' dir='ltr'><em>Laurentii</em></span> <span class='ocrx_word' id='word_1_346' title='bbox 1173 3540 1415 3607; x_wconf 57' lang='lat' dir='ltr'><em>exspolians</em></span> <span class='ocrx_word' id='word_1_347' title='bbox 1430 3578 1443 3591; x_wconf 81' lang='grc'><strong>.</strong></span> 
     </span>
    </p>

    <p class='ocr_par' dir='ltr' id='par_1_18' title="bbox 204 3609 2209 3683">
     <span class='ocr_line' id='line_1_36' title="bbox 204 3609 2209 3683; baseline -0.001 -24"><span class='ocrx_word' id='word_1_348' title='bbox 204 3609 406 3663; x_wconf 75' lang='lat' dir='ltr'><em>scribitur</em></span> <span class='ocrx_word' id='word_1_349' title='bbox 432 3614 486 3663; x_wconf 85' lang='lat' dir='ltr'><em>ab</em></span> <span class='ocrx_word' id='word_1_350' title='bbox 516 3614 617 3663; x_wconf 86' lang='lat' dir='ltr'><em>aliis</em></span> <span class='ocrx_word' id='word_1_351' title='bbox 634 3612 815 3671; x_wconf 79' lang='lat' dir='ltr'><em>Ioannes</em></span> <span class='ocrx_word' id='word_1_352' title='bbox 840 3610 966 3665; x_wconf 86' lang='lat' dir='ltr'><em>XX.</em></span> <span class='ocrx_word' id='word_1_353' title='bbox 997 3612 1112 3682; x_wconf 78' lang='lat' dir='ltr'><em>quod</em></span> <span class='ocrx_word' id='word_1_354' title='bbox 1138 3611 1188 3660; x_wconf 86' lang='lat' dir='ltr'><em>ob</em></span> <span class='ocrx_word' id='word_1_355' title='bbox 1206 3613 1410 3672; x_wconf 80' lang='lat' dir='ltr'><em>Ioannem</em></span> <span class='ocrx_word' id='word_1_356' title='bbox 1430 3609 1612 3661; x_wconf 85' lang='lat' dir='ltr'><em>Roberti</em></span> <span class='ocrx_word' id='word_1_357' title='bbox 1630 3611 1793 3662; x_wconf 85' lang='lat' dir='ltr'><em>Filium</em></span> <span class='ocrx_word' id='word_1_358' title='bbox 1809 3646 1825 3669; x_wconf 91' lang='lat'><strong>,</strong></span> <span class='ocrx_word' id='word_1_359' title='bbox 1850 3612 1921 3683; x_wconf 86' lang='lat' dir='ltr'><em>qui</em></span> <span class='ocrx_word' id='word_1_360' title='bbox 1948 3616 2061 3661; x_wconf 85' lang='lat' dir='ltr'><em>inter</em></span> <span class='ocrx_word' id='word_1_361' title='bbox 2079 3610 2209 3669; x_wconf 78' lang='lat' dir='ltr'><em>Ioan-</em></span> 
     </span>
    </p>
   </div>
   <div class='ocr_carea' id='block_1_9' title="bbox 253 3682 2213 3826">
    <p class='ocr_par' dir='ltr' id='par_1_19' title="bbox 253 3682 2213 3826">
     <span class='ocr_line' id='line_1_37' title="bbox 269 3682 2211 3751; baseline -0.007 -13"><span class='ocrx_word' id='word_1_362' title='bbox 269 3700 357 3738; x_wconf 84' lang='lat' dir='ltr'><em>nem</em></span> <span class='ocrx_word' id='word_1_363' title='bbox 385 3682 527 3737; x_wconf 83' lang='lat' dir='ltr'><strong><em>XIV.</em></strong></span> <span class='ocrx_word' id='word_1_364' title='bbox 547 3721 564 3743; x_wconf 90' lang='lat'><strong>,</strong></span> <span class='ocrx_word' id='word_1_365' title='bbox 598 3692 652 3735; x_wconf 60' lang='grc' dir='ltr'><em>ἔθ’</em></span> <span class='ocrx_word' id='word_1_366' title='bbox 670 3684 701 3742; x_wconf 90' lang='lat' dir='ltr'><strong><em>J</em></strong></span> <span class='ocrx_word' id='word_1_367' title='bbox 706 3703 871 3735; x_wconf 85' lang='lat' dir='ltr'><em>oannem</em></span> <span class='ocrx_word' id='word_1_368' title='bbox 902 3683 1024 3737; x_wconf 87' lang='lat' dir='ltr'><em>XV.</em></span> <span class='ocrx_word' id='word_1_369' title='bbox 1054 3684 1213 3733; x_wconf 85' lang='lat' dir='ltr'><em>medius</em></span> <span class='ocrx_word' id='word_1_370' title='bbox 1239 3683 1459 3751; x_wconf 70' lang='lat' dir='ltr'><em>Ecclefi&#39;am</em></span> <span class='ocrx_word' id='word_1_371' title='bbox 1493 3698 1663 3731; x_wconf 86' lang='lat' dir='ltr'><em>rexerat</em></span> <span class='ocrx_word' id='word_1_372' title='bbox 1678 3718 1695 3742; x_wconf 93' lang='lat'><strong>,</strong></span> <span class='ocrx_word' id='word_1_373' title='bbox 1723 3683 1840 3732; x_wconf 81' lang='lat' dir='ltr'><em>ultra</em></span> <span class='ocrx_word' id='word_1_374' title='bbox 1868 3700 1988 3733; x_wconf 86' lang='lat'>200.</span> <span class='ocrx_word' id='word_1_375' title='bbox 2015 3700 2141 3731; x_wconf 86' lang='lat' dir='ltr'><em>annos</em></span> <span class='ocrx_word' id='word_1_376' title='bbox 2167 3696 2211 3725; x_wconf 80' lang='lat' dir='ltr'><em>tn</em></span> 
     </span>
     <span class='ocr_line' id='line_1_38' title="bbox 253 3751 2213 3826; baseline -0.003 -26"><span class='ocrx_word' id='word_1_377' title='bbox 253 3753 368 3818; x_wconf 85' lang='lat' dir='ltr'><em>serie</em></span> <span class='ocrx_word' id='word_1_378' title='bbox 399 3755 640 3826; x_wconf 76' lang='lat' dir='ltr'><em>Pontificum</em></span> <span class='ocrx_word' id='word_1_379' title='bbox 669 3756 897 3826; x_wconf 60' lang='lat' dir='ltr'><em>negleffutn</em></span> <span class='ocrx_word' id='word_1_380' title='bbox 910 3793 929 3817; x_wconf 85' lang='lat'><strong>,</strong></span> <span class='ocrx_word' id='word_1_381' title='bbox 963 3763 1016 3808; x_wconf 67' lang='lat'><em>&amp;5</em></span> <span class='ocrx_word' id='word_1_382' title='bbox 1049 3755 1314 3824; x_wconf 59' lang='lat' dir='ltr'><em>postmodum</em></span> <span class='ocrx_word' id='word_1_383' title='bbox 1349 3756 1448 3804; x_wconf 84' lang='lat' dir='ltr'><em>huic</em></span> <span class='ocrx_word' id='word_1_384' title='bbox 1478 3753 1678 3822; x_wconf 73' lang='lat' dir='ltr'><em>infit-tum</em></span> <span class='ocrx_word' id='word_1_385' title='bbox 1694 3790 1712 3816; x_wconf 87' lang='lat'><strong>,</strong></span> <span class='ocrx_word' id='word_1_386' title='bbox 1743 3753 1936 3823; x_wconf 72' lang='lat' dir='ltr'><em>accidiffe</em></span> <span class='ocrx_word' id='word_1_387' title='bbox 1966 3759 1993 3804; x_wconf 77' lang='grc' dir='ltr'><em>ᾶ</em></span> <span class='ocrx_word' id='word_1_388' title='bbox 2027 3751 2213 3800; x_wconf 84' lang='lat' dir='ltr'><em>&#39;Bollan-</em></span> 
     </span>
    </p>
   </div>
   <div class='ocr_carea' id='block_1_10' title="bbox 2026 3820 2154 3864">
    <p class='ocr_par' dir='ltr' id='par_1_20' title="bbox 2026 3820 2154 3864">
     <span class='ocr_line' id='line_1_39' title="bbox 2026 3820 2154 3864; baseline -0.047 0"><span class='ocrx_word' id='word_1_389' title='bbox 2026 3820 2154 3864; x_wconf 75' lang='lat' dir='ltr'><em>diariis</em></span> 
     </span>
    </p>
   </div>
   <div class='ocr_carea' id='block_1_11' title="bbox 193 3018 488 3033">
    <p class='ocr_par' dir='ltr' id='par_1_21' title="bbox 193 3018 488 3033">
     <span class='ocr_line' id='line_1_40' title="bbox 193 3018 488 3033; baseline 0 0"><span class='ocrx_word' id='word_1_390' title='bbox 193 3018 488 3033; x_wconf 95' lang='lat' dir='ltr'><em> </em></span> 
     </span>
    </p>
   </div>
   <div class='ocr_carea' id='block_1_12' title="bbox 1198 3016 1430 3029">
    <p class='ocr_par' dir='ltr' id='par_1_22' title="bbox 1198 3016 1430 3029">
     <span class='ocr_line' id='line_1_41' title="bbox 1198 3016 1430 3029; baseline 0 0"><span class='ocrx_word' id='word_1_391' title='bbox 1198 3016 1430 3029; x_wconf 95' lang='lat' dir='ltr'><em> </em></span> 
     </span>
    </p>
   </div>
  </div>
 </body>
</html>
