2444 4192
747 168 909 253 Sub
970 172 1395 259 Innocentio
1454 175 1547 258 X
1561 175 1609 257 I
1622 173 1677 256 I.
1983 211 2149 294 433

275 366 278 368 ,
368 321 516 379 Rursus
519 318 670 378 statuit
684 347 698 371 ‚
711 327 757 361 ut
765 317 939 375 fugitivi
951 351 967 372 ‚
980 324 1035 374 ὠ·
1052 323 1247 382 Apostatae
1258 323 1361 377 ‚five
1376 323 1564 367 Habitum
1595 324 1830 377 Regularem
1855 324 2035 381 deferant
2048 360 2061 381 ‚
2080 336 2220 385 siva,

250 393 323 425 non
337 408 351 432 ,
371 380 509 438 pofflnt
522 408 536 431 ,
549 393 594 421 ac
608 377 767 420 debeant
777 376 830 418 ab
843 380 1023 435 Episcopo
1038 383 1111 424 loci
1124 408 1139 430 ,
1153 382 1223 423 ubi
1242 394 1389 421 moram
1406 380 1575 422 trabunt
1586 408 1604 430 ,
1626 380 1668 420 in
1679 394 1848 421 carceres
1865 384 1999 438 conjici
2018 414 2031 435 ,
2044 401 2087 427 ac
2101 396 2222 444 supe.

249 438 424 484 rioribus
439 436 696 495 Regularibus
717 434 934 493 consignari
946 462 961 485 ‚
971 438 1189 493 sicundtim
1207 438 1421 492 Regularia
1446 437 1630 489 instituta
1635 438 1856 490 puniendi:
1889 450 2009 493 utque
2023 444 2098 498 'I’st
2126 461 2220 499 quo-

249 512 324 555 que
343 501 573 554 Superiores
597 503 803 541 teneantur
814 506 872 536 eos
885 496 1122 548 perquirere
1135 524 1150 547 ,
1163 497 1218 536 ad
1226 494 1465 548 'Religionem
1478 493 1674 546 reducere,
1686 506 1806 548 atque
1829 495 1971 551 efficere
1985 526 2000 549 ,
2024 512 2071 542 ut
2084 513 2224 556 appre-

248 557 466 601 hendantur
479 570 494 611 3
509 557 634 614 salva
654 563 783 597 tamen
799 554 842 596 in
865 551 1241 606 omnibusfaeultate
1259 552 1483 595 ordinariis
1509 554 1677 594 locorum
1699 554 1899 599 attributa
1920 559 2098 599 Dect-eto
2108 560 2222 601 Con-

247 616 318 658 cii.
335 630 423 671 cap.
439 631 478 672 3.
495 615 628 659 sess-6.
649 611 815 671 QOdst
834 609 1029 666 Apollatae
1046 609 1264 666 hujusmodi
1285 609 1390 652 citra
1415 622 1557 652 montes
1581 607 1697 668 infrd
1720 623 1916 667 quatuor,
1942 616 2053 657 ultra
2080 628 2223 660 montes

248 674 337 716 verb
351 672 466 728 infra
489 673 575 717 ailo
587 672 763 729 menlcsd
781 667 986 728 presentis
1012 670 1175 710 Decreti
1189 668 1459 723 publicatione
1470 669 1719 720 inchoandas,
1728 670 1809 726 sita
1822 671 1966 728 sponte
1994 674 2050 714 ad
2059 673 2225 729 suam...

166 739 174 763 2
247 733 411 790 quisque
436 731 676 789 Religionem
689 729 851 774 redierit
864 756 879 780 ‚
905 736 990 771 tum
1003 735 1213 782 panarum
1228 727 1398 769 omnium
1423 727 1511 782 ipsis
1519 737 1684 782 propter
1703 729 1940 786 Apollasiom
1961 731 2225 792 instit-iarum,

186 820 188 822 ψ
224 815 229 821 ·
247 800 320 834 aut
331 789 631 849 infligendarum
651 787 919 847 remiffionem,
941 796 1061 842 atque
1085 788 1359 841 impunitatem
1378 787 1659 844 qffl’quantur:
1687 790 1750 828 Ita
1770 797 1917 841 tamen,
1937 799 1985 832 ut
2006 790 2169 834 debeant
2196 792 2226 833 d

234 853 455 905 ‘superiore
483 849 754 906 absblutioncm
771 845 975 891 humiliter
980 853 1116 901 petere
1129 873 1147 895 ,
1166 844 1220 894 ά·
1234 858 1363 887 coram
1378 859 1420 888 eo
1444 847 1597 904 culpam
1609 842 1743 899 fateri
1756 874 1770 896 ,
1795 857 1914 902 atque
1927 850 2224 892 emendationem

241 909 452 964 polliceri;
481 911 666 964 Superior
689 906 778 950 veri
802 912 959 948 econtra
984 903 1148 959 benigne
1166 903 1254 946 illos
1265 913 1448 948 teneatur
1458 908 1646 961 excipere,
1663 903 1715 945 ab
1725 903 1943 963 bujafinodi
1957 912 2081 961 poenis
2098 908 2224 966 absol-

249 980 363 1018 vere,
389 967 439 1016 θ’
454 975 628 1022 paterna
639 966 832 1010 charitate
853 961 1050 1018 compchi
1063 990 1076 1003 .

367 1025 434 1070 Ad
443 1024 524 1069 hac
539 1054 555 1078 ‚
569 1035 614 1068 ut
631 1023 863 1082 inposterum
886 1021 907 1065 δ
921 1019 1179 1076 Religionibus
1204 1020 1333 1063 nullus
1347 1021 1524 1077 legitime
1548 1016 1739 1078 Profffis
1752 1020 1842 1078 ejici
1854 1021 1968 1079 posp't
1979 1050 1992 1074 ,
2006 1023 2141 1080 nisifit
2159 1038 2226 1066 vc-

248 1082 295 1126 re
317 1083 622 1140 incorrigibllis;
636 1083 725 1127 veri
741 1091 871 1125 autem
891 1078 1173 1133 incorrigibili&
1187 1078 1346 1122 minime
1371 1081 1575 1139 censeatur
1585 1107 1600 1130 ‚
1615 1078 1692 1136 nist
1699 1092 1774 1121 non
1779 1080 1914 1134 saltim
1934 1091 2168 1125 concurrant
2179 1094 2227 1124 ea

247 1145 379 1184 omnia
390 1170 405 1194 ,
433 1155 520 1198 quac
533 1141 663 1183 adhoc
681 1156 727 1182 ex
739 1141 849 1198 juris
860 1140 1066 1183 communis
1075 1136 1318 1196 dispofitione
1331 1142 1610 1194 requiruntur,
1609 1137 1787 1196 sublatis
1801 1139 1872 1182 bac
1888 1144 1932 1183 in
1945 1149 2068 1197 parte
2083 1142 2228 1183 Statu-

176 1212 177 1215 *
247 1203 299 1240 tis
311 1228 325 1251 ,
338 1200 386 1249 δ’
403 1197 745 1254 constitutionibus
767 1198 950 1257 cujusque
973 1196 1182 1251 Religionis
1195 1224 1208 1248 ‚
1223 1196 1272 1245 13·
1287 1199 1444 1240 Ordinis
1462 1227 1477 1250 ‚
1503 1200 1623 1240 etiam
1637 1198 1664 1238 a*
1676 1198 1772 1239 Sede
1800 1198 2014 1254 Apostoliea
2039 1199 2229 1255 approba.

245 1254 298 1300 tis
312 1283 326 1306 ‚
344 1258 392 1305 (5
407 1255 672 1312 confirmatis:
700 1255 836 1297 vcrdm
860 1258 982 1296 etiam
1003 1253 1119 1295 unius
1141 1253 1239 1295 anni
1246 1255 1383 1309 spatio
1406 1260 1451 1296 in
1468 1256 1648 1312 jejunio,
1670 1254 1725 1305 ὰ
1729 1258 1964 1311 poenitentia
1982 1258 2175 1315 probetur
2188 1261 2230 1298 in

245 1314 463 1359 carceribus
473 1343 490 1366 ,
509 1313 747 1369 proindeque
757 1322 1002 1367 unaquaque
1017 1310 1165 1365 Religio
1181 1313 1361 1365 privatos
1374 1312 1517 1354 habeat
1530 1326 1700 1355 carceres
1724 1316 1766 1355 in
1780 1315 1956 1368 qualibet
1968 1317 2118 1372 saltem
2135 1317 2229 1356 Pro-

247 1376 378 1418 vincia
391 1402 404 1417 .
420 1371 559 1429 Elapso
584 1382 714 1415 autem
733 1383 834 1413 anno
846 1398 860 1422 ,
861 1369 912 1427 st
918 1367 1169 1411 nibilominus
1190 1383 1266 1411 non
1279 1369 1511 1426 refipnerit‚
1522 1370 1595 1425 sed
1617 1373 1746 1412 animo
1769 1372 1953 1413 indurato
1978 1376 2022 1414 in
2035 1371 2118 1428 fita
2135 1379 2226 1425 per·

251 1432 400 1475 vicacia
406 1430 742 1488 perseveraverit,
758 1442 806 1471 ne
828 1430 1052 1483 contagione
1062 1425 1252 1484 pestifira
1269 1429 1455 1481 plurimos
1469 1428 1643 1484 perdat,
1666 1437 1855 1484 tanquam
1876 1439 1993 1485 pecus
2017 1430 2195 1472 morbida
2216 1459 2231 1482 ,

253 1503 300 1534 ac
314 1489 525 1534 membrum
544 1497 665 1545 putre
677 1488 766 1545 ejici
787 1486 945 1530 tandem
963 1483 1074 1541 posp't
1086 1511 1101 1533 ‚
1112 1485 1190 1540 fid
1201 1486 1251 1528 ab
1262 1485 1422 1541 ipsimet
1440 1487 1627 1529 Generali
1646 1486 1806 1530 tannim
1818 1489 1863 1530 de
1887 1489 2039 1548 consilio
2053 1516 2069 1541 ,
2087 1492 2142 1540 <9⁴
2165 1488 2230 1548 os:-

237 1549 360 1610 fi'fi‘
371 1547 447 1605 fin
475 1551 640 1592 Patrum
652 1560 700 1590 ex
703 1544 957 1602 gravioribus
972 1542 1183 1599 Religionis
1207 1543 1388 1598 eligendis
1408 1546 1451 1588 in
1451 1544 1621 1601 fingulss
1636 1542 1855 1600 Capitulis,
1879 1548 1943 1590 vel
1955 1552 2235 1604 congregatio-

250 1610 320 1653 bus
342 1605 624 1660 Generalibus;
645 1614 805 1659 tumque
815 1601 969 1659 nonnist
988 1601 1177 1659 instrufio
1186 1602 1393 1647 litanti-'lm
1419 1617 1551 1646 eorum
1565 1603 1710 1660 stylum
1728 1603 1810 1655 ,ά
1825 1605 2115 1657 constitutiones
2137 1618 2233 1662 pro-

251 1666 351 1726 ceffie
363 1694 380 1716 ,
410 1665 464 1716 &0
473 1665 588 1720 plene
593 1662 773 1719 probatis
793 1661 912 1718 causis
924 1661 1149 1716 expulsionis
1164 1661 1221 1702 ad
1241 1666 1450 1704 Sacrorum
1477 1666 1677 1706 canonum
1695 1662 1973 1720 prestriptum
1987 1693 1998 1707 .
2029 1668 2233 1708 Interea-a

254 1737 384 1770 tamen
396 1720 514 1780 usque
538 1721 596 1764 ad
607 1721 783 1777 primum
798 1720 988 1763 Generale
1014 1719 1243 1774 Capitulum
1259 1721 1355 1776 ,feu
1378 1723 1718 1777 Congregationcm
1739 1723 1920 1775 proxime
1930 1722 2199 1766 celebrandam
2215 1751 2231 1775 ,

242 1783 291 1844 st
301 1785 520 1839 quempiam
538 1793 582 1821 ex
596 1779 736 1839 justis,
751 1780 798 1828 θ’
813 1777 1026 1835 neccffltriis
1054 1776 1173 1832 causis
1197 1780 1387 1834 expellere
1399 1778 1593 1834 oportebit
1604 1808 1620 1829 ‚
1642 1779 1775 1835 ejecto
1787 1779 1997 1838 fieripoffit
2010 1782 2037 1823 a*
2058 1785 2232 1824 Genera-

253 1844 288 1886 li
311 1854 398 1884 cum
422 1838 602 1896 consilio,
621 1839 668 1887 ἐς
690 1836 836 1896 affi’nsic
848 1837 925 1895 fix
944 1839 1104 1879 Patrum
1119 1864 1133 1887 ‚
1149 1847 1196 1879 ut
1206 1838 1342 1894 supra*
1357 1867 1372 1890 ,
1387 1851 1479 1892 quos
1499 1837 1679 1880 idcmmet
1708 1837 1908 1879 Generalis
1933 1840 2076 1895 eligere
2098 1840 2235 1881 debeat

255 1899 369 1958 infra
383 1906 554 1954 quatuor
567 1897 705 1953 mensis
730 1899 756 1939 a
773 1893 980 1954 prasi-ntis
1011 1899 1167 1938 Decreti
1180 1896 1444 1950 publicatione
1468 1923 1483 1947 ‚
1503 1896 1675 1952 servatii
1689 1907 1818 1940 tamen
1842 1896 1883 1938 in
1914 1899 2076 1953 reliquis
2091 1897 2237 1955 sormd

156 1989 159 1994 -
239 1956 431 2020 steperitls
449 1952 689 2014 prastriptii
698 1983 710 1996 .
740 1957 802 1997 Sic
814 1952 902 1996 vero
917 1953 1029 2011 cchi
1041 1981 1057 2004 ,
1070 1953 1247 2009 quandiu
1269 1968 1344 1996 non
1356 1954 1549 1996 redierint
1574 1955 1629 1996 ad
1643 1953 1877 2008 Religionem
1889 1981 1903 2003 s
1916 1959 1960 1997 in
1978 1955 2129 2000 Habitu
2143 1958 2234 2000 Cle-

254 2018 373 2062 ricali
386 2016 566 2058 incedant
578 2043 592 2066 ‚
615 2022 736 2069 atquc
763 2012 969 2056 Ordinorti
984 2013 1059 2054 loci
1072 2010 1338 2069 jurisdtbiioni
1349 2038 1364 2060 a
1376 2011 1432 2063 ά·
1443 2011 1666 2055 obedientiae
1680 2013 1841 2068 atbss'nt,
1849 2015 2090 2070 proindeque
2108 2017 2233 2057 Gene-

256 2076 352 2121 ralis
365 2072 470 2118 iliieo
484 2069 960 2133 expulst'onisstntentiam
984 2069 1105 2112 cidem
1130 2070 1343 2112 OrdinarIo
1378 2070 1579 2127 notificare
1608 2081 1789 2115 tencatur
1803 2101 1816 2114 .
1849 2072 2042 2114 ceterum
2065 2077 2236 2116 soem-s

257 2134 519 2191 congregatio
544 2133 788 2189 Religionum
809 2134 1030 2184 superiores
1038 2127 1151 2187 sirio
1166 2128 1344 2171 admonet
1358 2157 1373 2181 ‚
1396 2142 1441 2171 ac
1457 2138 1535 2184 per
1557 2130 1655 2185 {Jefit
1670 2130 1816 2186 christi
1828 2130 1976 2193 nistera
2004 2129 2233 2187 obtestatur,

256 2203 303 2238 ut
327 2204 505 2235 memores
523 2199 709 2246 paterna
736 2188 968 2237 charitatis,
993 2188 1048 2238 ό·
1073 2186 1397 2243 mansuetudinis,
1415 2200 1532 2242 quam
1537 2188 1805 2244 profitentur,
1830 2189 1934 2232 nihil
1945 2194 2229 2234 intentatum-2

254 2251 485 2304 relinquant
498 2274 512 2298 a
541 2258 586 2291 ut
600 2249 801 2291 lucrentur
825 2249 974 2289 animas
992 2249 1183 2291 Fratrum
1205 2245 1370 2299 ficorum
1381 2247 1477 2303 scre
1501 2246 1542 2287 in
1561 2244 1799 2303 profundum
1826 2248 2014 2291 malorum
2037 2247 2235 2304 delapsbs,

253 2320 466 2365 antequam
484 2306 751 2363 grovifflmum
767 2334 781 2355 ,
796 2316 914 2360 atque
940 2314 1155 2348 extremum
1177 2305 1400 2363 expulsionis
1422 2306 1632 2348 remedium
1645 2308 1924 2359 experiantur.
1953 2309 2072 2364 quue
2084 2306 2125 2349 ed
2143 2318 2231 2349 ma.

251 2372 316 2426 gis
329 2394 343 2418 ‚
369 2366 475 2422 quod
484 2363 738 2424 subditorum
751 2364 977 2420 lbnguinem
991 2393 1006 2415 ‚
1025 2364 1156 2419 quiex
1181 2365 1281 2405 malo
1304 2366 1606 2420 negligentium,
1623 2365 1670 2413 θ’
1680 2364 1755 2422 sui
1779 2365 1892 2421 offleii
1924 2369 2232 2410 immemorum

262 2427 521 2472 Praelotorum
534 2427 722 2479 regimine
742 2422 930 2479 peribunt
944 2451 960 2475 ,
977 2426 1162 2464 Dominus
1187 2422 1325 2479 Noster
1348 2422 1463 2482 ‘Jssn
1477 2423 1649 2481 Christus
1664 2428 1708 2466 in
1719 2423 1908 2482 supremo
1923 2425 2000 2468 Dei
2011 2425 2161 2482 judicio
2188 2424 2234 2466 de

257 2484 474 2530 corumdem
505 2485 760 2525 Praelatorum
775 2480 951 2524 manibus
964 2481 1026 2537 sit
1050 2480 1307 2536 requisiturus
1324 2512 1336 2523 .

274 2578 276 2580 .
382 2546 574 2585 Preterea
584 2538 763 2592 statuit,
785 2548 832 2580 ut
851 2540 969 2582 iidem
998 2543 1217 2595 superiores
1243 2540 1389 2582 nemini
1411 2554 1458 2582 ex
1479 2537 1678 2598 Religiost's
1700 2544 1861 2597 expulsis
1889 2545 2044 2586 litteras
2068 2540 2238 2596 testimo-

258 2602 379 2651 niales
405 2598 639 2652 concedant,
660 2600 747 2642 illos
762 2596 816 2639 od
838 2598 971 2641 Sedcm
996 2599 1252 2657 Apostolicam
1274 2598 1489 2656 rejicientes
1515 2626 1530 2650 ,
1555 2602 1617 2643 vel
1631 2600 1813 2657 jubentes
1835 2605 1957 2646 aliam
1982 2600 2134 2655 ingredi
2160 2603 2238 2643 Re-

260 2664 290 2705 li
318 2663 442 2704 ionem
455 2685 469 2701 .

287 2677 317 2720 g
383 2720 476 2760 leem
493 2743 508 2766 ‚
525 2724 573 2758 ut
598 2714 710 2772 ejefii
733 2723 848 2757 extra
875 2716 1110 2768 Religionem
1129 2717 1299 2773 degentes
1309 2743 1323 2766 ‚
1327 2718 1415 2776 sint
1435 2717 1624 2774 perpetui
1633 2716 1815 2776 suspensi
1837 2719 1888 2760 ab
1912 2719 2096 2762 exercitio
2123 2716 2240 2760 orti-

261 2789 383 2878 αυτ,
397 2772 572 2832 stabiam
586 2773 808 2816 ordinariis
835 2772 1002 2816 locorum
1013 2772 1218 2831 facultate
1241 2774 1385 2819 ἄθεα
1413 2777 1697 2835 suspenfionem
1729 2777 1940 2821 relaxandi
1966 2804 1981 2827 ,
2011 2786 2083 2820 aut
2111 2777 2238 2819 mode-

260 2849 337 2880 ran
365 2838 405 2877 i.

383 2892 442 2936 Ac
457 2888 649 2948 postremi
677 2888 826 2944 censuit
850 2916 866 2940 ,
903 2887 975 2946 effi
999 2890 1258 2933 innovandam
1285 2917 1300 2940 ‚
1339 2892 1389 2940 ὅ·
1417 2894 1503 2933 Suc
1524 2891 1789 2935 Beatitudinis
1817 2891 2055 2934 auHoritate
2076 2890 2245 2933 innovat

267 2949 611 2996 constitutionem
624 2946 692 2990 fel.
706 2961 787 2990 rec·
800 2948 991 3001 Gregorii
1005 2949 1078 2990 IX.
1102 2950 1272 2991 relatam
1287 2951 1330 2993 in
1342 2948 1607 2994 c.final.extra
1617 2950 1668 2994 de
1682 2950 1812 3005 regul.
1839 2963 1886 2992 ac
1895 2959 2090 3007 praterea
2117 2950 2242 2991 deela-

265 3019 336 3055 rat
352 3036 368 3059 ‚
392 3020 476 3051 eam
502 3004 822 3064 constitutionem
840 3006 883 3047 in
897 3005 944 3048 iis
958 3019 1108 3061 quoque
1132 3008 1332 3050 vendicare
1341 3007 1414 3055 libi
1435 3009 1558 3052 locum
1571 3039 1585 3062 ‚
1586 3010 1902 3068 servandamque
1921 3006 2015 3065 ψ,
2034 3011 2104 3062 qui
2116 3008 2240 3065 juste,

272 3066 583 3126 diffinitivc‘quc,
611 3079 656 3107 ac
660 3064 766 3122 juris
789 3065 923 3107 ordine
920 3064 1086 3121 strvato
1109 3065 1258 3122 expulsi
1264 3065 1454 3124 fuerint:
1475 3068 1672 3110 dummodo
1691 3077 1821 3110 tamen
1850 3072 1894 3109 in
1917 3066 2077 3121 expulsts
2103 3065 2240 3124 hujus:

269 3127 370 3172 modi
384 3123 515 3184 subsit
527 3123 618 3182 spes
631 3124 780 3167 evidens
803 3124 1089 3172 emendationis,
1104 3138 1151 3166 ex
1174 3124 1321 3167 litteris
1336 3126 1482 3184 fitltcm
1507 3125 1825 3183 testimonialibus
1849 3125 2059 3170 ordinarii
2080 3154 2097 3176 ‚
2127 3124 2238 3182 eujus

271 3185 539 3243 ‘efficientiam
560 3182 603 3227 in
617 3182 670 3225 bis
685 3182 832 3226 litteris
856 3182 1092 3224 concedendis
1106 3186 1229 3225 Sacra
1249 3184 1506 3240 congregatio
1518 3186 1627 3240 sirio
1641 3190 1821 3228 oneravit
1833 3213 1846 3226 .

386 3246 448 3289 Ne
472 3252 550 3298 qua
574 3241 665 3284 vero
677 3241 881 3299 difficultas
893 3243 937 3282 ln
938 3240 1225 3298 suprasiriptis
1253 3244 1428 3285 Decretis
1443 3271 1457 3294 ‚
1486 3244 1858 3294 &ordinationibus
1886 3241 2111 3298 exequendis
2116 3238 2238 3298 subo-

274 3306 409 3348 riatur
422 3330 438 3354 ,
461 3305 584 3343 Sacra
611 3298 867 3357 congregatio
891 3326 906 3349 ‚
929 3297 1161 3356 SanHifflmo
1184 3302 1350 3344 Domino
1372 3301 1512 3357 Nostro
1537 3313 1731 3347 annuente
1746 3333 1761 3356 ‚
1783 3313 1902 3358 atque
1925 3300 2239 3357 approbante-s,

275 3359 458 3417 univcrsts
488 3360 743 3404 Generalibus
755 3388 770 3412 ‚
787 3357 1088 3401 Prouincialibus
1100 3388 1115 3409 ,
1129 3360 1427 3418 commifflsriis,
1443 3361 1638 3420 Minssris
1653 3390 1668 3414 ‚
1685 3358 1992 3418 Prcfidentibus,
2005 3358 2244 3411 Abbatibus,

279 3419 477 3464 Prioribus
489 3439 505 3468 ·‚
522 3418 733 3476 Prepost'tis
747 3445 761 3468 ,
775 3418 1017 3460 Guardianis
1036 3442 1050 3465 ‚
1077 3417 1264 3468 incuriis,
1278 3419 1328 3468 (9·
1346 3419 1634 3476 quibuliunque
1647 3421 1738 3463 aliis
1760 3418 2030 3475 Superioribus
2053 3430 2243 3472 quorum-
2295 3454 2301 3462 .

279 3491 427 3534 cunque
436 3477 631 3523 ordinum
650 3506 666 3532 ‚
689 3480 753 3520 vel
767 3477 1118 3532 congregationum
1131 3505 1146 3528 ‚
1161 3477 1512 3531 Mmalieriornm,
1540 3483 1806 3524 conventuum
1817 3505 1832 3528 2
1844 3478 2102 3534 Collegiorum
2115 3504 2131 3527 ,
2156 3478 2244 3518 Do-

279 3549 430 3580 morum
441 3561 456 3586 ‚
469 3548 513 3578 ae
523 3537 691 3582 locorum
706 3537 958 3592 Regularium
985 3534 1130 3589 ubique
1143 3536 1308 3579 locorum
1329 3537 1571 3593 existentium
1584 3537 1760 3594 injungit
1772 3568 1787 3589 ,
1794 3534 1975 3592 serioque
1986 3533 2172 3583 mandat,
2197 3543 2243 3576 ut

280 3598 353 3639 slla
374 3594 582 3651 diligenter
604 3595 806 3652 observent
819 3623 833 3647 ‚
856 3604 976 3648 atque
987 3593 1185 3651 obse'rvari
1199 3604 1414 3650 procurent
1425 3598 1469 3639 in
1481 3595 1650 3638 omnibus
1667 3595 1850 3641 Coenobiis
1863 3624 1878 3648 ,
1903 3607 1951 3638 ae
1968 3591 2237 3641 Monasteriis‚

277 3652 455 3709 Coilegiis
466 3678 483 3702 ,
493 3664 539 3695 ac
555 3653 738 3698 Domibus
762 3665 1077 3710 quorumcunque
1099 3653 1380 3697 Monacborum
1392 3682 1408 3705 ‚
1419 3669 1464 3696 ac
1480 3655 1734 3710 Regularium
1745 3655 1890 3711 ubique
1899 3655 2068 3696 locorum
2082 3650 2242 3706 existen-

274 3713 379 3756 tibus
389 3738 404 3759 ,
423 3709 667 3768 afficiantque
682 3738 698 3762 ‚
711 3723 757 3757 ut
777 3722 861 3756 tam
881 3715 1049 3754 Decreta
1050 3711 1288 3768 supradibia
1293 3710 1371 3769 fel.
1384 3727 1460 3756 ree.
1476 3714 1682 3757 Clementis
1698 3715 1799 3758 V111.
1816 3712 1936 3769 qudm
1942 3711 2148 3769 presentes
2161 3710 2238 3747 Or-

277 3773 490 3815 dinationes
501 3768 545 3814 in
544 3770 712 3829 fingulis
735 3771 900 3833 ejusdem
914 3773 1003 3816 locis
1015 3769 1089 3826 bis,
1088 3772 1237 3832 sttltem
1254 3775 1298 3817 in
1311 3778 1422 3816 anno
1433 3774 1617 3831 legantur
1627 3775 1671 3816 in
1685 3772 1846 3830 publica
1860 3771 1986 3830 mensa
2000 3797 2013 3810 ·
2138 3820 2183 3861 Β
