2444 4192
757 98 918 185 Sub
978 104 1356 193 Clemente
1422 108 1517 193 V
1522 107 1565 188 l
1585 104 1625 185 I
1644 103 1703 187 I.

269 250 435 310 propriae
446 247 619 304 personae
637 246 787 290 intuitu
805 253 1028 306 attributae,
1042 259 1105 300 seu
1120 273 1215 312 quo.

269 307 467 366 quomodo
478 321 550 361 per
566 306 1035 363 quemlibetReligiosum
1051 314 1117 355 suo
1129 319 1217 357 Mo·

266 365 435 411 nasserio
447 394 461 417 ,
477 367 644 417 Domui,
658 376 724 408 aut
738 368 848 410 Loco
861 365 1068 422 acquifitae,
1080 374 1214 426 eique,

266 433 309 467 ut
321 422 370 465 ad
383 424 541 466 libitum
554 425 606 467 de
627 426 682 467 eis
695 423 875 480 disponat
890 451 905 474 ‚
934 439 1006 478 per
1022 432 1214 481 Superio-

264 495 327 525 res
352 480 539 525 conceffae
569 482 743 526 suerint:
774 484 1042 537 Praeterquam
1063 486 1213 526 leviora

262 540 465 584 esculenta
479 568 495 592 ,
525 552 594 585 aut
607 540 818 598 poculenta
829 566 844 589 ,
872 538 936 583 {eu
962 539 1011 582 ad
1022 542 1214 584 devotio-

262 612 356 641 nem
374 625 388 648 ‚
419 601 485 643 vel
500 600 754 657 Religionem
778 600 1026 656 pertinentia
1051 599 1211 641 munus-

260 657 575 705 cula2communi
590 657 744 702 tantum
758 686 772 710 ,
787 671 990 714 nunquam
1007 659 1105 700 vero
1119 671 1210 713 par·

260 715 419 760 ticulari
439 718 599 760 nomine
619 717 640 771 (
663 717 728 761 ubi
742 716 943 773 Superiori
957 716 1010 758 de
1022 715 1211 760 consensu

260 772 495 817 Conventus
512 775 715 823 videbitur
728 775 957 834 )tradenda
968 805 980 816 .

372 833 450 876 Sed
472 835 512 875 &
541 834 763 888 hujusmodi
781 833 974 878 miffiones
1000 847 1210 877 munerum

257 890 343 947 ipsis
358 891 571 948 Religiofis
585 893 817 937 utriuslibet
834 891 961 945 sexus,
976 907 1056 935 non
1084 893 1212 935 solum

252 963 328 1005 per
341 949 378 994 se
396 979 410 1003 ,
427 951 567 994 verum
581 951 701 994 etiam
715 966 787 1009 per
802 951 902 995 alios
913 979 927 1001 a
941 961 1021 994 tam
1040 950 1207 1000 directe,

253 1008 373 1066 quim
389 1009 585 1052 indirecte
604 1011 834 1066 prohibitas
849 1011 1099 1054 declaramus
1113 1040 1125 1052 .
1158 1046 1165 1050 ,

369 1072 514 1124 Neque
533 1070 630 1111 vero
645 1069 838 1127 quispiam
865 1070 915 1112 ab
939 1071 1012 1112 hac
1030 1067 1208 1127 generali

248 1127 527 1187 prohibitione
561 1125 599 1168 se
630 1128 818 1170 excusare
846 1128 979 1170 valeat
1004 1157 1019 1180 ‚
1059 1125 1206 1171 etiamfi

249 1198 412 1231 munera
427 1181 602 1235 miserit,
628 1185 756 1226 cuivis
770 1185 945 1241 persbnae
956 1187 1083 1228 Laicae
1095 1215 1109 1237 ,
1142 1184 1206 1227 vel

250 1241 536 1289 Ecclefiasticae
550 1240 826 1298 cujuscunque
857 1242 978 1284 status
989 1270 1004 1293 ,
1033 1241 1179 1299 graduis
1190 1270 1205 1292 ,

249 1302 458 1361 dignitatis
473 1328 487 1351 ‚
498 1297 656 1343 ordinis
669 1326 683 1350 ‚
698 1300 761 1342 vel
777 1299 1044 1350 conditionis,
1056 1301 1096 1342 &
1109 1313 1207 1356 qua-

246 1362 309 1405 'vis
325 1370 407 1404 non
424 1356 552 1402 {olum
566 1356 768 1400 mundana
796 1359 834 1400 δι
849 1358 992 1402 Ducali
1007 1386 1022 1409 ‚
1047 1361 1175 1414 Regia
1188 1386 1202 1409 ,

250 1416 454 1476 Imperiali
467 1443 482 1466 ,
515 1415 657 1461 verum
686 1418 808 1460 etiam
830 1416 1104 1460 Ecclefiastica
1118 1443 1133 1467 ‚
1162 1419 1203 1459 δι

250 1474 479 1521 Pontificali
493 1503 508 1527 ,
525 1484 594 1518 aut
608 1474 685 1517 alia
700 1474 874 1531 majori,
887 1476 1009 1519 etiam
1022 1479 1064 1520 S.
1080 1478 1132 1519 R.
1151 1478 1202 1519 Ε.

253 1531 539 1581 Cardinalatiis
553 1533 750 1589 dignitate
766 1532 962 1590 fulgenti,
974 1535 1093 1577 etiam
1107 1548 1201 1591 pro·

250 1595 345 1653 prio
359 1593 439 1636 loci
450 1591 668 1635 Ordinatio
682 1619 697 1643 ‚
710 1593 830 1636 etiam
846 1607 894 1636 ex
907 1594 1020 1635 caula
1034 1620 1049 1644 ,
1074 1595 1113 1636 δι
1130 1608 1202 1636 oc-

245 1655 408 1700 ·caiione
421 1648 711 1693 benedictionis
725 1677 739 1699 a
755 1650 821 1692 vel
843 1650 1103 1706 susceptionis
1117 1654 1202 1695 Ha.

245 1710 353 1758 bitus
381 1708 587 1767 Regularis
600 1733 615 1757 2
640 1708 810 1751 tonsuras
828 1738 843 1761 ,
868 1720 939 1753 aut
952 1706 1202 1754 Profeffionis

250 1768 490 1816 Monialium
503 1795 519 1819 ,
553 1777 636 1810 tam
661 1767 730 1810 fibi
747 1766 992 1811 subditarum
1007 1797 1021 1821 ,
1051 1768 1204 1825 quint,

247 1831 335 1873 'non
350 1827 597 1871 subditarum
607 1855 622 1876 ‚
640 1835 709 1869 aut
726 1826 795 1882 ipsi
809 1827 930 1870 etiam
943 1829 1114 1885 proprio
1123 1829 1204 1870 Or·

191 1936 195 1941 ,
251 1885 359 1931 dinis
376 1914 392 1937 ‚
406 1884 473 1934 vel
490 1884 836 1940 congregationis
850 1887 1102 1939 protectori,
1133 1888 1208 1929 Vi-

246 1941 548 1991 ‘ce·ProteEtori
562 1969 577 1993 ,
595 1943 791 1985 Generali
804 1971 820 1994 ,
848 1943 912 1986 vel
930 1944 1175 1987 provinciali
1191 1972 1207 1995 ,

253 2015 320 2048 aut
333 2001 500 2060 cujusvis
516 1999 744 2044 Monasterii
764 2030 779 2053 ,
796 1999 1003 2045 prioratus
1017 2030 1031 2053 ,
1046 2000 1210 2053 domus,

250 2065 319 2106 aut
330 2059 546 2119 cuiuslibet
563 2058 729 2103 alterius
756 2059 836 2102 loci
856 2060 1068 2116 Regularis
1084 2065 1206 2116 Supe-

252 2122 377 2171 riori,
390 2128 458 2161 aut
476 2117 559 2159 alio
571 2129 826 2173 quocumque
839 2118 977 2160 officio
990 2144 1004 2166 ‚
1017 2133 1179 2162 munere
1193 2146 1206 2170 ,

250 2188 322 2223 aut
336 2176 531 2232 dignitate
546 2171 735 2230 fulgenti,
751 2174 816 2217 vel
831 2175 1070 2232 cuicumque
1083 2178 1204 2218 etiam

246 2234 440 2292 simplici,
454 2233 495 2274 δι
507 2232 741 2290 particulari
755 2231 961 2289 Religioso
977 2246 993 2287 3
1022 2234 1129 2278 Itaut
1144 2236 1203 2276 in·

247 2306 313 2341 ter
328 2292 433 2350 ipsos
444 2292 604 2349 quoque
619 2290 850 2347 Religiosos
875 2291 895 2348 (
917 2306 966 2336 ne
980 2307 1101 2348 prava
1117 2308 1201 2336 am-

245 2354 404 2399 bitione
417 2352 574 2407 impulsi
587 2364 663 2407 pro
677 2350 965 2407 consequendis
981 2353 1021 2394 in
1038 2352 1103 2395 sua
1117 2355 1203 2396 Re-

251 2413 406 2473 ligione
419 2409 607 2468 gradibus
619 2435 634 2458 ,
645 2410 685 2451 &
699 2408 966 2465 dignitatibus
981 2411 1084 2455 alter
1097 2412 1200 2455 alte-

241 2474 329 2517 rius
342 2469 511 2528 gratiam
527 2498 542 2522 ,
569 2478 638 2510 aut
667 2468 997 2513 benevolentiam
1025 2484 1199 2527 aucupe·

245 2541 314 2576 tur
330 2530 618 2591 >quecumque
636 2525 800 2584 largitio
811 2554 826 2576 ‚
847 2537 916 2570 aut
930 2528 1098 2574 donnio
1108 2543 1197 2572 mu-

242 2597 382 2634 nerum
433 2586 499 2631 nili
518 2598 654 2629 rerum
665 2585 922 2629 minimarum
936 2615 949 2639 ‚
967 2586 1020 2632 de
1033 2588 1197 2631 licentia

246 2661 372 2703 expre
406 2661 427 2688 a
439 2668 457 2694 2
467 2647 507 2689 δι
525 2645 566 2688 in
580 2643 737 2701 scriptis
746 2644 1004 2704 Superiorum
1018 2648 1041 2705 )
1066 2648 1111 2691 tit
1124 2663 1196 2705 pe-

248 2707 355 2750 nitus
369 2701 600 2746 interdieta.

361 2760 523 2817 Insuper
541 2759 828 2816 prohibemus,
850 2775 904 2804 ne
926 2777 1100 2820 unquam
1127 2765 1198 2807 eis·

247 2821 344 2867 dem
355 2814 750 2875 Regularibusliceat
763 2818 868 2862 ullas
890 2822 1079 2874 pecunias
1097 2836 1198 2878 quo-

245 2874 632 2939 quomodo‘erogare
656 2876 695 2918 in
708 2876 878 2932 alicujus
894 2879 1015 2922 etiam
1031 2882 1200 2923 Benefa-

245 2939 368 2990 §toris
383 2965 399 2990 ,
415 2939 483 2978 aut'
498 2933 758 2984 protectoris,
768 2934 833 2978 vel
851 2936 1057 2981 Ordinarii
1071 2941 1197 2982 hono·

244 3012 332 3044 rem
345 3026 361 3048 ,
391 2996 513 3038 etiam
533 2992 739 3036 occasione
750 2992 960 3047 transitus,
989 2997 1054 3040 vel
1078 2998 1195 3052 primi

246 3054 442 3115 ingressus
453 3083 469 3106 ,
492 3062 561 3096 aut
572 3051 622 3095 ad
633 3049 919 3096 beneficiorum
943 3064 1195 3108 acceptorum

237 3111 478 3160 'memoriam
492 3141 507 3164 ,
518 3108 704 3168 gratique
717 3111 838 3152 animi
856 3110 1170 3156 testificationem
1179 3143 1193 3166 ,

244 3173 310 3224 seu
324 3176 402 3232 pro
415 3170 607 3229 praedietis
622 3165 800 3225 personis
825 3169 964 3225 quavis
979 3172 1193 3214 auctorita·

246 3232 288 3282 te
309 3261 325 3285 ‚
354 3232 419 3275 vel
447 3229 645 3283 dignitate
666 3225 926 3282 fungentibus
941 3228 1193 3279 honorifice,

248 3283 358 3347 laute
371 3288 391 3342 ,'
401 3291 441 3339 &-
453 3286 620 3345 opipare
641 3286 883 3341 excipiendis
899 3316 914 3340 ,
944 3285 1009 3329 {eu
1023 3301 1098 3343 pro
1108 3290 1195 3344 qui·

247 3343 602 3391 bu'stis'eonviviis
615 3343 762 3388 eisdem
776 3375 791 3397 ,
822 3356 894 3388 aut
922 3346 1049 3389 cuivis
1079 3347 1194 3390 alteri

250 3403 482 3462 quacunque
493 3405 724 3456 creatione,
739 3403 802 3446 vel
815 3403 934 3447 causa
946 3403 1196 3455 exhibendis,

251 3461 319 3505 vel
331 3460 802 3518 pro'commefl'ationibus
816 3489 830 3512 2
845 3472 914 3506 aut
926 3464 1198 3518 compotatio-

250 3518 365 3562 nibus
381 3519 580 3574 ‘quibufvis
590 3520 766 3578 personis
780 3550 795 3574 ,
826 3531 908 3564 tam
922 3521 1100 3579 ejusdem
1114 3524 1196 3565 Or-

251 3575 355 3618 dinis
367 3601 382 3624 ,
395 3575 747 3634 congregationis,
763 3580 992 3624 Monasterii
1007 3609 1022 3632 ,
1039 3578 1196 3630 domus,

250 3645 318 3679 aut
333 3633 442 3683 loci,
452 3637 575 3690 quam·
583 3639 780 3681 extraneis
791 3640 1025 3696 largiendis,
1045 3649 1109 3682 aut
1123 3653 1196 3694 pro

250 3690 483 3740 exhibendis
498 3690 726 3748 speetaculis
734 3725 752 3748 ,
769 3698 890 3741 etiam
907 3699 979 3759 piis
992 3698 1097 3742 intra
1116 3700 1196 3741 Ec-

1998 137 2034 212 3
2060 141 2087 191 1
2105 141 2158 218 9

1274 258 1408 299 clefias
1428 285 1444 308 ‚
1462 255 1700 309 Monasseria
1715 281 1729 303 ,
1744 253 1780 292 8ι
1798 252 1948 295 Domos
1965 256 2091 301 sacras
2106 289 2120 309 ‚
2153 265 2216 305 seu

1273 315 1358 369 pias
1371 341 1384 362 ‚
1414 314 1475 353 vel
1494 323 1610 353 extra
1637 324 1703 352 eas
1715 336 1729 357 ‚
1748 310 1789 349 in
1803 311 2008 363 quibusvis
2022 319 2188 367 publicis
2202 348 2217 369 ,

1271 379 1342 411 aut
1357 370 1542 423 privatis,
1558 367 1689 413 sacris,
1703 376 1770 407 aut
1784 366 1956 420 profanis
1972 370 2086 419 locis,
2097 376 2216 415 etiam

1272 425 1339 470 ubi
1353 426 1612 472 Sanctorum,
1640 425 1923 465 &Sanctarum
1942 426 2046 476 vita,
2075 439 2217 470 autres

1272 484 1337 539 pie
1347 482 1477 536 gestae,
1491 481 1612 522 etiam
1627 481 1666 522 in
1681 480 1914 524 memoriam
1932 483 2118 525 Paffionis
2135 488 2221 526 Do-

1272 540 1423 582 minicae
1432 539 1591 595 populis
1606 537 1821 594 spectandae
1835 552 2137 595 proponuntur,
2150 554 2220 585 aut

1272 598 1366 641 aliis
1381 598 1419 639 in
1434 599 1629 653 praediCtis
1642 624 1656 646 ι,
1670 599 1750 640 five
1764 600 1804 640 in
1817 599 2016 655 quibusvis
2031 602 2148 642 rebus
2165 601 2224 641 su-

1273 659 1525 714 pervacaneis
1538 658 1585 699 ad
1602 670 1784 714 pompam
1799 681 1811 704 ‚
1833 659 1872 699 &
1884 657 2191 701 ostentationem
2206 687 2222 710 ,

1272 727 1341 759 aut
1368 716 1417 758 ad
1447 715 1760 758 oblectationem
1775 747 1790 768 ‚
1822 718 1887 759 vel
1916 730 2139 773 paucorum
2158 716 2222 759 lu-

1270 789 1386 818 crum
1404 802 1417 824 ,
1441 776 1481 816 &
1509 775 1660 829 privata
1679 774 1889 818 commoda
1913 775 2220 832 quomodolibet

1270 834 1567 890 pertinentibus
1578 861 1592 883 ,
1606 832 1675 874 nifi
1691 847 1734 876 re
1749 833 1827 889 ipsa
1842 848 1918 891 pro
1928 834 2066 876 divino
2079 834 2189 877 cultu
2203 863 2219 885 ,

1270 895 1310 935 ἃ.
1333 894 1441 935 veris
1454 892 1596 934 Christi
1611 906 1829 947 pauperum
1851 893 2082 948 indigentiis
2096 920 2111 942 ,
2136 893 2220 935 ser-

1268 962 1362 995 vato
1377 953 1417 994 in
1431 953 1507 994 hoc
1522 952 1732 994 charitatis
1745 951 1886 993 ordine
1899 980 1914 1002 ,
1936 953 1977 993 δι
1994 952 2126 994 habita
2145 966 2213 993 ne-

1266 1010 1453 1054 ceffitatis
1468 1011 1639 1058 ratione,
1653 1010 1704 1052 de
1714 1008 1879 1052 confilio
1890 1011 1930 1052 δι
1943 1010 2131 1054 consensu
2144 1015 2218 1054 Su-

1268 1071 1471 1127 periorum
1485 1067 1737 1112 sublevandis
1750 1082 1766 1121 3
1780 1079 1848 1112 aut
1862 1069 1958 1110 alias
1974 1069 2011 1111 in
2026 1071 2147 1112 rebus
2164 1069 2215 1110 li-

1267 1130 1361 1171 citis
1377 1159 1391 1181 ,
1403 1130 1444 1171 8ι
1458 1141 1529 1183 per
1547 1128 1787 1184 Capitulum
1801 1128 2025 1174 Genera1e‚
2037 1138 2107 1172 aut
2122 1130 2219 1171 Pro-

1267 1187 1434 1230 vinciale
1460 1200 1539 1229 non
1557 1186 1768 1243 prohibitis
1782 1216 1795 1237 ,
1826 1187 1890 1229 vel
1918 1197 2048 1230 raxam
2062 1187 2118 1228 ibi
2133 1184 2218 1228 for-

1265 1244 1330 1286 san
1348 1245 1611 1300 praescriptam
1626 1259 1707 1288 non
1726 1246 2024 1296 excedentibus,
2038 1247 2217 1301 sumptus
2250 1246 2260 1256 '

1265 1301 1489 1358 hujusmodi
1506 1301 1603 1344 fiant
1620 1331 1631 1342 .

1355 1360 1620 1403 Declarantes
1635 1371 1767 1404 tamen
1790 1374 1862 1416 per
1875 1362 1955 1403 haec
1975 1359 2220 1404 laudabilem

1260 1421 1302 1462 ὰ
1325 1417 1556 1476 Apostolica
1586 1419 1766 1463 doctrina*
1777 1445 1791 1468 ‚
1819 1418 2017 1477 sacrisque
2044 1422 2220 1464 Canoni-

1262 1479 1333 1520 bus
1361 1476 1689 1521 commendatam
1712 1478 2046 1534 hospitalitatem,
2063 1477 2216 1535 praeser-

1263 1538 1336 1579 tim
1354 1548 1447 1589 erga
1469 1549 1660 1591 pauperes
1688 1539 1726 1579 δι
1757 1539 1991 1594 peregrinos
2019 1566 2034 1590 ‚
2061 1552 2218 1592 nequa-

1263 1608 1380 1652 quam
1398 1595 1609 1646 imminui,
1620 1604 1688 1638 aut
1702 1596 1908 1651 prohiberi
1924 1625 1936 1636 .
1966 1595 2217 1656 Qinimo‚fi

1264 1655 1330 1710 qui
1347 1653 1529 1697 redditus
1543 1652 1589 1694 ad
1605 1653 1644 1696 id
1659 1682 1674 1704 ,
1710 1654 1838 1697 velex
1854 1653 2118 1705 fundatione,
2151 1656 2214 1695 vel

1266 1726 1313 1756 ex
1331 1712 1544 1760 institutis,
1570 1710 1724 1755 statutis
1738 1739 1752 1760 ‚
1780 1724 1850 1756 aut
1863 1713 2215 1756 consuetudinibus

1266 1771 1492 1827 aliquorum
1509 1772 1845 1814 monasteriorum
1862 1800 1875 1822 ,
1896 1771 2092 1814 Ordinum
2105 1800 2119 1822 ,
2150 1781 2219 1812 aut

1265 1828 1533 1886 Regularium
1546 1828 1766 1882 hujusmodi
1782 1829 1966 1871 locorum
1977 1858 1992 1880 ,
2004 1839 2071 1872 aut
2086 1843 2134 1870 ex
2155 1838 2217 1870 te·

1266 1888 1460 1931 staturum
1471 1915 1487 1937 ,
1499 1885 1563 1928 vel
1577 1887 1817 1929 donantium
1830 1888 2127 1938 voluntatibus,
2138 1886 2215 1928 five

1267 1946 1366 1988 alias
1381 1944 1606 2000 applicati,
1618 1954 1687 1986 aut
1699 1943 1942 1992 donatisunt
1955 1974 1971 1997 ‚
1999 1959 2069 1988 eos
2086 1947 2218 1987 omni-

1265 2017 1320 2046 no
1344 2004 1362 2056 (
1381 2012 1425 2044 ut
1439 2001 1593 2055 decet)
1615 2002 1775 2056 integre
1789 2003 1828 2045 in
1844 2004 1932 2044 usus
1944 2005 2031 2057 pios
2044 2002 2217 2058 hospita·

1266 2061 1392 2104 litatis
1426 2058 1652 2114 hujusmodi
1677 2060 1909 2115 erogandos
1934 2058 2034 2108 eise,
2059 2063 2096 2102 &
2117 2074 2218 2116 prae-

1264 2118 1447 2162 sertimin
1460 2118 1733 2168 Monafleriis,
1759 2119 1825 2160 seu
1849 2117 1949 2160 locis
1960 2118 2153 2171 desertis,
2175 2120 2216 2161 ἃ.

1264 2180 1284 2219 ὃ
1315 2177 1510 2219 laicorum
1525 2176 1671 2217 aedibus
1699 2176 1856 2231 longius
1872 2179 2051 2226 remotis,
2068 2178 2136 2221 ubi
2151 2188 2215 2220 ta-

1264 2249 1352 2278 men
1368 2248 1608 2288 pauperum‚
1632 2235 1673 2275 δι
1699 2236 1791 2277 vere
1819 2249 2037 2293 egenorum
2055 2237 2159 2280 ratio
2174 2238 2215 2280 in

1262 2294 1399 2351 primis
1414 2294 1611 2336 habeatur
1626 2318 1639 2332 .

1376 2352 1416 2395 Si
1433 2366 1534 2409 quos
1553 2352 1648 2395 vero
1658 2350 1826 2396 ditiores
1853 2354 2059 2398 occafione
2074 2354 2216 2398 tranii-

1259 2412 1324 2455 tsss
1341 2413 1442 2462 ,sive
1455 2412 1551 2457 aliis
1566 2425 1615 2454 ex
1628 2411 1858 2454 devotionis
1875 2442 1889 2464 ‚
1915 2424 1981 2456 aut
2009 2414 2215 2457 necessita-

1260 2471 1311 2515 tis
1324 2469 1439 2514 causa
1452 2471 1503 2512 οὸ
1516 2471 1726 2513 divertere
1742 2472 1963 2526 contigerit
1979 2500 1992 2523 ‚
2020 2487 2089 2514 eos
2117 2472 2213 2517 sane

1257 2529 1426 2573 deceret
1447 2529 1668 2572 refectorio
1695 2531 1899 2572 communi
1915 2545 2006 2572 cum
2023 2530 2205 2583 Religio-

1257 2587 1302 2631 fis
1318 2618 1331 2640 ,
1347 2588 1537 2644 mensaqu
1578 2589 1618 2629 δι
1631 2587 1794 2630 ferculis
1812 2589 2097 2631 communibus
2115 2617 2127 2639 ,
2140 2603 2212 2630 ne-

1259 2662 1460 2704 quaquam
1475 2648 1496 2689 i
1511 2604 1665 2704 (ΞΜ-ἦς
1679 2646 1869 2689 distinctis
1897 2658 2110 2690 contentos
2124 2646 2213 2689 else.

1259 2710 1412 2751 Verum
1427 2708 1597 2765 omnino
1625 2705 1693 2760 ipfi
1725 2706 1948 2761 Regulares
1979 2707 2019 2748 in
2046 2705 2214 2762 hospiti-

1257 2767 1329 2809 bus
1342 2765 1874 2822 hujusmodipotentioribus
1899 2765 2142 2821 excipiendis
2158 2767 2213 2808 ita

1258 2821 1297 2868 se
1311 2833 1456 2879 gerant
1468 2852 1484 2874 ‚
1499 2834 1542 2866 ut
1555 2824 1595 2865 in
1609 2824 1665 2865 eis
1680 2820 1883 2875 frugalitas
1898 2851 1914 2874 ,
1934 2825 1975 2864 δι
1996 2835 2211 2880 paupertas

1258 2881 1442 2939 religiosa
1456 2881 1614 2936 prorsus
1641 2879 1803 2922 eluceat
1817 2907 1830 2919 .
2010 2916 2037 2921 ,Δ

1376 2941 1467 2984 Pari
1503 2940 1623 2983 etiam
1653 2937 1809 2980 ratione
1835 2935 2010 2981 distrieke
2048 2936 2211 2981 inhibe.

1257 3013 1369 3050 mus,
1387 3013 1438 3041 ne
1451 2996 1645 3053 quispiam
1658 3009 1708 3038 ex
1723 2994 1921 3050 praedictis
1938 2996 2085 3040 Laicus
2108 2997 2211 3044 alias

1253 3071 1391 3112 quam,
1404 3065 1448 3097 ut
1472 3050 1646 3109 superius
1668 3053 1817 3096 difflum
1833 3053 1888 3095 est
1902 3082 1918 3104 ,
1940 3054 2007 3097 vel
2024 3055 2210 3099 Clericus

1252 3114 1464 3162 saecularis2.
1479 3113 1543 3155 vel
1558 3113 1785 3167 negantis,
1794 3126 2029 3168 quocunque
2048 3113 2211 3164 honore,

1254 3173 1551 3232 praeeminentia
1563 3200 1576 3223 ,
1591 3171 1808 3214 nobilitate
1822 3199 1836 3222 ,
1853 3182 1924 3213 aut
1945 3170 2205 3222 excellentia,

1253 3236 1376 3276 etiam
1399 3236 1440 3275 S.
1456 3234 1509 3274 R.
1527 3233 1576 3273 E.
1591 3228 1875 3273 Cardinalatfis
1901 3230 2101 3284 dignitate
2115 3244 2209 3284 prat-

1251 3292 1380 3342 ditus,
1392 3292 1513 3334 etiam
1528 3292 1741 3332 Protet‘lor
1752 3317 1767 3339 ,
1787 3288 2113 3343 Viceprotec'tor,
2127 3288 2207 3332 loci

1249 3350 1495 3394 ‚Oi-dinarius
1507 3377 1521 3400 ,
1535 3348 1725 3391 Praelatus
1739 3373 1753 3395 ,
1775 3347 1985 3388 Generalis
1998 3375 2012 3397 ,
2041 3348 2210 3390 Provin-

1257 3409 1371 3454 cialis
1386 3436 1400 3458 ,
1412 3417 1480 3451 aut
1497 3406 1728 3451 Monasterii
1743 3431 1756 3453 2
1773 3403 1942 3456 Domus,
1957 3404 2022 3448 vel
2044 3406 2124 3451 loci
2138 3422 2208 3449 cu-

1255 3467 1420 3526 juslibet
1443 3466 1638 3521 Superior
1650 3493 1664 3515 ,
1695 3462 2053 3506 eorumveraffines
2064 3492 2079 3514 ,
2111 3479 2206 3520 pro·

1257 3525 1395 3580 pinqui
1411 3553 1426 3576 ,
1441 3518 1654 3565 familiares
1667 3547 1681 3569 2
1695 3530 1766 3562 aut
1782 3521 1949 3565 Ministri
1973 3525 2206 3566 utriuslibet

1256 3583 1368 3626 fexfis
1383 3609 1398 3633 ,
1411 3582 1621 3637 quicquam
1636 3590 1778 3623 eontra
1804 3581 1906 3622 hanc
1931 3579 2111 3638 superius
2125 3596 2203 3634 ⁴ex-

1254 3640 1418 3699 pressam
1434 3639 1746 3695 prohibitionem
1761 3639 1950 3695 recipiant
1965 3671 1977 3683 .
1995 3677 1998 3681 .

1369 3697 1494 3756 Quod
1513 3697 1538 3741 fi
1552 3726 1566 3751 ‚
1583 3697 1648 3742 vel
1663 3697 1712 3740 ab
1725 3696 1863 3754 aliquo
1877 3697 2205 3792 particularililef

2125 3765 2156 3791 ι.
