2444 4192
745 224 912 308 Sub
968 223 1329 308 ll‘lartino
1397 223 1500 307 V.
1533 310 1541 312 -

1915 249 2070 332 133

168 371 522 426 Ultram'onianus',
545 372 829 418 cismontanus
843 375 983 417 Socius
999 380 1132 418 teneat
1189 374 1300 415 colai
1335 375 1417 414 111.
1447 372 1488 412 in
1515 369 1678 434 praesata
1692 368 2055 422 Decretali35xiit
2070 382 2145 431 qu,-

161 436 328 492 figillum
358 431 524 477 Ordinis
540 463 554 487 ,
581 434 622 475 δι
643 440 828 482 econtra,
841 430 868 473 fi
907 431 1130 476 Generalis
1172 430 1353 489 stmInat
1366 429 1405 478 §.
1422 427 1471 476 θ’
1484 438 1584 482 quta
1603 439 1645 468 m
1659 426 1785 467 eodem
1799 454 1812 466 .

158 495 204 540 fit
223 491 508 537 Cismontauus
521 520 536 543 ‚
566 491 891 536 ultramontanus
905 493 1047 535 Socius
1060 501 1122 534 te-

157 550 461 608 matsigillum
476 551 662 596 Ordinis.
691 552 782 594 Nec
803 549 921 605 poffit
947 564 1019 593 eos
1034 554 1120 594 Ge·

150 610 301 656 neralis
324 609 375 653 ad
391 610 552 656 libitum
577 618 827 655 commutare
841 637 859 660 ,
889 609 960 651 nifi
983 616 1122 651 morte

161 669 488 722 interveniente,
519 667 584 714 vel
608 667 685 714 alia
710 666 1050 724 causilegitima'i,
1080 667 1122 708 &

157 730 249 772 casu
266 729 466 774 notabili:
490 737 587 773 tunc
599 728 706 772 enim
728 726 998 771 inlocoillius
1027 726 1119 768 sub·

149 787 404 835 stitutionem
416 788 588 833 alterius
599 785 710 835 Socii
721 785 774 830 de
786 784 1118 830 confilioDiscre-

152 854 294 892 torum
307 847 436 893 facere
448 847 565 905 ponit
577 874 592 892 ο

208 908 356 964 Item„q
364 906 446 951 uod
459 905 678 951 secundum
687 904 1007 950 declarationem
1021 918 1116 972 qua-

64 1012 65 1015 Ἴ
147 970 247 1009 tuor
259 966 560 1021 magistrorum,
577 965 793 1009 Generalis
809 980 892 1010 non
910 963 1027 1022 poffit
1045 978 1121 1006 im-

147 1031 306 1067 mutare
321 1023 458 1082 aliqua
478 1024 669 1069 ordinata
688 1039 761 1083 per
788 1024 940 1083 ipsum,
969 1026 1011 1067 &
1037 1026 1121 1067 Ca·

146 1082 325 1139 pitulum
349 1083 554 1128 Generale
566 1115 582 1138 ,
607 1085 687 1128 fine
700 1084 814 1141 ipsius
828 1083 1011 1141 Capituli
1034 1085 1119 1126 Ge-

148 1142 300 1186 nei-alis
322 1140 498 1192 afferam,
527 1145 568 1187 in
595 1144 685 1197 his,
716 1159 804 1200 quae
829 1154 1003 1200 tangunt
1030 1143 1118 1186 Re·

148 1200 258 1258 gula
270 1203 493 1256 puritatem
507 1230 520 1243 .
552 1203 644 1245 Nee
655 1202 776 1258 poffit
801 1203 978 1259 aliquem
992 1202 1117 1246 licen·

143 1261 252 1304 tiare
265 1259 318 1302 ad
331 1259 497 1304 cursum
515 1260 734 1317 Magister-ii
746 1291 763 1313 ,
794 1261 862 1304 nifi
879 1260 1002 1305 fuerit
1015 1274 1115 1317 prae·

149 1317 331 1363 scamus
355 1332 430 1375 per
442 1317 670 1363 Ministrum
696 1322 1022 1372 provincialem,
1046 1318 1116 1375 qui

147 1379 351 1422 neminem
365 1378 516 1424 audeat
555 1379 794 1431 roesentare,
825 1378 894 1422 nifi
919 1376 1115 1424 deconfi-

146 1435 206 1481 lio
219 1465 241 1491 ‚A
264 1437 305 1481 δι
317 1436 463 1482 assensu
477 1435 519 1495 ip
551 1451 595 1480 us
611 1438 797 1495 Capituli
815 1436 1084 1484 Provincialis
1098 1465 1111 1479 .

264 1499 369 1543 Item
383 1523 399 1548 ‚
428 1495 540 1555 quod
552 1497 762 1554 praedietus
787 1497 1004 1543 Generalis
1018 1496 1114 1540 nul-

143 1554 228 1600 lam
239 1557 482 1600 exactionem
496 1557 770 1613 pecuniariam
798 1556 936 1602 facere
964 1555 1109 1615 potiit,

141 1629 218 1658 nec
234 1629 311 1671 pro
322 1614 632 1661 confirmatione
646 1617 949 1671 Ministrorum,
977 1630 1107 1672 neque

61 1674 64 1678 '
142 1672 375 1718 vifitatione
402 1675 745 1729 Provinciarum,
774 1691 906 1734 neque
931 1690 1010 1732 pro
1024 1678 1108 1718 Ma-

143 1731 336 1788 gistcrio,
367 1742 435 1776 aut
459 1732 672 1787 vestiario,
703 1734 768 1777 vel
793 1736 928 1779 literis
949 1732 1107 1777 officio·

140 1805 234 1837 rum
243 1799 312 1837 aut
323 1789 608 1848 suffragiorum
621 1822 636 1847 ,
667 1793 751 1837 five
762 1808 1016 1853 quacumque
1037 1807 1109 1836 oc·

149 1849 310 1898 ‹afione
323 1849 390 1896 vel
403 1851 547 1896 colore
560 1851 755 1910 quaefitis:
785 1853 896 1913 quod
911 1882 927 1906 ‚
956 1855 982 1896 fi
997 1851 1107 1896 secus

146 1907 322 1962 fecerit,
347 1908 432 1966 ipso
447 1908 552 1955 fano
575 1911 644 1955 suo
661 1912 802 1959 officio
824 1915 873 1958 fit
899 1913 1107 1970 privatus3

146 1968 242 2011 Nee
253 1975 468 2010 teneantur
485 1971 640 2013 Fratres
656 1973 726 2016 fibi
738 1972 911 2016 ulterius
922 1972 1106 2016 obedire.

145 2026 245 2069 Etsi
259 2024 403 2069 exinde
424 2025 682 2080 imposterum
706 2028 996 2082 presumpserit
1020 2032 1110 2071 Ge&

147 2081 356 2128 neralan'is
375 2081 557 2127 officium
569 2082 781 2136 detinere,
811 2084 924 2140 quod
950 2083 1036 2140 ipso
1050 2082 1111 2126 fa-

147 2146 218 2186 cto
251 2142 299 2187 fit
332 2140 519 2198 perjurus
545 2167 561 2191 ‚
591 2141 778 2194 infamis,
805 2142 1046 2186 &inhabilis
1059 2142 1110 2187 ad

144 2212 405 2257 quacumque
417 2198 578 2246 officia,
609 2199 674 2241 vel
710 2200 909 2241 beneficia
934 2227 950 2250 ,
981 2202 1111 2241 bono-

141 2270 211 2301 res
229 2253 532 2311 &dignitates,
561 2255 700 2298 tamin
715 2256 874 2300 Ordine
902 2257 1021 2313 quim
1046 2270 1112 2299 ex·

153 2323 219 2362 tra
227 2312 433 2361 Ordinem
445 2313 699 2367 obtinendaf.

267 2376 374 2418 Item
401 2402 419 2424 ‚
451 2371 561 2429 quod
588 2386 672 2416 non
708 2369 828 2417 faciat
856 2373 1045 2419 vicarios
1072 2374 1112 2417 in

144 2430 374 2482 Provinciis
386 2460 402 2486 ‚
425 2430 495 2474 nifi
512 2431 550 2475 in
573 2433 723 2477 cafibus
738 2431 963 2478 neccffariis
985 2435 1023 2476 δι
1040 2448 1115 2489 op-

139 2493 326 2552 portunis
350 2517 367 2542 ,
395 2490 541 2547 quibus
565 2491 740 2548 expletis
771 2492 1000 2539 Vicat-infir
1023 2492 1114 2536 offi-

141 2553 254 2600 cium
267 2548 353 2611 ipso
367 2546 475 2594 fano
488 2549 675 2596 volumus
689 2554 872 2611 expirare
884 2582 897 2596 .

259 2668 434 2739 Quoad
462 2671 622 2741 Caput
658 2675 756 2725 lx.
793 2674 985 2745 Regulae

411 2791 477 2832 De
491 2790 818 2838 Praedcatorlbus
827 2822 841 2837 .

230 2907 442 2953 Tatuimus
491 2909 534 2950 δε
571 2908 805 2956 ordinamus
827 2941 844 2966 ,
871 2911 984 2970 quod
1012 2913 1106 2956 Fra-

87 2978 89 2980 ·
136 2914 213 3027 S
246 2976 329 3013 tras
352 2982 434 3011 non
454 2964 674 3022 praedicent
695 2968 735 3012 in
759 2970 1006 3027 Episcopatu
1031 2970 1106 3014 ali-

142 3027 256 3086 cujus
290 3025 512 3083 Episcopi,
536 3038 631 3070 cum
642 3026 693 3068 ab
708 3041 759 3072 eo
773 3027 894 3074 flierit
907 3030 990 3074 illis
1002 3044 1104 3073 con·

54 3071 75 3124 Ι.
103 3088 107 3098 ’
140 3085 361 3131 tradictum
380 3113 396 3137 ,
423 3082 489 3127 sed
516 3099 610 3129 cum
638 3087 751 3130 omni
776 3088 1035 3142 humilitate,
1062 3090 1105 3131 ἃ.

131 3145 375 3214 *reuerentia
388 3143 580 3189 Praelatos
595 3142 780 3189 Ecclefiae
798 3146 972 3193 debeant
985 3162 1105 3194 vene

147 3286 202 3323 ιζ..
257 3266 389 3319 Item,
417 3261 529 3324 quod
551 3264 686 3309 nullus
705 3264 913 3323 praesumat
939 3266 1103 3324 Populo

256 3320 265 3333 ⁶
294 3338 392 3377 are,
419 3322 973 3379 nifiiceneraliMinistro,
1002 3325 1102 3370 vela

190 3431 194 3433 Α
231 3387 233 3390 ’
254 3382 264 3392 “
315 3382 458 3429 ‘alibus
477 3385 519 3428 in
545 3384 748 3441 Capitulis
762 3384 1101 3438 Provincialibus,

154 3437 401 3505 fidimus,
429 3444 576 3502 quibus
602 3459 677 3500 per
700 3443 948 3489 Gener-alem
975 3444 1102 3487 Mini-

157 3493 275 3551 Q
296 3499 425 3546 fierit
445 3500 692 3548 commiffum
717 3530 733 3554 ‚
756 3505 1010 3548 examinatus
1035 3517 1103 3546 ex-

157 3552 324 3625 stffigtit,
353 3561 673 3619 &approbatus‚
703 3563 938 3607 &officium
965 3561 1109 3619 praedi·

162 3620 329 3658 cationis
350 3617 421 3662 fibi
434 3620 705 3667 commiffum.
736 3622 885 3668 Poffint
899 3620 1108 3665 nihilomi-

157 3683 234 3740 ΠΨ
249 3673 578 3737 l’fjssfatiMinistri
602 3681 826 3726 conceffam
862 3678 1107 3740 praedicandi

156 3734 560 3800 ilcenmmrevocare
574 3767 589 3791 ‚
612 3738 854 3798 suspendere
876 3770 894 3792 ,
928 3742 1110 3782 &arcia-

160 3803 208 3831 ΥΒ
223 3815 238 3838 2
267 3795 549 3857 quotiesfficut
565 3827 580 3851 ,
603 3800 818 3855 &quando
840 3800 896 3843 eis
908 3799 1115 3843 videbitur

75 3909 77 3911 v
156 3846 347 3907 expedffe
361 3875 375 3900 s
395 3860 497 3906 sslxta
507 3855 822 3904 declarationem
843 3858 1019 3918 praedieii
1044 3854 1119 3900 Ni-

1295 489 1351 530 Et
1364 484 1475 543 quod
1490 484 1669 542 praediCti
1679 513 1693 535 ‚
1718 483 1862 539 quibus
1876 487 2144 533 committitur

1180 546 1393 592 auctoritas
1410 543 1639 602 praedictam
1655 542 1861 585 licentiam
1875 543 2143 598 concedendi,

1181 607 1340 652 nullum
1369 606 1419 650 ad
1435 601 1731 662 praedIcationis
1744 599 1927 643 officium
1953 602 2147 646 admitte.

1180 682 1227 710 re
1241 666 1445 714 debeant,
1475 663 1547 706 nisi
1561 663 1745 708 extiterit
1770 659 2045 703 admittendus
2076 667 2149 706 sa-

1177 725 1319 771 cerdos
1334 755 1350 779 ,
1380 726 1445 768 vel
1461 723 1668 768 Diaconus
1683 747 1698 771 2
1728 720 1855 763 aetatis
1870 718 1922 760 ad
1934 720 2069 763 minus
2089 722 2150 762 vi—

1176 786 1467 844 gintiquinque
1481 796 1679 827 annorum
1699 808 1714 831 ,
1738 778 2010 835 competentis
2037 779 2147 822 litte-

1177 855 1323 890 raturae
1348 874 1363 897 ‚
1402 844 1486 887 vita
1506 873 1521 897 ,
1550 845 1591 885 δι
1617 839 1791 884 moribus
1819 840 2115 894 comprobatus
2132 866 2149 890 ,

1178 903 1292 958 cujus
1305 902 1490 947 doctrina
1515 900 1666 946 merito
1690 898 1830 955 populi
1854 895 2044 942 aedificari
2078 910 2151 941 va·-

1182 965 1291 1008 leant
1306 965 1388 1006 fine
1405 962 1598 1006 scandalo
1611 990 1624 1003 .

1297 1026 1482 1067 Caveant
1498 1032 1632 1066 autem
1645 1019 1945 1066 Praedicatores
1969 1014 2149 1075 praedicti

1180 1083 1351 1128 omnino
1374 1110 1391 1133 ‚
1419 1096 1471 1126 ne
1486 1110 1501 1134 ,
1524 1080 1692 1140 quando
1723 1079 1976 1138 pradicant,
2006 1075 2155 1134 praesu-

1179 1154 1294 1187 mant
1320 1141 1540 1200 quidquam
1565 1150 1711 1183 contra
1744 1140 1979 1184 libertatem
2008 1140 2154 1180 Sacro·

1176 1200 1311 1246 sanaae
1326 1205 1518 1246 Romanae
1533 1200 1717 1244 Ecclefiae
1728 1228 1745 1252 ,
1769 1198 1837 1242 vel
1852 1197 1955 1242 Eccl
1966 1194 2150 1239 efiasticis

1176 1261 1363 1306 Personis
1377 1262 1612 1312 detrahere,
1624 1259 1689 1302 vel
1718 1257 1739 1314 (
1753 1255 1862 1314 quod
1878 1254 2014 1314 abfit)
2037 1253 2154 1296 scan-

1175 1321 1317 1365 dalum
1334 1332 1475 1365 contra
1488 1319 1662 1363 Clerum
1675 1344 1689 1367 ,
1716 1319 1780 1361 vel
1796 1315 2061 1372 Religionem
2075 1311 2154 1355 ali-

1176 1395 1299 1437 quam
1311 1381 1578 1430 excitare‚aut
1595 1377 1770 1422 Persona
1783 1375 1957 1431 aliquam
1971 1372 2143 1429 prae'sen-

1176 1452 1259 1484 tem
1286 1438 1549 1482 criminaliter
1564 1436 1774 1478 nominare
1792 1434 1886 1486 ‚sed
1903 1433 2039 1491 potitis
2052 1444 2151 1474 con·-

1173 1511 1236 1543 tra
1250 1496 1412 1542 hareses
1432 1499 1471 1539 &
1486 1494 1696 1539 schismata
1710 1493 1892 1548 Populos
1907 1491 2147 1546 dirigere2&

1171 1558 1351 1603 fideliter
1381 1556 1561 1600 animare
1574 1584 1590 1608 ‚
1618 1556 1654 1597 δι
1695 1554 1737 1596 in
1762 1551 2023 1596 Orthodoxae
2053 1547 2150 1592 fidei

1170 1619 1346 1663 veritate
1363 1615 1543 1669 firmare,
1559 1613 1735 1657 maxime
1749 1622 1900 1656 contra
1915 1610 2152 1668 praefiemem

1169 1678 1430 1723 Sathanicam
1443 1702 1458 1724 ‚
1474 1676 1513 1716 δι
1526 1675 1762 1719 damnatam
1776 1672 1956 1716 haerefim
1973 1667 2148 1712 Huffita·

1168 1752 1258 1781 rum
1270 1765 1285 1788 ‚
1308 1745 1456 1780 contra
1470 1748 1571 1790 quos
1582 1734 1622 1776 in
1635 1732 1770 1788 aliqua
1782 1739 1900 1789 parte
1914 1728 2116 1772 sermonis
2133 1756 2148 1779 ,

1169 1807 1296 1854 prout
1336 1794 1543 1840 videbitur
1556 1792 1790 1849 expediens,
1819 1792 2046 1834 invehatur
2062 1816 2074 1828 .
2105 1787 2148 1830 Si

1167 1858 1256 1914 quis
1272 1862 1409 1899 autem
1425 1853 1644 1897 temerarie
1658 1862 1803 1894 contra
1818 1850 1962 1893 statum
1977 1877 1992 1900 ,
2016 1848 2149 1889 hono·

1167 1929 1257 1960 rem
1275 1944 1292 1966 ,
1308 1914 1550 1969 dignitatem
1563 1940 1578 1962 ,
1604 1912 1643 1953 &
1661 1908 1979 1953 Ecclefiasticam
2011 1905 2142 1947 liber·

1166 1986 1293 2019 tatem
1322 1970 1615 2029 praesumpserit
1635 1968 1859 2027 predicare
1872 1994 1887 2017 a
1915 1965 2005 2024 ipso
2035 1960 2139 2005 facto

1168 2032 1471 2088 proedieationis
1494 2029 1636 2072 officio
1651 2059 1667 2081 ,
1698 2030 1739 2072 δι
1762 2028 1877 2071 omni
1892 2030 1982 2070 astu
2007 2023 2151 2078 legiti-

1170 2103 1239 2132 mo
1260 2087 1307 2128 fit
1322 2088 1511 2141 privatus
1525 2114 1538 2127 .
1569 2087 1700 2142 Quod
1725 2089 1753 2128 fi
1771 2086 1857 2141 post
1872 2083 2144 2143 praedielam,

1173 2144 1445 2204 privationem
1468 2143 1760 2200 praesumpserit
1783 2143 2003 2196 praedicare
2034 2168 2050 2191 ‚
2078 2154 2151 2195 per

1173 2208 1263 2247 suos
1288 2204 1480 2247 Proelatos
1495 2230 1510 2251 ‚
1536 2201 1646 2243 omni
1666 2201 1943 2257 appellatione
1960 2197 2152 2255 postpofi-

1174 2261 1247 2310 ta,
1274 2260 1337 2300 vel
1353 2260 1435 2299 alio
1461 2258 1714 2311 subterfugio
1730 2284 1743 2306 ‚
1773 2259 2010 2300 carceribus
2035 2270 2149 2301 man·

1173 2334 1208 2363 ci
1269 2327 1334 2360 tur
1348 2344 1359 2356 .

1213 2332 1263 2376 pe
1289 2378 1375 2439 Qii
1393 2374 1551 2419 Praelati
1565 2375 1634 2429 ipfi
1650 2401 1664 2423 ‚
1680 2373 1703 2416 fi
1721 2375 1762 2418 in
1777 2373 1974 2428 praedict'x
1987 2371 2144 2417 suerint

1174 2436 1452 2493 negligente5‚
1469 2435 1510 2477 in
1524 2435 1707 2478 eamdem
1724 2448 1888 2489 poenam
1902 2431 1942 2475 se
1954 2433 2147 2476 noverint

1174 2495 1356 2540 incidisse
1372 2526 1388 2547 ,
1403 2493 1472 2537 nis·
1487 2494 1722 2537 rationabili
1749 2494 1786 2534 8(
1806 2493 1989 2548 legitima
2004 2490 2117 2534 causa
2130 2518 2148 2543 ‚

1172 2558 1226 2601 de
1253 2555 1498 2613 impotentia
1528 2552 1566 2596 se
1581 2553 1742 2596 valeant
1766 2549 1982 2594 excusare.
2014 2553 2148 2606 Super

1170 2630 1274 2676 quos
1284 2646 1299 2669 ‚
1313 2618 1353 2659 δι
1366 2614 1578 2673 praediftos
1594 2612 1887 2657 Praedicatores
1901 2611 2143 2665 delinquen-

1169 2687 1250 2728 tes,
1264 2675 1474 2720 Ordinarii
1494 2675 1684 2717 locorum
1706 2672 1870 2729 plenam
1897 2668 2145 2727 jurisdictio-

1167 2751 1259 2780 nem
1287 2737 1465 2779 habeant
1492 2732 1712 2791 puniendi,
1738 2734 1780 2775 δι
1802 2730 2041 2774 carcerandi
2060 2727 2141 2771 fine

1166 2797 1250 2840 alio
1271 2793 1451 2854 procelsu
1467 2824 1483 2847 ,
1503 2792 1554 2836 ad
1579 2791 1688 2851 quod
1716 2806 1808 2835 cum
1846 2804 1948 2847 opus
1981 2788 2131 2840 fuerit,

1165 2855 1343 2913 praedicti
1369 2853 1581 2898 Ordinarii
1610 2853 1807 2894 invocare
1847 2850 2012 2893 valeant
2043 2849 2142 2891 bra-

1165 2915 1305 2959 chium
1320 2914 1531 2958 saeculare:
1557 2914 1689 2962 uem,
1715 2910 1829 2966 quod
1843 2909 1979 2952 nullus
1991 2910 2138 2952 Frater

1164 2974 1313 3019 audeat
1326 2975 1368 3017 in
1393 2971 1585 3017 Ecclefiis
1598 2968 1740 3011 alienis
1757 2964 2138 3023 praedicareabsque

1164 3034 1331 3078 licentia
1342 3030 1551 3076 Ordinarii
1566 3058 1581 3081 ‚
1598 3042 1648 3071 ne
1663 3028 1804 3084 gignat
1820 3026 2052 3070 standalum
2060 3057 2076 3078 ,
2093 3027 2135 3068 &

1163 3092 1341 3137 dedecus
1351 3090 1518 3134 Ordinis
1532 3117 1547 3140 ‚
1562 3089 1685 3131 liceat
1701 3098 1841 3130 tamen
1857 3085 1905 3128 iis
1931 3086 2036 3128 iniis
2050 3097 2139 3127 ter·

1165 3154 1221 3196 ris
1234 3181 1247 3204 ,
1260 3151 1331 3194 ubi
1345 3163 1423 3207 pro
1442 3159 1625 3203 tempore
1639 3145 1714 3189 filit
1736 3142 1973 3188 consuetum
1986 3174 2004 3196 ,
2031 3144 2135 3187 utin

1166 3208 1502 3268 Quadragefima,
1514 3204 1838 3250 Proceffionibus
1848 3232 1863 3255 ‚
1877 3204 1917 3245 &
1931 3201 2136 3252 fimilibus,

1165 3273 1207 3314 δι
1220 3279 1322 3313 tunc
1336 3283 1411 3312 nec
1428 3266 1512 3310 fine
1526 3265 1694 3309 licentia
1717 3264 1983 3309 Praelatorum
2005 3260 2133 3303 Ordi-

1162 3331 1222 3373 nis
1236 3343 1249 3371 :
1262 3342 1339 3372 nec
1357 3327 1579 3385 proedicent
1592 3323 1790 3368 vanitates
1802 3355 1816 3379 ‚
1839 3320 1905 3365 vel
1919 3320 2128 3372 materias,

1161 3403 1249 3448 quae
1279 3387 1510 3432 scandalum
1552 3381 1699 3443 possmt
1742 3378 2017 3439 verifimiliter
2057 3394 2131 3438 ge-

1161 3461 1307 3494 nerare
1320 3477 1333 3491 ι

1924 3906 2068 3966 Qoad
