2444 4192
320 164 487 253 504

241 295 457 351 satagimus
481 307 498 347 3
524 293 677 337 nullam
704 292 1067 348 pretermittentes
1089 306 1209 335 occa-

238 359 388 399 fionem
402 355 647 397 intemeratae
660 351 756 394 disci
760 351 880 407 plinae
908 353 1205 395 observantiam

238 414 467 459 Catholicis
493 413 683 455 omnibus
723 409 1209 466 prescribendi-&com-

240 471 474 525 menda-di,
491 473 630 515 verum
647 470 769 514 etiam
788 469 1049 513 lndultorum
1064 472 1115 513 ab
1131 473 1208 516 hac

239 533 382 576 cadem
412 530 644 587 Apostolica
672 528 777 571 Sede
800 528 976 586 benigne
1006 529 1210 574 concello·

238 592 481 636 miniter-tos
496 588 680 632 indicare
708 586 858 630 limites
869 617 884 640 ,
904 590 945 630 ἃ.
958 598 1087 632 tutam
1101 589 1209 646 ipa»

235 653 329 696 nir'n
345 650 515 693 formam
528 645 721 702 usumque
747 645 946 702 praefinire
958 677 975 699 ,
992 647 1105 705 juxta
1118 663 1208 692 'no-

236 711 357 753 stram
379 711 418 750 δι
444 703 782 751 Praedeccfforum
810 707 1037 751 nostrorum
1054 735 1071 760 ,
1099 722 1204 765 quo-

233 780 328 814 aum
352 767 592 810 auetoritate
621 763 890 820 prodierunt,
913 776 1093 823 mentem
1116 794 1132 816 ‚
1162 768 1205 810 ἃ.

234 828 521 879 voluntatem,
545 833 827 882 opportunum
852 826 1079 870 inDomino
1101 825 1205 883 judi.

235 899 373 929 camus
388 914 402 926 .
697 899 702 902 ·
723 901 726 903 Α
751 900 756 917 ·-
788 897 798 904 ·
1023 902 1033 923 '.

351 943 458 987 Sane
473 946 576 987 banc
590 945 908 999 providentiam,
921 946 948 989 fi
961 944 1074 1003 quod
1086 944 1202 994 aliud

232 1002 465 1055 loduicum,
480 1003 580 1048 illud
594 1006 635 1047 in
649 1006 1011 1063 primiszpostulare
1025 1003 1202 1056 videtur,

230 1077 315 1120 quo
329 1063 451 1104 Sedes
468 1064 699 1120 Apostoliea
729 1064 794 1108 vel
821 1066 975 1108 cunetis
998 1062 1195 1107 Christifi·

229 1121 390 1173 delibus
398 1135 502 1178 ‚per
513 1122 749 1167 universalis
758 1124 915 1181 Jubilaei
928 1124 1088 1167 litteras
1103 1149 1120 1173 ,
1130 1121 1199 1166 vel

229 1180 521 1225 nonnullarum
549 1183 780 1239 Regionum
795 1183 950 1226 Incolis
965 1212 979 1235 ‚
1009 1196 1082 1238 per
1102 1180 1201 1225 Bul·

230 1239 313 1282 lam
328 1265 344 1291 ‚
360 1251 403 1282 ut
415 1241 623 1297 appellant
645 1246 861 1294 ouciate,
877 1243 941 1284 vcl
955 1242 1078 1285 certis
1093 1241 1210 1296 Uni-

228 1297 487 1343 verfitatibus
506 1329 521 1353 ,
535 1311 605 1343 aut
625 1302 833 1344 Sodarmm
850 1299 913 1345 seu
930 1300 1198 1346 Confratrum

228 1358 414 1401 coettbus
428 1387 444 1409 ,
467 1372 539 1415 per
558 1361 744 1415 specialia
762 1362 978 1416 privilegia
993 1389 1011 1412 ,
1035 1360 1199 1415 elargiri

225 1418 471 1473 quandoque
500 1418 711 1461 consuevit
737 1417 974 1461 sacultatem
1014 1417 1197 1475 eligendi

225 1476 299 1519 nbi
317 1489 441 1518 uuum
469 1479 699 1532 quempiam
722 1475 1020 1521 Confeffarium
1047 1491 1096 1519 ex
1127 1491 1197 1530 ap-

225 1535 412 1591 probatis
436 1534 486 1575 ab
507 1536 732 1576 Ordinatio
757 1535 809 1575 ad
833 1533 1096 1575 conseffiones
1122 1546 1189 1573 au·

227 1592 395 1635 diendas
409 1619 426 1640 ,
451 1592 520 1645 qui
545 1590 797 1645 eosaculpis
812 1617 827 1640 ,
848 1590 1088 1632 criminibus
1110 1615 1124 1639 ,
1153 1589 1193 1630 &

224 1648 401 1693 censuris
420 1674 436 1698 ,
448 1648 630 1703 alioqmn'
642 1647 855 1691 reservatis
867 1676 880 1699 ,
892 1645 1105 1691 absolvere
1121 1660 1191 1689 va·

223 1709 303 1752 leat
318 1718 333 1748 =
362 1707 523 1748 Etenim
548 1711 601 1749 eo
631 1706 890 1761 periculosius
909 1708 948 1749 in
965 1707 1033 1750 usu
1051 1705 1191 1749 ludul-

222 1779 358 1810 torum
373 1763 491 1822 hujus
509 1767 667 1820 generis
678 1776 842 1810 erratur
856 1794 871 1818 ‚
882 1780 964 1823 quo
977 1765 1138 1821 gravius
1152 1765 1191 1809 in

226 1826 366 1870 iisdem
392 1825 525 1879 agitur
548 1824 782 1879 negotium,
810 1826 1061 1868 sacramenti
1075 1826 1191 1867 nimi-

222 1899 314 1929 rum
332 1883 591 1927 Poenitentiae
605 1882 759 1938 ‚·÷laplis
773 1883 859 1939 post
875 1885 1129 1940 Baptismum
1140 1882 1191 1926 ad

223 1943 396 1988 salutem
411 1940 574 1998 prorsus
591 1940 827 1995 necessarii,
853 1943 988 1986 valida
1016 1957 1065 1987 ae
1091 1943 1191 1999 legi-

220 2004 321 2046 tima
334 2000 628 2056 administratio
646 2029 660 2054 ,
684 2000 941 2060 ejusdemque
967 2001 1190 2059 respediive

221 2060 420 2116 susceptio
433 2073 448 2103 ε

340 2121 393 2162 Et
406 2119 585 2176 *quidem
614 2119 686 2163 fel.
712 2120 877 2165 record.
913 2119 1194 2165 Proedeeessor

219 2180 371 2225 Noster
396 2180 657 2233 lnnocen'tius
674 2182 778 2238 Papa
794 2182 893 2226 ΧΠ.
906 2195 954 2225 cx
969 2179 1121 2226 delatis
1134 2181 1197 2224 ad:

217 2237 258 2282 sc
280 2238 900 2296 nonnullorum'fipiscoporum
925 2241 1058 2297 Regni
1081 2242 1186 2284 'Por‘-

218 2300 398 2353 tugailiae
412 2309 510 2341 tune
529 2302 728 2356 temporis
742 2301 1018 2352 existentium,
1029 2301 1070 2342 δι
1082 2299 1187 2345 alio·

218 2371 311 2401 rum
326 2358 523 2399 timorate
548 2357 800 2403 conscientia
816 2361 1009 2403 Virorum
1039 2373 1188 2416 quere-

217 2415 270 2461 lis
283 2445 300 2467 ,
312 2416 547 2474 intelligens
559 2420 794 2474 opinionem
808 2419 1007 2477 quandam
1020 2417 1187 2463 revixis-
1205 2422 1207 2425 ’

216 2475 285 2525 se,
300 2478 546 2532 ceteroquin
564 2490 636 2533 per
649 2479 900 2535 Apostolicas
916 2479 1029 2522 Pauli
1048 2478 1186 2525 V.Ur·

218 2534 311 2577 bani
327 2536 448 2578 vill.
461 2564 478 2588 ,
491 2538 533 2579 δι
544 2537 770 2582 Clementis
785 2540 839 2582 X.
867 2540 1186 2583 Rornanorum-a

216 2592 463 2638 Pontificum
480 2596 822 2642 Pte-decessorum
844 2597 1013 2642 suorum·
1028 2597 1186 2642 Consti*

219 2651 399 2694 tutionca
415 2680 430 2703 ‚
459 2668 618 2697 necnon
697 2671 716 2699 r
740 2658 855 2713 plura
882 2657 1183 2713 Congregatio·

218 2723 317 2752 num
343 2716 384 2753 s.
405 2712 455 2752 tt.
472 2713 519 2754 Ε.
540 2670 853 2771 ,(Σεηέῒηϋυω,
881 2724 966 2756 tam
997 2712 1182 2757 Concilli

220 2767 449 2812 Tridentini
466 2770 775 2827 lmerprctum‚
799 2773 919 2828 quim
944 2772 1118 2830 negotiis
1145 2773 1183 2814 δι

219 2825 589 2873 consultationibus
617 2829 913 2886 Episcoporum
938 2831 978 2873 δι
1004 2830 1185 2886 Regula·

216 2886 320 2929 tium
334 2884 637 2941 prepositorum
664 2890 840 2932 Decreta
856 2915 870 2940 ,
886 2888 1042 2933 dudum
1066 2891 1184 2932 dam·

217 2955 354 2988 natam
373 2970 388 2995 ,
402 2957 449 2986 ac
476 2945 762 3000 reprobatam,
775 2961 852 3002 qua
877 2947 1071 3003 opinione
1088 2947 1184 2992 freti

217 3004 402 3060 plerique
422 3003 584 3047 illarum
599 3007 773 3061 partium
797 3005 983 3057 Fideles,
1012 3008 1183 3051 privile·

217 3076 279 3118 gia
296 3092 311 3114 ‚
325 3064 360 3104 a
379 3061 545 3106 indulta
559 3064 668 3106 circa
690 3064 917 3122 proedieiam
933 3063 1180 3110 Confessatii

214 3123 458 3165 electionem
483 3124 509 3166 a
534 3125 679 3168 Sancta
692 3124 801 3169 sede
813 3126 1001 3169 concessa
1014 3127 1051 3169 δι
1074 3125 1179 3170 elar-

217 3182 324 3236 gita,
348 3180 389 3223 in
414 3180 564 3224 litteris
595 3183 839 3238 Apostolieis
866 3197 943 3240 pto
954 3185 1178 3230 Cruciatta

212 3244 356 3285 saneta
371 3241 570 3284 emanarit
582 3267 597 3291 ‚
611 3256 708 3298 quas
722 3241 878 3286 Bullam
893 3245 1095 3289 Cruciatoe
1110 3257 1181 3287 vo·

214 3310 303 3341 cant
319 3327 334 3353 ,
349 3298 679 3356 itaintelligcnda
693 3306 775 3345 esse
798 3302 1078 3347 existimabant
1095 3330 1109 3354 ‚
1136 3312 1180 3346 ut

218 3356 387 3401 ficulna
404 3357 441 3401 in
459 3357 573 3401 Bulla
591 3357 815 3417 hujusmodi
839 3361 1180 3408 christifidelibus

216 3418 439 3468 attributa,
462 3415 685 3464 confitendi
715 3430 883 3477 peccata
911 3417 976 3465 sua
1011 3420 1179 3465 cuilibet

214 3474 476 3518 Consi-suario
496 3492 567 3535 per
595 3492 891 3537 quemcumque
920 3480 1183 3524 Ordinarium

215 3534 265 3577 ad
288 3531 562 3581 consertione-⁸
575 3538 797 3582 audiendas
806 3541 1100 3596 approbatm&
1117 3552 1179 3583 re-

215 3592 396 3649 cipiendi
419 3594 470 3636 ab
482 3610 531 3639 eo
545 3596 839 3643 absolutionem
857 3623 872 3647 ι
891 3609 935 3642 ut
950 3596 1176 3654 prefertur,

213 3652 240 3696 δ
253 3651 455 3708 quibusvis
484 3657 659 3710 peccatis
679 3665 804 3716 atque
830 3656 1005 3702 censuris
1023 3658 1063 3702 in
1078 3672 1172 3716 pr·-

213 3709 321 3755 dina
357 3711 472 3753 Bulla
501 3727 581 3755 non
606 3715 819 3775 exceptis,
846 3716 981 3761 locum
1011 3719 1181 3763 haberet

212 3770 251 3812 ἃ
282 3770 432 3816 babere
454 3773 684 3817 censeretur
708 3804 724 3831 ,
762 3776 911 3821 ctiamfi
938 3776 1180 3823 ordinarius

1202 2148 1208 2157 ι

756 133 922 221 Sub
982 133 1384 221 Benedibi'o
1444 138 1534 224 X
1555 135 1596 219 I
1615 135 1717 223 V.

1270 288 1455 350 praefatus
1478 309 1559 339 uon
1573 294 1929 340 esteroi-dinarius
1942 296 2048 340 illius
2061 296 2171 350 loci,
2193 296 2237 341 in

1267 367 1348 409 quo
1361 352 1635 399 Confeffiones
1647 355 1856 412 praedictas
1875 357 2006 412 excipi
2023 359 2238 412 continge-

1252 424 1368 465 ¹rct3
1389 411 1627 470 Hujusmodi
1640 414 1900 471 opinionem,
1928 419 1968 456 in
1988 418 2234 473 Congrega-

1269 471 1447 515 tionibus
1466 475 1508 516 S.
1527 474 1579 516 R.
1599 476 1646 517 E.
1661 471 1943 516 cardinalium
1956 483 2066 524 ,tam
2081 483 2242 529 eorum,'

1270 531 1340 587 qui
1357 540 1453 574 tunc
1471 533 1664 589 temporis
1685 532 1980 587 Episcoporum
2007 533 2047 574 δι
2062 535 2243 588 Regula-

1266 592 1374 633 rium
1390 590 1753 634 consultationibus
1769 590 1961 646 prepositi
1979 595 2239 647 erant,qu31m

1267 650 1442 692 aliorum
1466 651 1659 694 adversus
1690 651 1921 692 haereticam
1957 651 2236 704 pravitatem...

1268 709 1536 752 Generalium
1566 709 1890 766 lnquifitoruma
1903 707 2007 751 Sede
2034 709 2238 762 Apostoli-

1265 783 1313 811 ca
1335 768 1569 825 specialiter
1585 769 1875 824 deputatorum
1890 795 1906 818 2
1931 768 1983 810 de
1998 766 2111 824 ipfius
2126 781 2234 811 man-

1264 828 1364 870 dato
1390 841 1440 869 ex
1466 830 1633 884 integro
1650 828 1949 875 examinatam,
1978 826 2123 870 iterum
2146 840 2238 870 cen·

1262 888 1345 930 suit
1366 885 1700 943 prostribendam
1716 896 1837 941 atque
1850 887 2122 934 damnandam
2139 899 2155 938 3
2186 887 2236 928 fi-

1262 945 1348 988 cuti
1363 943 1489 1002 reipsa
1504 945 1731 1002 proscripsit
1746 946 1786 988 &
1799 944 2105 1002 damnavit2pet·
2120 950 2235 1001 Apo-

1263 1004 1425 1047 stolicas
1452 1004 1493 1046 in
1516 1002 1646 1048 forma
1675 1005 1815 1047 Brevis
1844 1003 2000 1048 litteras
2034 1004 2231 1060 incipien.

1263 1067 1363 1106 Cum
1382 1062 1523 1118 ficut,
1553 1063 1620 1106 die
1643 1063 1800 1106 decima
1831 1078 1939 1108 nona
1968 1063 2116 1118 Aprilis
2139 1063 2234 1107 anni

1264 1122 1464 1164 millesimi
1482 1120 1821 1177 septingentefimi
1837 1149 1852 1172 a
1883 1118 2149 1167 Pontificatt‘is
2174 1121 2233 1164 sui

1262 1194 1369 1225 anno
1396 1194 1507 1224 nono
1521 1180 1650 1224 editas
1665 1210 1679 1233 ‚
1703 1181 1929 1226 decernens
1958 1183 2000 1225 δι
2019 1182 2233 1226 declarans

1221 1240 1492 1293 wpraedie'ta'in
1518 1239 1677 1283 Bullam
1690 1242 1894 1285 Cruciatae
1906 1269 1920 1291 a
1932 1241 2065 1299 quoad
2081 1255 2230 1298 appro-

1259 1300 1465 1343 bationem
1479 1298 1834 1347 Confessariorum
1847 1327 1862 1350 ‚
1879 1301 1976 1343 nihil
2002 1300 2101 1343 novi
2131 1300 2230 1354 iuris

1258 1356 1461 1402 induxisse
1472 1386 1490 1409 ,
1507 1358 1746 1416 nullumque
1759 1357 2018 1414 privilegium
2040 1358 2231 1402 contine-

1257 1432 1303 1461 rc
1315 1426 1458 1460 contra
1486 1413 1655 1459 formam
1681 1417 1858 1462 Concilii
1888 1416 2152 1466 Tridentini,
2182 1418 2225 1462 δε

1255 1474 1535 1530 prediaarum
1572 1474 1928 1516 constitutionum
1969 1472 2230 1529 Apostolica-

1254 1544 1342 1572 rum
1358 1542 1375 1581 ς,
1393 1528 1497 1570 adeo
1507 1539 1551 1570 ut
1583 1528 1828 1572 Confessarii
1852 1539 1934 1574 tam
1966 1530 2186 1575 seculares
2210 1561 2228 1585 ,

1252 1589 1372 1644 quam
1391 1586 1639 1643 Regulares,
1663 1588 1909 1646 quicumque
1929 1588 1992 1632 illi
2020 1590 2123 1642 fint,
2153 1591 2226 1636 in.»

1253 1646 1335 1690 vim
1359 1645 1472 1690 dic-12
1493 1646 1618 1691 Bullae
1642 1648 1845 1693 Cruciatae
1865 1648 1888 1694 a
1917 1649 2218 1693 Poenitentibus

1253 1704 1305 1750 ad
1318 1704 1540 1748 audiendas
1560 1706 1871 1752 sacramentales
1897 1721 2039 1751 eorum
2065 1707 2226 1754 confes-

1252 1766 1379 1808 fiones
1394 1763 1513 1807 electi
1526 1793 1542 1818 ,
1553 1766 1788 1812 nullatenus
1803 1764 2068 1814 confeffiones
2094 1766 2227 1823 huius.

1254 1824 1363 1868 modi
1379 1824 1524 1868 audire
1540 1825 1703 1870 valeant
1730 1827 1811 1869 fine
1826 1827 2123 1881 approbatione
2139 1831 2227 1872 Or-

1252 1884 1452 1928 dinarii&
1471 1883 1655 1941 Episcopi
1684 1884 1916 1928 Dioecesani
1947 1886 2057 1936 loci,
2083 1886 2124 1928 in
2139 1901 2223 1944 quo

1251 1942 1320 2000 ipfi
1339 1945 1594 1986 Poenitentes
1609 1944 1788 1999 degunt,
1802 1943 2136 1988 &confessarios
2149 1945 2226 1989 eli-

1249 2011 1379 2058 gunt,
1394 2001 1459 2044 vel
1475 2002 1524 2045 ad
1539 2003 1795 2059 excipiendas
1807 2000 2072 2055 confessiones
2087 2005 2222 2062 requi-

1227 2070 1373 2115 ¹runt3
1390 2075 1463 2104 nec
1486 2060 1537 2102 ad
1551 2063 1632 2104 hoc
1654 2059 1856 2118 suffragari
1881 2063 2222 2120 approbationem

1248 2119 1387 2172 semel,
1401 2122 1469 2165 vel
1482 2119 1699 2175 pluriesab
1721 2122 1950 2167 Ordinatur
1963 2121 2134 2170 aliorum
2157 2122 2223 2166 lo-

1223 2194 1394 2224 meorum
1405 2206 1421 2231 ,
1436 2178 1514 2223 wel
1526 2220 1529 2222 .
1544 2179 1786 2228 Dioecesfim,
1804 2182 2020 2226 obtentam
2031 2210 2047 2235 ,
2063 2183 2222 2227 etiamst

1246 2240 1482 2298 Penitentes
1495 2238 1660 2291 illorum
1676 2239 2010 2292 ordinariorum,
2018 2242 2092 2298 qui
2105 2244 2222 2286 Con·

1232 2299 1428 2345 *fessariot
1453 2299 1610 2344 ciceios
1642 2299 1928 2357 approbassent
1944 2328 1960 2353 ‚
1986 2299 2135 2345 subditi
2157 2300 2219 2344 so-

1246 2370 1358 2409 rent:
1371 2358 1644 2415 Subindeque.
1654 2359 1784 2403 statuit
1802 2357 2080 2404 Confeffioues
2095 2359 2218 2404 aliter

1249 2418 1495 2476 inposterum
1511 2414 1686 2461 facias&
1696 2420 1782 2462 -res
1773 2419 1928 2475 peetive
1941 2418 2216 2470 auditas,nul-

1250 2479 1336 2529 las,
1349 2478 1515 2530 irritas,
1533 2476 1791 2521 &invalidas
1806 2474 1929 2533 fore3
1950 2479 1990 2520 ec
2018 2477 2219 2522 sacerdo-

1246 2539 1355 2583 tibus
1368 2563 1384 2588 ‚
1412 2537 1482 2594 qui
1496 2536 1583 2580 illas
1595 2535 1738 2580 audire
1762 2535 2074 2593 presumpserint
2087 2563 2103 2587 2
2134 2536 2219 2582 sus-

1214 2603 1218 2607 ’
1247 2597 1441 2655 penfionis
1454 2608 1597 2652 penam
1611 2593 1699 2651 ipso
1714 2596 1819 2638 sacto
1838 2595 2127 2654 incurrendam
2153 2595 2218 2638 in·

1243 2655 1346 2698 dixit
1361 2666 1374 2695 :
1390 2653 1635 2709 Opinionem
1649 2659 1787 2696 autem
1800 2666 2097 2710 quamcumque
2115 2666 2217 2697 con·

1243 2711 1411 2756 trariam
1441 2738 1457 2762 ‚
1480 2719 1688 2766 tamquam
1711 2709 1855 2754 falsam
1881 2740 1896 2763 ,
1927 2712 2183 2756 temerariam
2199 2740 2216 2764 ,

1247 2768 1513 2816 scandalofitm
1525 2795 1539 2818 ‚
1554 2771 1594 2811 8ι
1612 2769 1652 2811 in
1669 2771 1781 2824 praxi
1797 2771 2080 2825 perniciosam,
2093 2770 2212 2814 dam-

1246 2831 1357 2873 navit
1374 2829 1443 2880 ,δι’
1454 2827 1689 2885 reprobavit
1701 2855 1716 2879 ,
1747 2841 1919 2886 eamque
1946 2828 2191 2888 potiffimum
2201 2857 2216 2873 .

1245 2888 1297 2933 de
1323 2901 1403 2946 qua
1427 2885 1544 2944 supra
1560 2886 1737 2932 diximus
1753 2915 1769 2941 ,
1796 2886 1887 2932 ullo
1901 2886 2026 2933 modo
2038 2887 2181 2933 doceri
2198 2917 2214 2943 ‚

1246 2944 1419 3004 sustineri
1433 2972 1449 2997 ,
1468 2956 1535 2988 aut
1552 2945 1603 2988 ad
1620 2947 1776 3004 praxim
1791 2944 1972 3001 deduci,
1987 2947 2215 3006 prohibuit,

1242 3006 1314 3049 sub'
1332 3002 1435 3064 peni
1452 3003 1882 3051 excommunicationis
1913 3020 1985 3064 per
2005 3005 2216 3053 contrafa-

1240 3063 1423 3110 cientesi
1454 3063 1495 3109 so
1515 3062 1907 3112 fafloincurrendaet
1930 3077 2054 3124 prout
2084 3065 2209 3111 latius

1241 3124 1282 3168 in
1298 3122 1413 3182 supra
1447 3123 1532 3168 ictis
1548 3123 1703 3168 litteris
1723 3125 1983 3171 continetur·
2134 3143 2138 3147 ’

1356 3185 1441 3235 Has
1465 3182 1623 3235 litteras
1649 3184 1887 3241 innocentii,
1907 3183 2216 3241 Proedecel'soris

1241 3242 1417 3304 predicti
1434 3242 1518 3300 poll
1541 3241 1697 3302 aliquot
1717 3257 1859 3306 annos,
1874 3242 1939 3290 sua
1955 3258 2007 3313 qu
2065 3235 2116 3291 ite
2131 3234 2215 3288 'au-

1241 3302 1436 3346 &oritate
1456 3315 1478 3345 a
1509 3300 2027 3360 probavit‚confirmavit,
2091 3303 2216 3354 innoq

1243 3362 1352 3406 vavit
1383 3375 1482 3406 reco
1501 3390 1513 3404 .
1529 3361 1678 3418 pariter
1698 3375 1819 3407 mem·
1845 3360 2106 3407 innocentius
2134 3363 2213 3406 Pa-

1241 3435 1290 3478 pa
1305 3423 1420 3466 xm.
1434 3419 1504 3464 die
1518 3419 1677 3466 decima
1703 3422 1824 3467 tertia
1851 3420 1949 3477 Maii
1969 3420 2061 3464 anni
2080 3420 2214 3466 mille&

1244 3478 1329 3524 fimi
1354 3478 1692 3537 septingentefimi
1708 3479 1883 3539 vigeliinl
1910 3479 2048 3529 tertii,
2066 3479 2210 3524 Ponti-

1243 3537 1382 3584 iicatllt
1409 3538 1466 3583 stri
1500 3542 1627 3584 Anno
1663 3537 1842 3584 seeundo
1867 3565 1884 3592 ,
1914 3537 2033 3582 editis
2069 3538 2206 3583 limili-

1236 3598 1308 3642 bus
1332 3597 1519 3644 informa
1545 3597 1687 3644 Brevis
1714 3596 1863 3642 litteris
1892 3596 2083 3654 incipien.
2106 3601 2207 3656 Apo-

1221 3657 1357 3714 stoliei
1372 3655 1755 3715 minster-liquibus
1769 3656 1883 3712 plura
1903 3656 2138 3715 complexus
2152 3656 2211 3703 cst

1241 3717 1293 3760 ad
1321 3715 1641 3762 Ecclcfiaflicam
1665 3714 1913 3772 disciplinam
1942 3715 1980 3761 in
1999 3715 2213 3775 Hispania-

1242 3790 1335 3821 rum
1362 3776 1517 3834 Regnis
1541 3772 1777 3820 servandam
1793 3776 2073 3833 pertinentia,
2085 3775 2212 3879 :icin-

2103 3846 2150 3879 er
