2444 4192
388 184 559 291 418

334 339 718 394 constitutionem
752 336 882 386 Pauli
919 337 1006 384 PP.
1046 338 1107 384 V.
1147 340 1284 404 Supe-

401 412 596 460 rioribus
624 406 927 476 Regularibus
947 404 1283 474 cujuscunque,

401 482 591 531 Ordinis
623 476 765 527 caulis
787 480 889 527 Sac.
919 476 1227 544 lnquifitionis
1242 476 1285 528 se

399 553 601 621 ingerere
629 546 945 616 prohibentem
970 546 1215 600 confirmat
1233 549 1284 601 <St

399 623 589 689 ampliat
601 655 613 668 .

514 738 626 781 Feria
654 736 775 780 v-die
806 735 952 794 8.Julii
973 736 1095 784 1660.

322 856 377 905 In
404 852 733 924 Congregatio'ne
766 855 967 907 Generali
998 855 1159 907 Saenflae
1194 852 1282 904 Ro-

382 943 510 973 mane
536 928 593 974 (7
612 925 890 994 Univerfilis
909 925 1194 995 Inquffitionis
1209 927 1281 974 ha-

382 994 475 1043 bita
490 999 536 1044 in
554 995 723 1046 Palatio
740 998 971 1065 Apostolico
984 998 1097 1064 apud
1113 996 1160 1046 S.
1175 994 1279 1046 Ma·

384 1070 493 1115 riam
511 1064 729 1133 Major-ens
748 1087 883 1118 coram
914 1067 1174 1133 Sanc‘liffi'mo
1190 1067 1280 1114 Do-

380 1141 490 1185 mino
515 1136 681 1187 Noflro
701 1139 949 1189 Alexandro
975 1138 1153 1190 Divina
1175 1136 1277 1186 Pro-

381 1209 581 1259 videntia
594 1209 725 1276 ‘Papa
749 1207 857 1260 VII.
874 1227 921 1258 ac
940 1206 1278 1273 Eminentiffi‘mis

381 1280 438 1329 (δ’
465 1279 842 1347 Reverendiffiem's
879 1279 1004 1330 DD.
1041 1279 1090 1329 S.
1126 1280 1189 1328 R.
1222 1278 1277 1329 Ε.

384 1347 679 1400 Cardiiraelibus
705 1356 752 1400 in
780 1349 980 1417 universis
1002 1348 1278 1416 Republica„

381 1419 622 1483 Christian
657 1436 799 1469 contra
814 1422 1047 1469 hereticam
1075 1424 1280 1487 pravita-

378 1505 463 1540 tent
479 1488 797 1559 Inqusfiuribus
814 1489 1108 1546 Generalibus,
1121 1493 1149 1538 ἃ
1163 1486 1279 1538 S.Se-

380 1560 430 1608 de
454 1560 702 1625 Apos‘lolim
715 1560 962 1625 specialiter
973 1559 1207 1622 deputatis.

426 1683 518 1728 leet
544 1683 642 1727 aliis
656 1697 731 1740 per
745 1682 1090 1727 Constitutionem
1111 1680 1179 1726 sel.
1193 1698 1277 1729 rec.

319 1686 422 1800 L
455 1741 570 1786 Pauli
584 1743 866 1787 V.emanatam
878 1739 950 1784 sub
967 1740 1036 1784 die
1054 1743 1277 1798 t.Septem·

316 1801 398 1843 bris
421 1816 590 1845 nocvt.
605 1814 690 1858 qua:
711 1801 856 1858 incipit
870 1829 886 1854 ‚
921 1803 1119 1843 Ronanus
1142 1804 1274 1844 Ponti·

297 1857 379 1917 sex
393 1885 409 1909 ,
424 1858 546 1904 suerit
562 1860 738 1904 disti-iae
767 1859 1013 1915 prohibitum
1043 1861 1272 1915 Superiori·

312 1918 387 1961 bus
406 1917 670 1975 Regularium
684 1947 698 1971 ‚
713 1932 764 1960 ne
784 1920 923 1975 quovis
935 1916 1084 1969 titulo,
1095 1919 1158 1962 vel
1174 1933 1271 1975 prae·

311 1986 428 2023 textu
442 1978 756 2034 praeventionis,
781 1989 851 2020 aut
877 1976 1200 2029 consuetudinis,
1230 1981 1268 2020 &

309 2035 641 2091 prescriptionis,
667 2036 791 2079 etiam
809 2035 1166 2084 immemorabilis,
1196 2045 1268 2082 aut

311 2092 396 2135 alio
408 2095 449 2136 in
469 2095 590 2139 caulis
619 2093 671 2137 ad
682 2095 867 2139 sanetum
892 2093 1080 2138 Officium
1094 2093 1273 2149 specian-

306 2151 443 2202 tibus,
470 2152 510 2195 se
535 2152 826 2211 quoquomodo
861 2151 1139 2197 intromittere
1158 2182 1173 2205 ‚
1202 2163 1272 2197 aut

303 2211 529 2255 immiscere
547 2238 563 2261 ,
576 2212 909 2256 denunciationes
925 2213 1112 2269 recipere
1125 2243 1140 2265 ,
1155 2214 1270 2257 testes

303 2269 538 2314 examinare
550 2297 566 2320 s
583 2270 780 2328 proceffus
798 2270 999 2318 conficere
1014 2300 1030 2323 ,
1051 2270 1186 2316 causas
1201 2286 1269 2315 co·

304 2329 526 2387 gnoscere,
550 2341 620 2373 aut
647 2333 868 2375 terminare
891 2332 1094 2387 audeant3
1123 2330 1211 2375 imo
1223 2343 1271 2374 ex

304 2385 482 2444 ejusdem
494 2388 804 2434 constitutionis
832 2388 1095 2447 dispositione
1123 2388 1269 2433 eisdem

304 2447 424 2490 suerit
448 2449 630 2505 graviter
651 2447 871 2504 injunctum
885 2460 955 2500 ‚ut
973 2451 1062 2493 suos
1076 2447 1272 2502 subditos,

302 2519 347 2548 nc
363 2505 620 2563 Religiosiss,
649 2521 751 2565 quos
775 2506 929 2552 haerefis
955 2508 1047 2552 labe
1073 2504 1267 2561 insector,

307 2563 375 2605 vel
389 2564 440 2606 de
454 2567 585 2610 heren
613 2564 805 2623 suspectos
824 2567 1010 2611 noverint
1023 2593 1039 2617 ,
1064 2567 1266 2623 absque...-

305 2622 385 2688 alia
403 2621 712 2692 ‘consultatione
734 2638 830 2669 cum
851 2625 1030 2693 propriis
1054 2625 1126 2692 {ite
1151 2623 1267 2667 Reli-

305 2680 1266 2796 ἐΐῗὲἒὲἔῗζᾝὶζᾞῖἇῗηὲὲῖσῖἓῗῖἐξέ’ἷίῐ

310 2797 492 2842 locorum
533 2798 763 2842 Ordinsriis
802 2797 1063 2843 vicinioribus
1107 2798 1266 2844 denun-

308 2855 441 2899 cient:
469 2855 745 2900 Nihilominus
764 2856 1084 2901 animadvertens
1097 2855 1265 2902 sanetis-

310 2913 429 2957 simus
446 2915 563 2957 Dom.
581 2917 635 2958 Ν.
650 2915 879 2959 Alexander
896 2915 991 2958 vn.
1003 2915 1056 2959 ab
1066 2914 1118 2959 ali
1147 2915 1265 2958 uibus

311 2972 582 3028 Regulsribus
596 2973 635 3016 in
648 2972 814 3017 dubium
839 2976 1026 3017 revocari
1038 2987 1116 3031 prae
1149 2973 1265 3018 ictam

309 3029 576 3076 denunciandi
589 3031 876 3089 obligationem
890 3058 905 3084 2
927 3032 1049 3087 adeo,
1063 3044 1107 3076 ut
1121 3033 1269 3077 nedum

313 3092 402 3135 suos
415 3087 594 3135 subditos
606 3104 689 3134 non
704 3091 954 3136 denuncient
965 3120 980 3145 ,
996 3092 1133 3137 verum
1144 3092 1268 3136 etiam

310 3149 454 3193 fideles
466 3149 516 3194 ad
536 3148 642 3207 ipsos
655 3163 730 3207 pro
741 3150 908 3197 consilio
922 3161 1177 3197 recurrentes
1190 3179 1205 3205 ,
1217 3164 1266 3196 sn

310 3208 484 3253 debeant
507 3210 658 3254 saneto
686 3210 834 3254 Officio
861 3208 1108 3256 denunciare
1137 3237 1152 3261 ‚
1181 3222 1266 3267 quoe

310 3268 550 3318 audierunt,
571 3277 640 3312 aut
656 3268 860 3322 viderunt,
873 3269 922 3311 ad
942 3269 952 3311 i
984 3268 1065 3313 sum
1079 3271 1266 3314 Sanctum

309 3325 497 3371 Officium
521 3325 767 3384 (pensatis,
791 3328 842 3372 sd
870 3326 908 3371 id
936 3284 1190 3378 eiciendum,
1219 3339 1265 3372 ut

306 3385 521 3438 deberent,
532 3399 615 3431 non
626 3385 711 3431 obli
739 3396 809 3433 ent
820 3416 837 3440 ,
853 3386 935 3430 imo
950 3386 1168 3446 aliquando
1181 3388 1267 3432 eos·

308 3444 401 3486 dem
433 3458 636 3502 perperam
665 3445 706 3490 in
740 3453 882 3500 mant,
908 3459 989 3490 non
1005 3447 1129 3493 teneri
1145 3475 1159 3500 ,
1190 3459 1262 3489 nec

307 3499 379 3545 sub
389 3502 638 3560 obligatione
649 3502 994 3551 Constitutionum
1008 3504 1242 3565 Apostolica
1253 3530 1263 3540 -

307 3573 401 3604 rum
412 3563 703 3618 comprehendi
710 3578 728 3620 ξ
739 3566 779 3609 δι
793 3565 891 3610 hane
903 3565 1132 3623 opinionem
1145 3577 1260 3622 erro-

303 3620 390 3664 neis
408 3620 561 3675 aliquot
578 3625 799 3669 Doctorum
818 3622 1019 3669 sententiis
1046 3621 1259 3668 confirma-

305 3691 352 3722 re
365 3687 572 3722 tentantes
584 3709 597 3732 ,
610 3681 770 3727 eosdem
783 3684 824 3728 in
838 3683 1057 3728 maximum
1074 3681 1167 3728 fidei
1180 3679 1254 3725 dis·

303 3736 460 3782 crimen
487 3738 538 3781 ab
564 3752 689 3782 onere
717 3741 986 3786 denunciandi
1011 3742 1257 3787 retrabere-a

825 176 984 262 Sub
1044 162 1514 261 Alexandro
1581 177 1672 265 V
1695 177 1736 264 l
1765 180 1818 265 I.

1345 330 1506 375 abusum
1534 333 1758 389 hujusmodi
1785 350 1837 379 ex
1872 336 1925 379 sui
1943 337 2147 393 pastoralis
2171 337 2305 381 officii

1343 390 1483 434 debito
1507 397 1729 448 co'e'rcere,
1762 396 1847 452 post
1876 407 2072 439 maturam
2097 397 2188 440 facti
2219 396 2305 440 dis-

1346 449 1563 494 cuffionem
1586 483 1604 505 ,
1631 455 1779 498 auditis
1804 453 1927 495 Votis
1951 456 2299 500 Eminentiffimo-

1344 522 1459 561 rum,
1473 510 1961 556 &Reverendisfimorum
1982 515 2072 556 Do.
2099 517 2304 559 Cardina-

1342 567 1443 613 lium
1457 569 1641 614 adversus
1657 574 1883 616 haereticam
1898 571 2141 626 pravitatem
2164 577 2306 617 Gene-

1342 627 1486 672 ralium
1514 630 1798 686 lnquifitorum
1821 654 1836 676 2
1860 629 2060 672 innovans
2093 633 2302 675 Constitu-

1340 687 1494 729 tionem
1513 688 1739 743 praedietam
1763 690 1784 731 i
1809 685 2079 732 felicsecord.
2104 689 2232 733 Paulo
2245 693 2300 735 V.

1340 753 1568 788 emanatam
1589 775 1604 799 ,
1625 749 1694 797 δε,
1723 754 1921 806 quatenus
1948 759 2050 800 opus
2079 743 2152 797 fit,
2179 762 2302 794 eam...

1341 804 1553 848 declarans
1575 835 1592 857 ,
1632 809 1721 848 Hoc
1747 804 1928 861 prasenti
1965 807 2144 848 Decreto
2176 805 2303 849 distri-

1340 862 1404 902 cte
1431 863 1609 918 praecipit
1633 891 1650 915 ,
1674 866 1714 906 δι
1749 863 1912 905 mandat
1935 864 2127 908 omnibus
2160 866 2201 906 δε
2225 867 2303 908 fin..

1341 918 1444 973 gulis
1474 922 1735 977 Regularium
1748 921 2017 966 Generalibus
2029 951 2044 972 ,
2068 924 2304 969 Provincia·

1340 976 1446 1020 libus
1459 1008 1476 1033 ,
1491 981 1719 1024 Abbatibus
1730 1009 1744 1033 ,
1771 980 1979 1025 Prioribus
1990 1011 2005 1033 ,
2019 981 2267 1026 Guardianis
2282 1013 2297 1034 ,

1342 1037 1584 1081 Refiloribus
1598 1066 1612 1088 ,
1645 1041 1895 1096 Praepofitis‚
1921 1039 2086 1098 aliisque
2102 1039 2299 1096 ejusmodi

1337 1108 1592 1152 quocumque
1619 1099 1779 1141 nomine
1807 1100 2045 1155 nuncupatis
2068 1100 2298 1154 Superiori-

1337 1153 1722 1213 bus,cujuscumque
1739 1157 1922 1209 Ordinis,
1936 1159 1978 1202 δι
1991 1157 2164 1202 Instituti
2180 1186 2196 1210 ‚
2221 1158 2300 1207 five

1338 1213 1659 1257 Mendicantium
1687 1244 1702 1268 ,
1735 1219 1814 1259 live
1840 1229 1924 1259 non
1956 1216 2297 1266 Mendicantium‚

1335 1284 1494 1315 necnon
1516 1275 1858 1331 Congregationis
1871 1301 1886 1324 a
1897 1276 1940 1318 δι
1952 1275 2185 1329 Societatis,
2198 1276 2299 1320 Cle-

1338 1328 1515 1373 ricorum
1558 1333 1825 1387 Regularium
1869 1348 2258 1391 quorumcumque)
2281 1361 2297 1383 s

1337 1389 1461 1430 etiam
1476 1390 1691 1433 societatis
1708 1393 1797 1448 Jesu
1811 1421 1826 1444 ,
1855 1392 2108 1448 aliorumque
2120 1407 2296 1449 quomo-

1336 1446 1567 1502 documque
1587 1460 1865 1504 exemptorum
1877 1475 1892 1498 ,
1909 1450 1975 1492 vel
1992 1464 2071 1493 non
2086 1462 2298 1506 exempto·

1338 1515 1427 1545 rum
1438 1531 1455 1554 ,
1470 1505 1624 1545 etiamfi
1638 1504 1760 1547 effent
1776 1505 2002 1561 specialiter
2014 1532 2029 1556 2
2055 1508 2097 1549 δι
2110 1509 2298 1552 nomina-

1335 1559 1409 1600 tim
1431 1561 1677 1615 exprimendi
1690 1593 1707 1614 ,
1721 1571 1767 1605 ut
1779 1565 1948 1606 omnino
1960 1565 2074 1608 dieue
2085 1566 2300 1610 Constitu-

1341 1616 1441 1659 tioni
1454 1618 1493 1660 in
1508 1620 1692 1664 omnibus
1707 1633 1893 1677 pareant,
1905 1623 1946 1666 δι
1957 1637 2113 1678 omnes,
2124 1627 2165 1668 8ι
2178 1625 2298 1683 quos-

1339 1688 1514 1733 cumque
1530 1677 1782 1736 Religiosos‚
1809 1691 1891 1724 tam
1908 1681 1974 1725 fibi
1993 1683 2083 1739 ipsis
2099 1683 2296 1735 subditos,

1336 1736 1458 1791 quam
1474 1749 1553 1779 non
1580 1737 1760 1783 subditos
1774 1768 1788 1791 ‚
1809 1739 2095 1798 cujuscumque
2114 1743 2296 1799 dt'gnita-

1334 1794 1385 1837 tis
1399 1819 1414 1843 ,
1433 1793 1603 1850 gradus,
1619 1798 1655 1839 δι
1671 1797 1916 1843 conditionis
1941 1800 2112 1844 existant
2124 1829 2140 1853 ,
2168 1803 2294 1845 haere·

1334 1854 1440 1895 ticos
1452 1882 1466 1905 ‚
1485 1855 1548 1898 vel
1563 1854 1615 1898 de
1631 1856 1760 1900 haerefi
1776 1858 2157 1915 quomodocumque
2169 1861 2293 1903 etiam

1333 1911 1478 1955 leviter
1491 1912 1688 1970 suspectos
1701 1941 1716 1965 ,
1745 1915 1932 1960 deferant
1946 1946 1961 1969 ,
1989 1919 2029 1960 δι
2041 1916 2288 1972 judicialiter·

1328 1971 1575 2015 denuncient
1589 1973 1909 2029 loquimur-ibus,
1924 1974 1987 2020 vel
2001 1975 2187 2020 locorum
2212 1979 2295 2021 Or·

1327 2029 1495 2071 dinariis
1509 2032 1574 2081 ‚sc
1592 2032 1820 2076 nullatenus
1837 2036 1877 2077 in
1889 2033 2014 2078 caufis
2030 2035 2080 2078 sd
2101 2035 2291 2081 Sanaum

1332 2085 1522 2131 Officium
1551 2087 1814 2147 spectantibus
1830 2093 2004 2138 audeant
2035 2092 2074 2135 se
2090 2094 2294 2139 intromit-

1331 2156 1420 2211 tere
1433 2176 1448 2199 ,
1465 2161 1595 2205 neque
1608 2150 1697 2194 suos
1713 2150 1896 2196 subditos
1908 2153 1958 2196 ad
1973 2154 2166 2197 sanetum
2186 2151 2291 2198 offi-

1329 2219 1439 2249 ctum
1454 2219 1709 2252 recurrentes
1726 2239 1739 2261 ,
1751 2210 1815 2253 vel
1834 2224 2068 2261 recurrere,
2095 2222 2166 2256 aut
2176 2227 2293 2257 acce-

1331 2263 1432 2307 dere
1449 2265 1629 2311 volcntes
1645 2295 1659 2320 ,
1674 2268 1884 2314 molestare
1899 2297 1915 2323 ‚
1932 2282 2077 2314 vexare
2090 2297 2103 2319 a
2123 2272 2186 2315 vel
2202 2271 2288 2315 alio

1331 2324 1475 2379 quovis
1491 2325 1613 2379 modo
1628 2325 1705 2370 five
1718 2327 1867 2372 directe
1883 2356 1900 2380 ,
1930 2328 2009 2373 live
2038 2327 2234 2374 indireffe
2246 2345 2291 2372 a·

1329 2385 2136 2491 33:552:fssssssi's,“1235‚‘122⁶3{{{222‘⁶
2150 2390 2291 2505 22²5ssss

2116 2473 2130 2496 2
2278 2466 2291 2490 t

1327 2501 2288 2614 ffflfflssi‘ssiiz’dffii?22123‘3223321222533

1326 2616 1379 2658 ad
1396 2618 1619 2672 parendum
1634 2620 1785 2675 pariter
1799 2621 2071 2671 hortentur,&
2082 2622 2291 2677 suadeant,

1325 2673 1482 2730 rejectis
1497 2676 1655 2732 penitus
1671 2676 1892 2733 hujusmodi
1911 2680 2165 2734 opinionibus
2179 2710 2194 2734 ,
2223 2692 2284 2724 at·

1323 2745 1402 2788 que
1420 2734 1821 2791 interpretationibus
1834 2764 1849 2789 ‚
1861 2751 1960 2796 quas
1976 2740 2171 2782 Sanssitas
2186 2744 2286 2794 Sua,

1323 2805 1414 2836 cum
1430 2804 1529 2837 voto
1541 2794 1740 2838 dictorum
1765 2795 2174 2842 Eminentiiiimorum
2190 2801 2286 2843 DD.

1326 2850 1612 2895 cardinalium
1625 2879 1639 2902 ,
1653 2863 1719 2896 tan
1753 2866 1843 2897 uam
1856 2855 2098 2912 perniciosas
2110 2885 2125 2910 ,
2157 2868 2286 2902 teme·

1325 2909 1451 2954 rarias
1463 2938 1478 2962 ,
1490 2911 1528 2953 δι
1546 2925 1627 2955 non
1643 2867 1899 2958 conanentes
1911 2942 1926 2968 ,
1940 2914 1980 2958 δι
1992 2914 2012 2956 ὲ
2026 2925 2165 2961 mente
2182 2921 2285 2962 San-

1327 2969 1479 3012 &itatis
1497 2972 1583 3013 Suae
1595 2972 1752 3027 prorsus
1778 2971 1926 3018 alienas
1946 2976 2180 3029 reprobavit
2199 3004 2214 3029 ‚
2244 2976 2284 3019 δι

1327 3027 1520 3085 reprobat
1534 3056 1545 3070 .
1561 3031 1614 3072 Et
1630 3030 1722 3088 quia
1733 3032 1976 3092 quandoque
1994 3033 2116 3076 etiam
2138 3048 2282 3080 eorum

1329 3086 1474 3131 subditi
1501 3086 1693 3132 deliciunt
1710 3090 1748 3133 in
1762 3103 1840 3143 eo,
1864 3090 1974 3149 quod
2001 3092 2089 3149 ipfis
2114 3092 2283 3151 implen-

1326 3145 1422 3190 dum
1438 3146 1637 3191 incumbit
1653 3162 1745 3194 cum
1762 3148 1971 3208 Religiofis
1996 3149 2173 3208 ejusdem
2188 3178 2204 3205 ,
2221 3152 2282 3195 al-

1326 3205 1503 3250 teriusve
1520 3206 1687 3251 Ordinis
1706 3238 1722 3261 ,
1753 3206 1894 3254 aliisve
1922 3208 2279 3268 quibuscumque-a

1326 3263 1506 3323 personis
1522 3266 1559 3309 in
1574 3264 1653 3309 fide
1666 3265 1845 3324 suspestis
1857 3294 1872 3318 ‚
1884 3264 2115 3324 ceterisque
2137 3277 2280 3324 peten-

1325 3324 1432 3369 tibus
1446 3324 1652 3369 conlilium
1666 3325 1705 3369 in
1721 3326 1899 3371 materiis
1912 3324 1961 3370 sd
1980 3328 2163 3369 Sanctum
2177 3325 2280 3370 offi-

1324 3384 1433 3427 ciunt
1448 3382 1708 3441 spectantibus
1720 3410 1735 3434 ‚
1750 3384 1805 3429 its
1819 3394 1864 3430 ut
1876 3383 2026 3429 nedum
2040 3382 2192 3440 ipfimet
2204 3384 2279 3429 de·

1324 3441 1602 3487 nunciationes
1614 3443 1830 3495 differant,
1849 3445 1914 3488 vel
1939 3442 1991 3486 ab
2018 3442 2095 3487 illis
2114 3457 2275 3500 prorsus

1321 3500 1570 3557 abstineant3
1603 3502 1741 3548 verum
1763 3502 1888 3547 etiam
1915 3500 2123 3546 multoties
2137 3504 2186 3547 ab
2202 3501 2278 3548 eis·

1319 3562 1412 3606 dem
1425 3562 1527 3606 alios
1540 3564 1563 3607 ὲ
1579 3559 1617 3607 se
1630 3559 1837 3607 confilium
1914 3570 2048 3604 tentes
2063 3564 2275 3608 retrahant

1320 3621 1436 3664 malis
1450 3620 1631 3675 artibus,
1658 3618 1724 3663 vel
1756 3574 1992 3663 menti’iecatis
2011 3622 2273 3666 Doctorum-a

1319 3680 1603 3738 opinionibus,
1630 3678 1695 3723 vel
1719 3676 1787 3722 sub
1803 3677 1986 3723 fraterno
2005 3680 2268 3726 eorreaionis

1317 3739 1423 3783 saeta·
1438 3740 1499 3785 vel
1514 3737 1722 3787 faciende,
1736 3737 1868 3782 aliove
1882 3749 2077 3795 proetcxtu
2089 3768 2100 3781 .
2140 3741 2268 3796 Prop-

298 3806 499 3846 conentttt
522 3825 536 3841 .
569 3797 724 3843 volens
753 3801 926 3856 proinde
956 3803 1151 3846 sinaitas
1176 3803 1252 3844 Sua
1313 3809 1422 3844 terea
1438 3800 1546 3843 idem
1561 3795 1822 3843 sanctimonii
1836 3798 2059 3843 declaravit
2076 3796 2264 3856 prefatos

2127 3856 2216 3901 sub·
