2444 4192
380 158 548 273 2'56

322 314 470 370 spee'tat
483 344 500 368 ,
518 308 883 373 &quomodolibet
907 315 1097 376 spectabit
1112 320 1151 363 in
1170 318 1280 362 futu·

321 387 439 424 rum,
463 387 659 430 quatenus
685 377 872 432 praemiffa
890 380 1032 421 omnia
1060 381 1102 421 δι
1126 378 1277 435 fingula

316 432 610 478 inviolabiliter
620 463 637 488 ,
647 437 684 477 8<
697 440 897 492 perpetuo
910 439 1125 480 observent
1138 463 1152 486 ,
1166 452 1213 479 ae
1225 440 1275 480 ab

318 493 504 534 omnibus
526 493 731 536 observari
755 494 903 538 faciant
915 522 931 545 ,
957 508 1088 552 neque
1112 498 1274 538 Fratres

311 552 554 601 Monachus,
567 552 781 603 Moniales,
792 555 832 594 8(
842 554 938 595 alias
950 555 1173 611 Religiosas
1186 569 1282 611 per·⁴

310 611 427 653 sonas
442 639 459 660 ,
471 608 653 665 aliosque
666 608 910 664 supradictos
922 639 939 663 ,
963 609 1080 668 super
1096 614 1275 668 praemis-

307 669 355 709 tis
368 667 677 732 quomodolibet
687 666 903 710 molestent
917 696 933 718 ,
951 671 993 712 dt
1005 673 1241 726 perturbent
1252 701 1269 723 ,

306 726 1270 849 πεῖζοτεε’;;ῑ“ἕ,εῑῑε.ῑῖῑῑῑῗξ“ἓ3τῖ’ζςες

303 841 594 884 contradicere
602 869 618 892 ,
630 851 701 883 aut
710 844 860 898 quovis
874 846 1001 887 modo
1011 848 1270 888 contraveni-

301 914 349 941 re
372 898 662 954 presumpserit
687 927 703 951 ,
725 915 799 956 per
825 905 1059 947 mandatum
1082 906 1267 947 executi-

302 970 402 998 vum
414 967 560 1000 contra
572 957 698 1013 ipsum
710 985 726 1008 ,
738 958 1023 1018 cujuscumque
1032 963 1242 1018 dignitatis
1251 991 1267 1012 ,

301 1015 423 1058 ssatus
438 1042 454 1064 ,
483 1014 636 1059 ordinis
646 1041 665 1068 2
690 1017 753 1060 vel
781 1021 1088 1074 praeeminentiae
1115 1019 1237 1062 suerit
1251 1046 1267 1068 ,

299 1075 385 1130 ipso
394 1073 500 1117 facto
515 1075 682 1127 procedi
702 1103 715 1115 ·
746 1079 805 1121 Et
833 1077 887 1120 fic
910 1094 982 1134 per
1010 1080 1266 1135 quoscunque

291 1134 453 1190 judices
464 1163 480 1185 ,
496 1134 539 1175 δι
549 1130 850 1179 Commifl'arios
860 1139 1001 1189 quavis
1013 1137 1264 1180 authoritate

296 1193 495 1249 fulgentes
518 1219 534 1243 ,
559 1188 714 1236 sublata
734 1194 792 1237 eis
811 1222 827 1247 ,
857 1195 899 1236 δε
926 1209 1068 1239 eorum
1089 1195 1264 1240 cuilibet

298 1254 438 1310 quavis
454 1252 576 1294 aliter
587 1251 823 1308 judicandi,
843 1254 885 1294 δι
899 1253 1194 1311 interpretandi
1208 1255 1266 1297 sa·

294 1311 463 1364 cultate‚
478 1309 668 1367 judicari,
681 1312 897 1355 &diffiniri
908 1313 1076 1363 debere,
1088 1328 1135 1357 ac
1149 1315 1265 1370 quic-

295 1369 395 1426 quid
408 1369 518 1414 secus
534 1370 651 1425 super
671 1370 734 1412 bis
766 1372 790 1413 a
808 1385 1012 1428 quoquam
1024 1373 1168 1429 quavis
1192 1389 1263 1417 au-

296 1429 495 1472 thoritate
518 1428 687 1472 scienter
699 1457 715 1480 ,
740 1428 808 1471 vel
826 1430 1060 1485 ignoranter
1070 1432 1262 1475 attentari

294 1488 541 1543 eontigerit,
565 1488 721 1529 irritum
738 1516 753 1539 ,
777 1490 818 1530 δι
844 1490 961 1532 inane
980 1489 1262 1534 decernimus:

294 1548 505 1604 Quocirca
527 1547 632 1588 Ven.
645 1547 852 1588 Fratribus
864 1574 879 1596 ,
893 1547 1140 1589 Patriarchis
1150 1573 1165 1596 ,
1181 1550 1263 1590 Ar·

296 1604 561 1660 chiepiscopis
575 1630 590 1653 ,
615 1604 656 1643 ᾶι
670 1602 878 1657 Episcopis
891 1632 907 1654 ,
927 1604 1006 1646 five
1020 1619 1165 1648 eorum
1181 1606 1259 1647 Vi·

295 1664 415 1704 cariis
429 1663 467 1704 in
482 1659 758 1716 spiritualibus
771 1661 1040 1713 Generalibus
1054 1691 1069 1715 ,
1086 1678 1160 1708 nec
1176 1678 1265 1707 non·

295 1720 457 1764 dileetis
481 1718 575 1763 filiis
586 1719 722 1762 Curiae
733 1718 942 1764 causarum
954 1722 1134 1767 Camerae
1148 1724 1183 1765 A
1189 1737 1264 1779 po-

298 1780 447 1823 stolicae
473 1777 654 1835 generali
677 1779 876 1823 Auditori
891 1807 907 1832 ,
933 1794 977 1823 ac
1006 1782 1232 1826 Abbatibus
1246 1809 1262 1834 ,

294 1839 507 1882 Prioribus
521 1864 537 1888 ,
552 1837 775 1891 Proepolitis
791 1864 807 1889 ,
824 1839 997 1882 Decanis
1010 1869 1025 1892 ,
1039 1839 1262 1884 Archidia-

297 1897 408 1940 conis
424 1925 440 1948 ,
452 1895 673 1939 canonicis
687 1897 751 1947 ,δι
762 1897 967 1949 Capitulis
979 1927 993 1950 ,
1014 1913 1060 1943 ae
1070 1899 1157 1942 aliis
1166 1913 1261 1954 qua·

295 1969 548 2011 rumcunque
562 1953 831 1998 Ecclelisrum
849 1956 1029 1999 Praelatis
1042 1984 1057 2007 ,
1072 1960 1111 2000 δι
1129 1957 1260 2012 perso-

298 2014 357 2056 nis
370 2014 545 2056 ubilibet
556 2040 572 2063 ,
586 2014 627 2053 δι
637 2012 679 2052 in
692 2013 997 2067 quibuscunque
1013 2013 1257 2070 regionibus,

292 2072 412 2114 terris
426 2099 441 2121 ,
452 2074 490 2112 &
506 2069 608 2111 locis
620 2067 895 2119 existentibus,
908 2082 953 2112 ac
966 2069 1072 2122 aliis,
1087 2071 1136 2114 ad
1152 2084 1258 2127 quos

286 2126 600 2230 puomodolibet
617 2125 642 2167 s
631 2129 760 2183 peeiat
772 2152 788 2176 ,
798 2127 838 2168 δι
850 2125 1055 2183 spe-stabit,
1070 2145 1143 2187 per
1158 2144 1259 2186 prae·

304 2199 421 2232 entes
437 2196 553 2230 motu
566 2185 683 2230 fimili
696 2185 948 2237 mandamus,
956 2199 1158 2244 quatenus
1169 2190 1278 2243 ἱρή»

285 2249 327 2291 &
356 2261 498 2290 eorum
529 2245 701 2303 quilibet
726 2258 798 2302 per
823 2243 885 2291 st,
916 2247 981 2289 vel
1011 2246 1164 2299 alium,
1188 2245 1253 2290 seu

286 2307 387 2350 alios
401 2332 414 2354 ‚
432 2305 637 2363 presentes
652 2304 788 2348 literas
803 2332 821 2355 ,
847 2304 888 2346 a
914 2305 954 2348 in
976 2305 1034 2349 eis
1057 2315 1250 2349 contenta

285 2378 539 2424 quecunque
552 2395 568 2418 ‚
582 2364 649 2406 ubi
660 2391 676 2415 ,
686 2365 724 2407 δι
735 2362 902 2420 quando
914 2378 1013 2421 opus
1028 2362 1150 2409 suerit
1163 2393 1178 2418 ,
1201 2379 1248 2408 ac

284 2425 446 2483 quoties
486 2437 559 2480 pro
594 2432 707 2478 parte
721 2425 909 2467 Fratrum
925 2425 1219 2468 nonachorum
1235 2452 1251 2478 ,

284 2482 556 2533 Monialium,
582 2480 820 2539 aliarunque
837 2480 1134 2539 Religiolitrum
1158 2497 1249 2539 per·

285 2540 477 2584 sonarum
500 2540 757 2596 praesatarum
784 2537 934 2584 fuerint
957 2541 1162 2598 requisiti,
1188 2541 1252 2585 so-

287 2599 476 2644 lemniter
506 2597 788 2653 publicantes,
810 2596 965 2656 illisque
987 2601 1030 2642 in
1050 2598 1248 2657 proemiflis

285 2655 459 2702 efficacis
475 2654 715 2699 deienfioois
729 2656 910 2713 prasidio
920 2657 1138 2703 afliflentes
1152 2687 1168 2711 ,
1192 2657 1252 2701 sa·

286 2717 397 2760 ciant
410 2715 661 2758 authoritate
673 2716 806 2758 nostra
818 2715 936 2770 illos,
964 2720 1002 2762 ει
1017 2731 1158 2761 eorum
1172 2720 1251 2761 lin-

286 2774 404 2833 gulns
422 2773 593 2827 llstuto,
606 2774 862 2818 ordinatione
876 2802 892 2827 ,
917 2777 1155 2829 voluntate,
1175 2778 1247 2822 de·

287 2832 512 2876 claratione
541 2861 557 2886 ,
585 2832 873 2878 constitutione
899 2863 915 2888 ,
954 2835 1250 2893 deputatione,

287 2890 482 2936 mandato
503 2918 520 2943 ,
545 2890 786 2935 inhibitione
814 2917 831 2941 ‚
857 2892 1031 2939 decreto
1048 2924 1065 2947 ,
1088 2894 1252 2954 aliilijue

290 2947 491 3008 pramissis
510 2948 678 3007 pacifice
691 2947 798 3004 frui,
809 2951 851 2994 δι
864 2953 1056 3009 gaudere,
1068 2968 1146 2999 non
1162 2970 1251 3012 pcr-

289 3011 502 3053 mittentcs
533 3021 601 3051 eos
626 3007 798 3066 desuper
838 3024 909 3065 per
933 3014 1213 3060 Camerarium
1234 3041 1255 3070 ,

288 3065 567 3121 Proeiidentes,
579 3067 770 3113 Clericos
785 3097 800 3123 ,
810 3070 850 3111 δι
863 3069 1164 3118 Commiss'arios
1174 3077 1255 3119 Ca-

288 3140 402 3170 mere
417 3125 672 3182 hujusmodl,
703 3141 865 3173 necnon
898 3133 1099 3189 Legatos,
1127 3135 1254 3179 Vice-

286 3187 441 3241 legatos
451 3214 466 3237 ,
479 3185 805 3242 Gubernatorcs,
817 3190 1088 3243 Colle-flores,
1098 3192 1253 3238 Gabel-

287 3246 437 3300 latios‚
467 3246 507 3288 dr
526 3247 742 3290 Exaeiotes
768 3247 1001 3304 proedielos,
1031 3262 1101 3296 aut
1130 3251 1249 3310 quos-

285 3318 445 3359 cunque
463 3304 563 3349 alios
588 3304 639 3347 ad
654 3303 828 3364 aliquam
843 3305 1086 3355 solutionem
1103 3338 1118 3363 ‚
1143 3324 1245 3356 con·

286 3363 581 3414 tributionem,
611 3362 1006 3421 velproeslationem,
1030 3367 1244 3425 premisso·

284 3434 373 3463 rum
394 3422 601 3466 occasione
624 3424 936 3483 quomodolibet
957 3427 1213 3473 faciendam„
1227 3457 1243 3482 ,

282 3481 428 3536 quovis
444 3481 565 3523 modo
577 3483 687 3542 engi,
696 3483 906 3542 compelli,
915 3496 983 3531 sut
994 3485 1088 3531 alis·
1099 3498 1242 3533 contra

281 3538 528 3595 presentium
545 3551 728 3585 tenorem
746 3569 762 3593 ‚
784 3545 1096 3601 quontndolibet
1111 3545 1242 3591 mole·

280 3596 399 3649 nari,
426 3600 685 3653 perturbari,
709 3613 777 3645 aut
791 3603 1029 3661 inquietari·
1061 3608 1241 3651 Contra·

986 160 1147 248 Sub
1181 159 1286 247 S.

1354 156 1497 244 ‘Plo
1562 160 1663 249 V.

1338 335 1384 363 ac
1400 321 1607 376 legiltimis
1616 319 1731 377 super
1744 317 1805 361 his
1823 314 2015 358 habendis
2024 314 2189 358 servatis
2205 329 2306 371 pru-

1336 379 1503 423 ceffibus
1518 407 1533 431 ,
1557 381 1743 424 censuras
1757 406 1772 429 ,
1795 377 1834 417 &
1848 387 1989 430 poenas
2006 373 2225 420 huiusmodi
2240 376 2301 416 in-

1337 437 1499 481 curriffe
1523 438 1771 481 declarando
1785 462 1800 484 ,
1830 433 2094 475 interdictum
2105 434 2306 477 Ecclefia-

1335 497 1473 540 sticum
1489 496 1727 554 apponendo
1742 522 1758 546 ‚
1784 493 1979 533 invocato
1994 491 2118 532 etiam
2131 493 2181 534 ad
2196 494 2270 534 hoc
2285 517 2302 539 ,

1341 555 1368 598 fi
1395 570 1495 613 opus
1525 555 1648 599 suerit
1678 583 1692 605 ,
1725 550 1875 594 auxilio
1901 547 2052 589 brachii
2080 548 2272 593 saecularis
2287 575 2300 588 .

1336 617 1433 658 Non
1461 614 1708 657 obstantibus
1744 608 1815 651 fel.
1849 621 1935 649 rec.
1959 601 2156 649 Bonisacii
2184 610 2299 664 Papae

1336 675 1451 727 Papae
1468 675 1586 715 vm.
1604 664 1908 714 Praedecefforis
1938 663 2080 705 nostris
2111 663 2164 707 de
2192 680 2300 719 una,

1331 730 1560 773 &Concilii
1574 727 1788 771 Generalis
1802 725 1854 767 de
1867 720 2021 765 duabus
2033 719 2172 773 dietis,
2186 723 2300 766 dum.

1332 787 1457 830 modo
1482 789 1592 830 ultra
1624 798 1706 829 tres
1734 786 1860 827 dietas
1882 780 2026 837 aliquis
2050 781 2298 824 authoritate

1331 845 1588 901 praesentium
1604 859 1683 887 non
1697 844 1931 887 extrahatur
1942 866 1958 888 ,
1976 853 2022 881 ac
2044 838 2230 882 omnibus
2244 839 2297 882 il-

1332 904 1383 946 lis
1399 930 1414 953 ,
1429 918 1513 960 qua:
1528 904 1567 946 in
1582 902 1828 947 contrarium
1855 913 1927 954 per
1942 897 2203 956 quoscunque
2219 898 2298 941 of·

1331 960 1482 1004 ficiales
1493 991 1509 1012 ,
1521 964 1562 1003 δε
1576 960 1733 1016 quosvis
1748 960 1853 1002 alios
1870 986 1886 1009 ,
1908 972 1955 1000 ac
1984 956 2198 1013 praesertim
2223 971 2295 1014 per

1327 1018 1534 1062 Officiales
1547 1018 1738 1062 Civitatis
1769 1017 1904 1060 nostrae
1931 1014 2192 1058 Bononienfis
2207 1041 2223 1066 ,
2252 1018 2294 1058 δι

1327 1075 1491 1133 quosvis
1508 1078 1611 1120 alios
1624 1076 1795 1118 adducta
1810 1078 1899 1118 sunt
1923 1076 2114 1117 hactenus
2128 1102 2142 1126 ,
2167 1074 2207 1115 δι
2220 1073 2297 1116 de-

1323 1137 1527 1179 ducentur
1547 1135 1791 1192 inposterum
1803 1163 1820 1186 ,
1833 1149 1881 1178 ac
1894 1133 2042 1176 adduci
2056 1161 2071 1184 ,
2085 1134 2126 1175 a&
2139 1132 2295 1189 allega-

1326 1193 1576 1297 25:33⁶&ss
1587 1191 2292 1307 iffffssfflssbgfff'issqfussfssb'ssitffi

1470 1283 1486 1306 2
1987 1278 2002 1300 5

1324 1326 1411 1356 eam
1426 1341 1441 1365 ,
1454 1313 1628 1356 ubilibet
1640 1339 1655 1362 ,
1684 1327 1729 1355 ac
1744 1326 1882 1355 coram
1896 1310 2198 1367 quibuscunque
2214 1309 2294 1366 Ju-

1323 1372 1505 1421 dicibus,
1529 1372 1651 1414 ctiam
1669 1371 1811 1415 Palatii
1833 1371 1955 1413 nostri
1984 1368 2188 1413 causarum
2209 1372 2292 1411 Au-

1322 1430 1520 1474 ditoribus
1534 1458 1549 1481 ,
1576 1445 1623 1472 ac
1653 1432 1801 1473 sancta
1829 1432 1883 1472 R.
1914 1431 1961 1471 Ε.
1977 1427 2261 1472 Cardinalibus
2272 1452 2289 1475 ,

1325 1489 1439 1542 super
1455 1486 1653 1543 praemiffis
1680 1488 1786 1529 inter
1797 1488 2054 1543 quoscunque
2067 1487 2292 1541 quomodo-

1325 1545 1427 1587 libet
1443 1545 1706 1601 pendentibus
1719 1572 1734 1596 ,
1747 1559 1792 1588 ac
1806 1547 1927 1589 etiam
1946 1545 2143 1588 insti-netis
2155 1569 2170 1593 ,
2183 1546 2222 1586 &
2237 1541 2290 1587 ad

1323 1602 1559 1647 sententiam
1573 1603 1754 1647 deduflis
1768 1634 1783 1657 ,
1809 1605 1873 1648 vel
1889 1604 2014 1648 etiam
2039 1608 2062 1651 ἢ
2091 1602 2289 1646 sententia

1322 1662 1549 1706 terminatis
1564 1690 1580 1714 ,
1590 1659 1664 1704 nifi
1679 1663 1720 1706 in
1732 1661 1915 1705 savorem
1930 1660 2112 1705 Ecclefiae
2122 1659 2287 1714 ffierint3

1321 1722 1362 1763 &
1387 1719 1605 1777 praesertim
1630 1720 1803 1777 quadam
1834 1720 1908 1765 lite
1936 1721 2044 1763 inter
2058 1718 2286 1776 hujusmodi

1321 1780 1547 1836 Regulares
1562 1808 1577 1831 ,
1607 1792 1653 1822 ae
1669 1781 1820 1833 Cives,
1846 1779 2284 1824 &communitatem-a

1319 1839 1433 1882 dieta:
1459 1839 1653 1883 Civitatis
1681 1841 1843 1882 Bonon.
1871 1841 1912 1883 in
1943 1841 2127 1882 Romana
2152 1838 2284 1880 Curia

1319 1899 1523 1954 pendente
1539 1911 1657 1952 ,quas
1670 1924 1684 1946 ,
1696 1900 1737 1940 δι
1748 1911 1887 1954 quam,
1900 1911 1948 1939 ac
1960 1908 2099 1937 omnes
2122 1893 2285 1948 proces-

1319 1956 1382 1996 sus
1396 1983 1411 2006 ,
1440 1956 1710 2010 &scripturas
1726 1954 1966 2009 productas,
1991 1954 2032 1995 &
2054 1950 2286 2008 producen-

1318 2011 1388 2052 das
1403 2040 1418 2063 ,
1431 2026 1475 2054 ac
1493 2013 1675 2067 Registra
1691 2040 1705 2065 ,
1716 2015 1753 2055 δι
1769 2011 1990 2056 sententias
2005 2039 2020 2063 ,
2035 2010 2168 2055 ubivis
2177 2024 2286 2055 com·

1318 2082 1506 2126 parentes
1520 2099 1535 2123 ,
1546 2073 1587 2114 δι
1602 2072 1721 2124 latas,
1736 2086 1780 2116 ac
1797 2071 1996 2121 ferendas,
2009 2072 2060 2115 ad
2077 2073 2161 2115 Nos
2174 2083 2282 2114 avo·

1316 2128 2278 2245 :3335235‘222315332222‘232:„3252².?2¹32·
2314 2209 2318 2213 ‹

1581 2213 1596 2237 s
1856 2215 1870 2237 a
2265 2213 2283 2229 ο

1312 2242 1433 2302 super
1458 2244 1658 2289 mentium
1689 2247 1931 2302 imponimus
1946 2260 1961 2291 ε
1993 2250 2161 2291 Necnon
2189 2247 2281 2301 qui-

1313 2303 1443 2348 busvis
1463 2305 1551 2349 aliis
1578 2305 1849 2361 apostolicis,
1874 2320 1919 2350 ac
1946 2307 1988 2351 in
2010 2304 2280 2351 Provinciali·

1309 2363 1408 2417 bus,
1435 2364 1761 2421 &synodalibus
1778 2364 1979 2409 Conciliis
2008 2364 2128 2408 editis
2152 2379 2281 2421 gene-

1310 2423 1460 2465 ralibus
1476 2452 1492 2475 ,
1522 2422 1587 2467 vel
1619 2423 1857 2481 specialibus
1871 2428 1964 2468 Con
1972 2424 2248 2469 stitutionibus
2261 2450 2279 2476 ,

1309 2480 1722 2535 &Ordinationibus,
1747 2484 1868 2527 etiam
1896 2495 2039 2528 contra
2063 2495 2276 2540 exemptos

1309 2538 1623 2598 quomodolibet
1635 2541 1759 2585 editis
1772 2568 1786 2591 ,
1802 2543 1864 2586 vel
1879 2542 2047 2586 edendis
2062 2570 2076 2594 ,
2096 2556 2141 2585 ac
2152 2542 2279 2586 etiam

1308 2599 1561 2658 juramento,
1589 2598 1899 2644 confirmatione
1913 2599 2144 2658 Apostolica
2158 2628 2172 2652 ,
2208 2599 2273 2643 vel

1308 2657 1725 2770 assignasses}
1731 2659 2281 2775 '31533235225535233551

1313 2778 1363 2820 tis
1377 2806 1391 2828 ,
1406 2779 1445 2820 ἀ
1460 2776 1592 2821 literis
1601 2776 1844 2833 Apostolicis
1856 2777 1941 2821 illis
1954 2807 1970 2829 ,
1992 2777 2033 2819 δι
2044 2789 2183 2820 eorum
2198 2774 2275 2819 fin·
2306 2821 2308 2825 Α

1312 2835 1414 2893 gulis
1429 2866 1446 2889 ,
1466 2836 1534 2879 sub
1551 2834 1853 2902 quibuscunque
1870 2836 2082 2905 tenoribus
2099 2863 2114 2889 ,
2138 2836 2177 2877 &
2190 2830 2275 2902 snr-

1313 2908 1418 2999 :2¹:2⁵
1426 2892 2275 3012 502522'1‘033?{⁰1l'123552‘3512ssss‘1222‘:

1312 3011 1588 3056 efficacissimis
1599 3038 1614 3062 ,
1629 3026 1676 3056 ac
1691 3010 1860 3057 insolitis
1873 3012 2062 3057 clausulis
2081 3041 2096 3066 ,
2108 3012 2271 3055 irritan-

1316 3070 1499 3130 tibusquc
1511 3097 1528 3122 ,
1539 3073 1579 3115 δι
1590 3071 1678 3116 aliis
1696 3073 1882 3115 Decretis
1896 3072 1934 3117 in
1949 3085 2118 3128 genere,
2129 3071 2171 3114 δι
2183 3068 2270 3127 spe-

1316 3133 1378 3175 cie
1395 3161 1410 3185 ,
1432 3132 1556 3176 etiam
1569 3142 1685 3177 motu
1699 3129 1840 3181 fimili,
1868 3131 1910 3173 δι
1935 3140 2048 3175 certa
2074 3128 2236 3173 scientia
2251 3157 2267 3181 ,

1314 3190 1671 3236 Concissorialiter
1697 3218 1713 3243 ,
1743 3189 1783 3232 δι
1803 3187 1902 3232 aliis
1927 3186 2266 3246 quomodolibet,

1309 3252 1428 3294 etiam
1444 3249 1602 3295 iteratis
1613 3249 1762 3295 vicibus
1786 3247 1825 3291 in
1840 3247 2087 3292 contrarium
2101 3241 2268 3289 conces-

1306 3310 1380 3359 sis,
1396 3308 1654 3368 approbatis,
1683 3305 1965 3353 &innovatisz
1990 3304 2156 3362 Quibus
2178 3318 2268 3348 om-

1302 3368 1608 3422 nibus,illorum
1623 3378 1785 3413 tenores
1801 3361 2055 3423 presentibus
2070 3377 2145 3421 pro
2157 3361 2265 3408 suffi-

1302 3429 1458 3473 cienter
1471 3424 1660 3485 expressis
1675 3426 1869 3471 habentes
1881 3450 1902 3475 ,
1928 3422 2006 3467 illis
2027 3423 2123 3467 aliis
2139 3423 2177 3467 in
2193 3420 2262 3467 suo

1303 3489 1451 3531 robore
1464 3484 1740 3544 permansistis,
1755 3485 1830 3528 hac
1848 3482 1936 3526 vice
1950 3481 2158 3528 dumtaxat
2175 3480 2262 3539 spe.

1303 3547 1460 3591 cialiter
1486 3546 1527 3589 dr
1552 3540 1735 3602 expresse
1760 3541 2006 3599 derogamus
2034 3569 2049 3594 ,
2094 3551 2258 3587 contra·

1300 3606 1372 3651 riis
1385 3604 1619 3663 quibuscum
1650 3616 1699 3647 ue
1711 3627 1727 3652 ‚
1740 3611 1810 3646 aut
1823 3602 1849 3643 fl
1865 3601 2057 3660 aliquibus
2073 3614 2260 3645 commu-

279 3654 451 3699 ’,ΗΘΜ
468 3658 699 3712 Ἷῦᾱῑῑδτί,
727 3662 767 3703 &t
791 3662 966 3709 rebelles
994 3677 1069 3721 per
1092 3665 1237 3720 predi·
1297 3666 1433 3717 niter,
1449 3661 1513 3707 vel
1533 3662 1619 3707 divi
1652 3675 1689 3704 m
1714 3662 1764 3705 ab
1777 3659 1915 3704 eadem
1942 3660 1987 3706 lit
2003 3661 2106 3706 Sede
2120 3658 2256 3705 indul-

276 3716 387 3766 ⁰⁸⁸0
400 3713 573 3771 ⁸¹⁵³s‘l‘l‘
593 3729 844 3773 opportunas
857 3723 1045 3768 censuras
1059 3751 1074 3775 ,
1087 3725 1124 3767 a:
1142 3737 1234 3779 pne·
1297 3733 1381 3765 tum
1395 3748 1409 3772 ,
1425 3720 1536 3778 quod
1550 3720 1766 3771 interdici,
1782 3719 1988 3776 suspendi,
2016 3720 2079 3765 vel
2090 3730 2255 3763 excom·

271 3785 340 3817 ¹⁸⁸⁸
353 3774 656 3831 ’ίΡΡῑίΙδύοΜ
667 3778 875 3834 postposita
888 3810 905 3832 ‚
917 3780 1233 3838 compescendo,
1296 3781 1485 3824 inunicnri
1501 3794 1580 3825 non
1595 3781 1737 3839 pollint
1751 3793 1821 3838 per
1842 3780 1984 3826 literas
1997 3777 2251 3838 Apostolicas

2110 3847 2194 3881 non
