2444 4192
292 160 331 239 3
352 162 391 208 2

229 290 408 337 fratres
424 280 634 330 Minores
650 314 666 338 ,
695 296 778 330 nec
804 280 861 331 ab
883 281 1201 352 Archiepisco-

289 355 361 421 pis
380 387 396 411 ,
412 369 494 400 nec
511 350 748 422 Episcopis
760 389 778 411 ,
796 370 879 402 nec
892 354 949 404 ab
966 355 1062 404 ullo
1082 359 1201 406 Prae-

287 425 388 472 lato
407 421 723 473 Ecclefiastico
738 423 797 473 ad
811 423 1098 483 deferendas,
1116 438 1200 475 aut

288 494 546 541 executioni
560 493 732 544 dandas
752 496 929 544 litteras
941 529 959 552 ,
991 508 1073 542 aut
1086 498 1198 542 Sen-

285 564 455 612 tentias
482 578 644 612 contra
672 565 932 632 Principes,
964 567 1199 611 Commu·

284 635 450 683 nitates
466 665 482 687 ,
504 634 702 700 populos
715 669 733 692 ‚
759 647 841 682 aut
867 628 1195 698 quoscunque...

285 699 609 755 BenefaRores
626 705 734 775 cogi
751 700 874 772 posse
892 700 1098 752 declarat
1111 737 1128 752 .

217 844 722 901 ALEXANDER
758 843 1195 899 EPISCOPUS

396 974 572 1018 Savus
600 973 860 1019 samonum
892 975 1008 1018 Ders

211 1093 384 1144 Dilth's
400 1090 532 1139 Filiis,
544 1092 749 1144 Generali,
763 1092 813 1140 θ’
824 1091 1015 1149 uniuerfir
1030 1092 1198 1136 Ρνουίη-

275 1153 440 1199 cialibus
469 1151 669 1204 Ministris
689 1151 852 1192 Ordinis
889 1153 977 1194 FF.
1001 1154 1138 1205 Mino2

341 1226 460 1266 run,
472 1210 654 1270 stentem
677 1237 693 1260 ‚
724 1209 775 1258 ὸ·
802 1208 1066 1268 Apostolicm

530 1266 873 1326 &maimonem

330 1404 544 1458 Onvenit,
569 1412 618 1449 ut
646 1405 758 1449 sacer
773 1432 789 1456 ‚
813 1403 856 1446 δι
883 1401 1043 1449 lucidus
1060 1405 1193 1449 vester

350 1464 472 1507 Ordo
497 1491 514 1514 ‚
537 1466 638 1508 sicut
671 1464 904 1519 Religionis
930 1464 1190 1519 altitudine-0

204 1530 373 1580 pollet,
406 1522 458 1566 fic
531 1538 551 1567 r
579 1523 697 1568 Sedis
722 1524 970 1580 Apostolicae
984 1524 1189 1582 gratiam...

207 1583 435 1639 privilegio
490 1584 628 1639 ulgeat
664 1582 854 1640 speciali:
889 1583 1026 1627 vestris
1054 1584 1193 1643 itaque

205 1642 581 1699 supplicationibus
612 1643 800 1686 inclinati
825 1671 841 1694 ,
865 1652 914 1687 ut
947 1643 1085 1689 nullus
1108 1647 1195 1687 Ar-

205 1700 498 1758 cbiepiscopus
523 1731 539 1754 ‚
566 1702 631 1745 vel
660 1703 885 1759 Episcopus
912 1731 931 1754 ‚
963 1702 1029 1748 vel
1063 1703 1196 1762 quivis

204 1759 309 1802 alius
335 1761 536 1804 Praelatus
562 1761 889 1815 Ecclefiasticus,
916 1760 984 1805 seu
1009 1776 1197 1807 eorum-a

206 1819 366 1861 Vicarii
382 1848 397 1870 ,
424 1820 489 1863 vel
515 1821 755 1873 Officiales,
788 1834 895 1873 vos,
922 1831 991 1865 aut
1019 1823 1198 1881 aliquem

204 1876 261 1920 de
276 1878 419 1921 vestris
443 1881 656 1924 Fratribus
682 1880 733 1922 ad
752 1880 1105 1936 portandumstm
1119 1883 1194 1926 de·-

203 1933 423 1979 ferendum
453 1938 611 1982 litteras
633 1967 650 1990 ,
680 1938 744 1981 vel
770 1938 1054 1996 exequendum
1078 1970 1096 1994 ‚
1124 1952 1194 1986 aut

203 1994 541 2039 denunciandum
565 1996 781 2041 sententias
807 2008 961 2042 contra
986 1999 1195 2058 Principes

203 2053 445 2107 saculares,
473 2059 808 2099 Communitatcs
836 2085 851 2108 ‚
881 2057 1054 2113 populos
1080 2086 1096 2110 ‚
1126 2059 1195 2103 seu

200 2114 468 2171 quotcunque
497 2113 776 2156 benefactores
806 2115 960 2172 uestros
985 2123 1193 2161 cogere-s

198 2174 368 2214 valeant
386 2194 403 2218 ‚
415 2168 497 2207 fine
513 2167 710 2220 praedietae
729 2166 847 2206 Sedis
874 2163 1067 2207 mandato
1079 2192 1095 2216 ,
1128 2165 1194 2208 vel

198 2225 370 2274 licentii
392 2223 575 2281 speciali,
590 2220 815 2277 expressam
826 2220 1003 2264 faciente
1030 2221 1084 2263 de
1109 2221 1188 2263 hie

195 2281 460 2342 indulgentia
471 2279 730 2322 mentionem
746 2306 754 2316 .
782 2280 871 2319 Nec
886 2290 958 2320 vos
974 2307 989 2330 ,
1005 2278 1070 2321 vel
1084 2276 1187 2335 quiss

198 2358 321 2404 quam
352 2343 540 2385 Fratrum
566 2335 687 2379 venri
712 2334 884 2379 Ordinis
908 2349 1081 2391 parere,
1116 2336 1183 2380 vel

198 2401 422 2450 intendere
454 2395 675 2439 teneamini
702 2394 821 2450 super
849 2394 911 2436 his
940 2393 1186 2437 monitioni-

199 2465 278 2510 bus
292 2491 308 2514 ‚
322 2455 524 2503 mandatis
539 2484 553 2507 ‚
582 2463 655 2497 aut
677 2451 912 2511 juffionibus
936 2452 1162 2495 eorundem
1176 2480 1194 2506 ,

200 2526 448 2568 auctoritare
470 2512 726 2573 presentium
742 2512 1012 2567 indulgemus.
1038 2514 1192 2555 Decer-

196 2592 349 2628 nentes
362 2578 526 2620 irritum
539 2600 554 2624 ‚
569 2574 611 2615 &
626 2574 758 2625 inane,
773 2568 975 2629 quidquid
990 2571 1097 2615 cirea
1114 2572 1191 2616 hoc

196 2651 352 2687 eontra
377 2633 612 2691 hujusmodi
644 2632 797 2676 indulti
817 2642 1006 2675 tenorem
1034 2632 1059 2676 a
1085 2646 1192 2689 quo·

198 2711 382 2754 ‘nmque
401 2694 521 2738 fuerit
537 2702 788 2737 attentatum
805 2722 816 2732 .
833 2688 952 2735 Nulli
977 2703 1079 2748 ergo
1102 2705 1192 2734 om-

199 2765 306 2808 nino
324 2755 533 2799 bominum
559 2752 679 2795 liceat
709 2753 812 2794 hanc
841 2749 1029 2806 paginam
1054 2751 1194 2795 nostre

199 2814 475 2865 couccssionis
491 2841 507 2865 ‚
530 2813 571 2854 ἅ
598 2809 915 2855 Constitutionis
936 2806 1191 2867 infringere,

200 2882 271 2926 vel
288 2879 327 2920 ei
352 2874 449 2919 ausu
464 2874 688 2917 temerario
702 2868 937 2921 contraire3
953 2869 995 2913 Si
1014 2872 1101 2927 quis
1122 2886 1171 2914 au

202 2952 291 2987 ιω»
322 2937 399 2979 hoc
430 2943 635 2979 attentare
662 2926 981 2987 presumpserit,
1003 2928 1192 2988 indigna-

202 3000 362 3045 cionem
384 2992 696 3048 Omnipotentis
714 2990 807 3039 Dei,
821 2989 862 3031 δι
877 2988 1097 3033 Bearorum
1114 2993 1191 3035 Pe·

202 3060 260 3105 ari
275 3087 291 3110 ‚
314 3058 357 3099 δι
385 3054 501 3098 Pauli
528 3048 825 3109 Apostolorum
847 3046 934 3106 ejus
967 3048 1005 3092 ie
1025 3051 1189 3095 noverit

204 3115 488 3165 incuriisrum.

328 3177 481 3219 Datum
500 3169 689 3228 Anagnioe
713 3167 879 3213 decimo
909 3165 1081 3226 septimo
1107 3170 1191 3213 Ka-

206 3236 346 3283 lendas
363 3231 608 3277 Novembris
623 3259 640 3285 ‚
650 3226 918 3276 Pontificatsss
932 3227 1052 3274 nostri
1069 3256 1085 3281 ,
1099 3233 1187 3274 An·

210 3312 266 3344 ⁰0
289 3294 429 3340 primo
442 3321 454 3335 ο

272 3411 421 3470 specul.
441 3413 542 3454 Mln.
559 3408 682 3452 ruff.
699 3407 825 3467 ’.βλ
849 3422 940 3466 ¹¹9·
972 3405 1188 3467 Wadllng.

329 3481 466 3523 namq.
493 3465 729 3529 Annskset.
745 3480 845 3527 542.
873 3468 1068 3525 nunqu.
1085 3467 1189 3514 unu.

327 3526 470 3571 [σί-36.
488 3530 603 3572 eol-a.

830 122 996 213 Sub
1056 119 1502 210 Alexandro
1566 117 1611 207 I
1631 121 1731 214 V.

1261 282 1498 337 Fratribus
1514 278 1783 331 Minoribus
1810 276 1867 327 de
1885 276 1998 327 locis
2010 275 2101 327 suis
2123 275 2180 327 ad
2196 278 2239 326 al

1329 356 1389 404 lia
1410 356 1512 401 loca
1533 349 1874 401 transeuntibus
1893 366 2079 399 omnem
2098 349 2257 418 primi‘

1328 420 1507 473 aedificii
1525 421 1767 471 materiam
1788 454 1805 476 ,
1839 417 2007 478 libros,
2041 419 2089 471 ἃ
2111 438 2241 489 para-

1327 503 1485 539 menta
1500 488 1657 539 secum
1672 488 1731 554 ad
1747 490 1894 537 alium
1908 490 2066 541 locum
2082 487 2240 541 trasfe-

1331 558 1461 610 rendi
1489 558 1583 608 διο.
1614 557 1887 610 facultatem
1920 560 2113 630 largitur
2134 597 2150 622 ,
2183 580 2236 612 ac

1328 632 1463 681 aliter
1481 628 1600 679 fasta
1610 629 1841 679 annullat.

1329 773 1754 826 ALEXANDER
1790 773 2164 833 EPISCOPUS

1449 904 1625 950 seavus
1657 902 1915 948 Stavoaum
1947 903 2031 945 Dar
2044 927 2059 943 .

1255 1035 1445 1078 Generalt'
1457 1032 2096 1091 Mntstro,&1’rovincu·ale·bus‚&
2110 1039 2242 1082 Gaas-g

1316 1093 1445 1135 dionis
1461 1121 1474 1143 ,
1489 1106 1557 1134 nec
1575 1106 1652 1134 non
1670 1093 1724 1142 ἀι
1736 1092 1926 1150 universis
1956 1094 2181 1137 Fratribus

1376 1151 1423 1194 de
1437 1151 1588 1196 Ordine
1602 1153 1799 1194 Fratrum
1812 1153 2017 1193 Mmorum
2028 1150 2127 1208 ,fi-

1504 1212 1626 1255 tutem
1652 1210 1702 1259 δ’
1732 1208 1995 1266 Apostolicam

1579 1269 1891 1315 BenediWonem
1904 1298 1918 1312 .

1367 1409 1407 1450 X
1426 1409 1542 1464 parte
1567 1403 1699 1450 vestra
1721 1403 1797 1448 fuit
1822 1407 2072 1462 propositum
2095 1417 2243 1448 coram

1385 1467 1546 1518 Nobis,
1571 1466 1681 1523 quod
1708 1465 1897 1509 nonnulli
1923 1462 2242 1520 Archiepiscopi

1252 1524 1294 1564 &
1324 1526 1546 1583 Episcopi,
1575 1527 1617 1568 δι
1644 1524 1715 1568 alii
1741 1525 2018 1568 Ecclefiarum
2050 1521 2243 1571 Palati,

1252 1581 1346 1627 cum
1362 1588 1524 1630 Fratres
1544 1585 1677 1629 Vestri
1693 1584 1860 1629 Ordinis
1876 1585 1928 1629 de
1954 1584 2056 1626 locis
2083 1582 2162 1625 suis
2191 1579 2244 1620 ad

1256 1645 1334 1687 alia
1347 1645 1439 1691 loca
1453 1674 1468 1697 ,
1496 1646 1553 1689 eis
1567 1674 1583 1698 ‚
1603 1646 1644 1688 δι
1659 1645 1726 1702 ipsi
1739 1643 1884 1687 Ordini
1900 1641 1967 1700 pisi
1991 1641 2108 1687 Sedis
2136 1642 2247 1695 Apo-

1256 1704 1403 1748 stolicae
1416 1703 1484 1748 vel
1498 1704 1678 1747 aliorum
1700 1702 1853 1746 Christi
1871 1700 2078 1745 Fidelium
2098 1698 2246 1742 libera-

1257 1762 1374 1807 litate
1390 1761 1570 1808 concessa
1592 1760 1804 1807 transferri
1826 1760 2048 1818 contigerit
2063 1787 2079 1811 ,
2105 1757 2244 1814 priora

1257 1823 1349 1868 loca
1372 1823 1577 1868 violenter
1601 1829 1806 1878 occupant
1826 1849 1839 1873 ,
1856 1821 1994 1863 &tam
2019 1833 2094 1870 ea,
2120 1817 2244 1876 quam

1257 1882 1381 1927 libros
1395 1883 1563 1928 Calices
1577 1909 1592 1934 ,
1621 1883 1663 1925 δι
1679 1884 1915 1925 paramenta
1932 1878 1999 1923 fibi
2026 1878 2245 1942 vendicare

1257 1943 1491 2002 presumant
1505 1943 1544 1985 in
1572 1942 1798 1986 animarum
1825 1938 2111 1995 dispendium,
2147 1935 2247 2001 dieti

1256 2003 1425 2047 Ordinis
1450 1999 1723 2060 prejudicium
1739 2025 1756 2050 ,
1782 2000 1824 2041 δι
1850 1997 2083 2042 scandalum
2113 1995 2248 2050 pluri-

1257 2074 1419 2103 morum
1438 2087 1452 2099 .
1474 2063 1563 2100 Nos
1584 2058 1714 2109 igitur
1729 2082 1746 2104 ,
1773 2056 1891 2109 super
1908 2056 1970 2095 his
1995 2062 2164 2108 paterna
2182 2050 2247 2093 so·

1257 2113 1472 2154 lieitudine
1483 2111 1700 2167 providere
1718 2109 1932 2162 volentes,
1956 2120 2001 2154 ut
2018 2111 2141 2154 liceat
2163 2107 2245 2153 eis-

1255 2168 1350 2212 dem
1367 2169 1598 2215 Fratribus,
1621 2168 1716 2210 cum
1733 2168 1788 2223 def
1803 2170 2016 2211 Prioribus
2037 2170 2169 2220 loeis,
2189 2166 2246 2211 ad

1253 2222 1331 2267 alia
1353 2223 1443 2265 loca
1465 2222 1505 2264 se
1526 2221 1809 2275 transferunt,
1838 2232 1925 2265 tam
1952 2223 2146 2274 edificia,
2171 2228 2244 2268 seu

1247 2295 1409 2320 omnem
1425 2278 1687 2320 edificiorum
1706 2282 1918 2324 materiam
1934 2280 2140 2336 locorum,
2154 2296 2244 2341 quoe

1246 2335 1666 2392 dimittunt‚exceptis
1678 2335 1878 2383 duntaxat
1896 2341 2105 2395 Ecclefiis,
2117 2345 2243 2400 quam

1251 2395 1383 2439 libros
1403 2421 1419 2446 ‚
1443 2394 1608 2440 Calices
1622 2423 1638 2448 ‚
1663 2397 1699 2438 8<
1712 2399 1956 2443 Par-amenta
1970 2402 2155 2458 praediera
2185 2400 2239 2445 ad

1257 2455 1336 2498 alia
1350 2454 1439 2498 loca
1452 2453 1677 2499 transferre
1690 2486 1705 2509 ,
1721 2471 1765 2502 ae
1782 2458 1949 2503 aedificia
1972 2462 2055 2518 ipsa
2070 2477 2163 2507 cum
2175 2462 2241 2504 so-

1254 2515 1298 2559 lo
1310 2515 1351 2557 &
1365 2513 1454 2557 aliis
1477 2514 1529 2558 ad
1544 2527 1592 2558 ea
1620 2514 1708 2559 loca
1738 2519 2040 2574 pertinentibus
2055 2551 2071 2573 ,
2088 2531 2237 2581 preter

1255 2571 1502 2626 Ecclesiam,
1530 2586 1600 2629 per
1630 2578 1965 2624 Procuratoresa
1983 2582 2097 2626 vobis
2122 2581 2239 2626 Filiis

1253 2633 1444 2677 Minissris
1465 2630 1515 2675 ad
1542 2635 1622 2677 hoc
1649 2635 1866 2693 deputatos
1897 2638 2103 2694 vendere,
2129 2641 2241 2699 ipso-

1254 2706 1428 2751 rumque
1453 2693 1630 2750 pretium
1653 2723 1668 2747 ,
1687 2695 1727 2739 in
1755 2697 1929 2741 aliorum
1951 2697 2140 2743 locorum
2156 2697 2236 2751 ,ad

1254 2766 1340 2813 quc
1353 2753 1448 2797 diet·
1465 2754 1625 2797 Fratres
1641 2753 1679 2798 se
1694 2754 1943 2800 transferunt
1959 2783 1975 2810 0
1999 2757 2236 2803 edificatio-

1255 2826 1349 2859 nem
1362 2838 1377 2863 ,
1403 2813 1468 2857 stu
1484 2812 1584 2858 alias
1601 2814 1639 2857 in
1652 2829 1792 2860 corum
1809 2818 2035 2861 utilitatem
2057 2831 2238 2863 eonver-

1255 2885 1368 2925 κατε,
1394 2886 1488 2916 cum
1513 2870 1594 2929 ipsa
1621 2876 1785 2934 propria
1811 2876 1901 2920 loca
1918 2901 1934 2925 s
1959 2877 2001 2921 δι
2029 2878 2110 2922 alia
2140 2876 2234 2920 loca

1256 2935 1440 2979 Fratrum
1455 2930 1506 2975 ad
1523 2945 1596 2976 nos
1612 2961 1627 2985 ,
1653 2935 1694 2976 δι
1709 2935 1946 2993 ΑροίὶοΙίοει
1969 2934 2118 2983 Sedens
2144 2936 2236 2994 spe·

1251 2992 1411 3037 cialiter
1425 2991 1634 3048 pertinere
1653 2994 1842 3040 noscatur
1857 3024 1872 3048 ‚
1899 2995 2149 3053 presentium
2164 3008 2232 3038 au-

1251 3053 1450 3096 thoritate
1485 3050 1775 3109 indulgemus,
1806 3053 2021 3100 distrielius
2048 3056 2235 3100 inhiben-

1252 3122 1316 3157 tes
1333 3137 1349 3163 ‚
1373 3125 1427 3156 ne
1452 3111 1596 3168 aliquis
1625 3113 1906 3170 predictorum
1934 3114 2230 3167 Proelatorum‚

1251 3171 1320 3216 seu
1334 3171 1488 3228 quoevis
1502 3171 1580 3215 alia
1597 3176 1762 3228 peribna
1780 3173 2054 3218 Eccleflastica
2069 3175 2132 3219 vel
2151 3175 2230 3217 Se·

1248 3230 1400 3275 cularis
1426 3255 1441 3279 .
1466 3230 1652 3288 predicta
1678 3232 1808 3280 bona,
1835 3230 1900 3277 scu
1926 3233 2018 3278 loca
2044 3234 2229 3292 accipere

1250 3290 1315 3334 vel
1330 3288 1520 3347 usurpare
1533 3316 1549 3340 ‚
1572 3301 1640 3335 aut
1654 3305 1900 3349 quocunque
1922 3292 2003 3337 alio
2018 3292 2144 3337 modo
2158 3293 2228 3338 fibi

1251 3348 1469 3395 vendicare
1483 3347 1717 3408 prasumant
1746 3350 1893 3410 absque
1921 3353 2085 3397 licentii
2110 3353 2228 3398 Sedis

1249 3408 1495 3463 apostolice
1511 3408 1966 3467 speciali,deccrnentes
1979 3412 2163 3463 irritum,
2188 3413 2228 3455 δι

1251 3470 1370 3512 inane
1385 3497 1399 3521 ‚
1427 3468 1624 3527 puidquid
1641 3480 1789 3514 eontra
1808 3470 2035 3527 hujusmodi
2063 3471 2229 3517 conces-

1251 3531 1401 3572 sionem
1417 3558 1431 3580 ‚
1456 3527 1791 3574 &inhibitionem
1820 3530 1992 3575 nostram
2021 3546 2093 3575 ner
2115 3530 2230 3589 quos·

1253 3601 1410 3689 cungue
1422 3587 1544 3658 suerit
1560 3596 1809 3692 altutentat't'im
1820 3619 1831 3633 .
1854 3592 1971 3661 Nulli
1984 3574 2086 3649 erigo
2097 3591 2228 3693 0ιῖίηί-

1253 3661 1306 3691 no
1361 3660 1542 3693 ominum
1595 3659 1692 3693 iceat
1760 3663 1836 3694 ane
1901 3665 1922 3695 a
1955 3666 2059 3695 inam
2090 3666 2142 3694 no
2179 3664 2229 3693 τε

1255 3705 1520 3750 conceffionis
1532 3734 1547 3759 ‚
1564 3707 1605 3749 δι
1633 3664 2116 3770 inhibitionifisvgfringcrc
2132 3739 2145 3762 ,
2162 3710 2230 3754 vel

1257 3764 1293 3810 ei
1307 3764 1399 3810 ausu
1417 3767 1635 3812 temerario
1649 3770 1853 3815 contraire
1867 3784 1879 3814 :
1905 3772 1946 3817 si
1960 3773 2047 3830 quis
2060 3781 2199 3815 autem
2211 3796 2227 3820 ‚

2087 3834 2166 3877 hoc

1532 3990 1570 4011 '2‘-
