<?xml version="1.0" encoding="UTF-8"?>
<!DOCTYPE html PUBLIC "-//W3C//DTD XHTML 1.0 Transitional//EN"
    "http://www.w3.org/TR/xhtml1/DTD/xhtml1-transitional.dtd">
<html xmlns="http://www.w3.org/1999/xhtml" xml:lang="en" lang="en">
 <head>
  <title>
</title>
<meta http-equiv="Content-Type" content="text/html;charset=utf-8" />
  <meta name='ocr-system' content='tesseract 3.04.00' />
  <meta name='ocr-capabilities' content='ocr_page ocr_carea ocr_par ocr_line ocrx_word'/>
</head>
<body>
  <div class='ocr_page' id='page_1' title='image "./bullariumordinis06cath/bullariumordinis06cath_0353.png"; bbox 0 0 2444 4192; ppageno 0'>
   <div class='ocr_carea' id='block_1_1' title="bbox 704 144 1743 236">
    <p class='ocr_par' dir='ltr' id='par_1_1' title="bbox 704 144 1743 236">
     <span class='ocr_line' id='line_1_1' title="bbox 704 144 1743 236; baseline -0.004 -5"><span class='ocrx_word' id='word_1_1' title='bbox 704 229 707 231; x_wconf 83' lang='grc'><strong>,</strong></span> <span class='ocrx_word' id='word_1_2' title='bbox 777 144 936 228; x_wconf 80' lang='lat' dir='ltr'>Sub</span> <span class='ocrx_word' id='word_1_3' title='bbox 996 148 1373 236; x_wconf 77' lang='lat' dir='ltr'><em>Clemente</em></span> <span class='ocrx_word' id='word_1_4' title='bbox 1439 150 1536 235; x_wconf 92' lang='lat' dir='ltr'><em>V</em></span> <span class='ocrx_word' id='word_1_5' title='bbox 1537 145 1578 230; x_wconf 90' lang='grc' dir='ltr'><em>Ι</em></span> <span class='ocrx_word' id='word_1_6' title='bbox 1589 149 1630 230; x_wconf 94' lang='lat' dir='ltr'><em>I</em></span> <span class='ocrx_word' id='word_1_7' title='bbox 1644 147 1743 228; x_wconf 88' lang='lat' dir='ltr'>I.-</span> 
     </span>
    </p>
   </div>
   <div class='ocr_carea' id='block_1_2' title="bbox 204 291 1208 1922">
    <p class='ocr_par' dir='ltr' id='par_1_2' title="bbox 204 291 1208 1690">
     <span class='ocr_line' id='line_1_2' title="bbox 265 291 1202 346; baseline -0.003 -2"><span class='ocrx_word' id='word_1_8' title='bbox 265 300 372 343; x_wconf 83' lang='lat' dir='ltr'>illam</span> <span class='ocrx_word' id='word_1_9' title='bbox 388 298 459 346; x_wconf 80' lang='lat' dir='ltr'>,ac</span> <span class='ocrx_word' id='word_1_10' title='bbox 474 291 774 336; x_wconf 65' lang='lat' dir='ltr'>laudatissimam</span> <span class='ocrx_word' id='word_1_11' title='bbox 800 292 1020 346; x_wconf 86' lang='lat' dir='ltr'>priscorum</span> <span class='ocrx_word' id='word_1_12' title='bbox 1035 301 1202 341; x_wconf 79' lang='lat' dir='ltr'>Parrum</span> 
     </span>
     <span class='ocr_line' id='line_1_3' title="bbox 262 350 1203 409; baseline -0.004 -8"><span class='ocrx_word' id='word_1_13' title='bbox 262 351 422 401; x_wconf 80' lang='lat' dir='ltr'>vivendi</span> <span class='ocrx_word' id='word_1_14' title='bbox 458 353 658 395; x_wconf 87' lang='lat' dir='ltr'>rationem</span> <span class='ocrx_word' id='word_1_15' title='bbox 689 350 946 394; x_wconf 78' lang='lat' dir='ltr'>relaxandam</span> <span class='ocrx_word' id='word_1_16' title='bbox 973 354 1203 409; x_wconf 59' lang='lat' dir='ltr'>majorem,</span> 
     </span>
     <span class='ocr_line' id='line_1_4' title="bbox 261 409 1208 467; baseline -0.005 -12"><span class='ocrx_word' id='word_1_17' title='bbox 261 415 343 457; x_wconf 83' lang='lat' dir='ltr'>vim</span> <span class='ocrx_word' id='word_1_18' title='bbox 373 409 546 453; x_wconf 75' lang='lat' dir='ltr'>habuisse</span> <span class='ocrx_word' id='word_1_19' title='bbox 559 418 804 467; x_wconf 88' lang='lat' dir='ltr'>compertum</span> <span class='ocrx_word' id='word_1_20' title='bbox 823 409 867 449; x_wconf 85' lang='lat' dir='ltr'>fit</span> <span class='ocrx_word' id='word_1_21' title='bbox 883 436 896 459; x_wconf 92' lang='lat'>,</span> <span class='ocrx_word' id='word_1_22' title='bbox 924 409 1041 462; x_wconf 67' lang='lat' dir='ltr'>quam</span> <span class='ocrx_word' id='word_1_23' title='bbox 1071 414 1133 454; x_wconf 84' lang='lat' dir='ltr'>vel</span> <span class='ocrx_word' id='word_1_24' title='bbox 1149 414 1208 454; x_wconf 81' lang='lat' dir='ltr'>ni·</span> 
     </span>
     <span class='ocr_line' id='line_1_5' title="bbox 261 463 1207 525; baseline -0.005 -11"><span class='ocrx_word' id='word_1_25' title='bbox 261 468 433 514; x_wconf 80' lang='lat' dir='ltr'>miamin</span> <span class='ocrx_word' id='word_1_26' title='bbox 448 468 688 525; x_wconf 86' lang='lat' dir='ltr'>recipiendis</span> <span class='ocrx_word' id='word_1_27' title='bbox 703 467 878 511; x_wconf 84' lang='lat' dir='ltr'>Novitiis</span> <span class='ocrx_word' id='word_1_28' title='bbox 894 463 1130 508; x_wconf 75' lang='lat' dir='ltr'>facilitatem</span> <span class='ocrx_word' id='word_1_29' title='bbox 1145 468 1207 510; x_wconf 87' lang='lat' dir='ltr'>su·</span> 
     </span>
     <span class='ocr_line' id='line_1_6' title="bbox 257 525 1204 586; baseline -0.005 -16"><span class='ocrx_word' id='word_1_30' title='bbox 257 541 330 586; x_wconf 81' lang='lat' dir='ltr'>pra</span> <span class='ocrx_word' id='word_1_31' title='bbox 353 541 565 571; x_wconf 88' lang='lat' dir='ltr'>numerum</span> <span class='ocrx_word' id='word_1_32' title='bbox 581 557 594 579; x_wconf 89' lang='lat'><em>‚</em></span> <span class='ocrx_word' id='word_1_33' title='bbox 616 538 738 584; x_wconf 89' lang='lat' dir='ltr'>quem</span> <span class='ocrx_word' id='word_1_34' title='bbox 764 538 936 580; x_wconf 81' lang='lat' dir='ltr'>capere,</span> <span class='ocrx_word' id='word_1_35' title='bbox 964 534 1080 578; x_wconf 89' lang='lat' dir='ltr'>atque</span> <span class='ocrx_word' id='word_1_36' title='bbox 1094 525 1204 566; x_wconf 88' lang='lat' dir='ltr'>alere</span> 
     </span>
     <span class='ocr_line' id='line_1_7' title="bbox 256 582 1205 643; baseline -0.008 -13"><span class='ocrx_word' id='word_1_37' title='bbox 256 585 496 630; x_wconf 74' lang='lat' dir='ltr'>monasteria</span> <span class='ocrx_word' id='word_1_38' title='bbox 522 587 600 643; x_wconf 85' lang='lat' dir='ltr'>ipsa</span> <span class='ocrx_word' id='word_1_39' title='bbox 625 583 774 642; x_wconf 80' lang='lat' dir='ltr'>poffent</span> <span class='ocrx_word' id='word_1_40' title='bbox 786 611 801 634; x_wconf 86' lang='lat'>,</span> <span class='ocrx_word' id='word_1_41' title='bbox 829 583 891 626; x_wconf 89' lang='lat' dir='ltr'>vel</span> <span class='ocrx_word' id='word_1_42' title='bbox 918 582 1205 637; x_wconf 83' lang='lat' dir='ltr'>negligentiam</span> 
     </span>
     <span class='ocr_line' id='line_1_8' title="bbox 256 640 1202 700; baseline -0.006 -13"><span class='ocrx_word' id='word_1_43' title='bbox 256 645 296 686; x_wconf 90' lang='lat' dir='ltr'>in</span> <span class='ocrx_word' id='word_1_44' title='bbox 311 644 524 700; x_wconf 88' lang='lat' dir='ltr'>probando</span> <span class='ocrx_word' id='word_1_45' title='bbox 537 673 553 697; x_wconf 85' lang='lat'>‚</span> <span class='ocrx_word' id='word_1_46' title='bbox 567 647 604 687; x_wconf 88' lang='lat'>&amp;</span> <span class='ocrx_word' id='word_1_47' title='bbox 618 641 878 686; x_wconf 81' lang='lat' dir='ltr'>examinando</span> <span class='ocrx_word' id='word_1_48' title='bbox 891 653 1030 682; x_wconf 90' lang='lat' dir='ltr'>eorum</span> <span class='ocrx_word' id='word_1_49' title='bbox 1047 640 1202 696; x_wconf 85' lang='lat' dir='ltr'>spiritu,</span> 
     </span>
     <span class='ocr_line' id='line_1_9' title="bbox 258 698 1203 756; baseline -0.005 -11"><span class='ocrx_word' id='word_1_50' title='bbox 258 717 308 745; x_wconf 88' lang='lat' dir='ltr'>an</span> <span class='ocrx_word' id='word_1_51' title='bbox 325 703 418 746; x_wconf 75' lang='lat' dir='ltr'>vere</span> <span class='ocrx_word' id='word_1_52' title='bbox 432 701 526 746; x_wconf 79' lang='lat' dir='ltr'>effet</span> <span class='ocrx_word' id='word_1_53' title='bbox 547 717 597 746; x_wconf 86' lang='lat' dir='ltr'>ex</span> <span class='ocrx_word' id='word_1_54' title='bbox 610 704 711 754; x_wconf 90' lang='lat' dir='ltr'>Deo,</span> <span class='ocrx_word' id='word_1_55' title='bbox 723 709 842 756; x_wconf 87' lang='lat' dir='ltr'>atque</span> <span class='ocrx_word' id='word_1_56' title='bbox 858 713 906 742; x_wconf 82' lang='lat' dir='ltr'>ex</span> <span class='ocrx_word' id='word_1_57' title='bbox 923 699 1118 754; x_wconf 79' lang='lat' dir='ltr'>praecipuo</span> <span class='ocrx_word' id='word_1_58' title='bbox 1131 698 1203 741; x_wconf 85' lang='lat' dir='ltr'>de·-</span> 
     </span>
     <span class='ocr_line' id='line_1_10' title="bbox 256 757 1202 813; baseline -0.003 -10"><span class='ocrx_word' id='word_1_59' title='bbox 256 761 405 804; x_wconf 85' lang='lat' dir='ltr'>siderio</span> <span class='ocrx_word' id='word_1_60' title='bbox 434 761 495 804; x_wconf 92' lang='lat' dir='ltr'>illi</span> <span class='ocrx_word' id='word_1_61' title='bbox 526 758 780 813; x_wconf 86' lang='lat' dir='ltr'>inserviendi,</span> <span class='ocrx_word' id='word_1_62' title='bbox 813 759 876 803; x_wconf 86' lang='lat' dir='ltr'>vel</span> <span class='ocrx_word' id='word_1_63' title='bbox 891 757 1065 813; x_wconf 90' lang='lat' dir='ltr'>denique</span> <span class='ocrx_word' id='word_1_64' title='bbox 1090 757 1202 800; x_wconf 89' lang='lat' dir='ltr'>ineu-</span> 
     </span>
     <span class='ocr_line' id='line_1_11' title="bbox 254 815 1200 874; baseline -0.004 -14"><span class='ocrx_word' id='word_1_65' title='bbox 254 820 356 860; x_wconf 82' lang='lat' dir='ltr'>riam</span> <span class='ocrx_word' id='word_1_66' title='bbox 381 821 422 861; x_wconf 93' lang='lat' dir='ltr'>in</span> <span class='ocrx_word' id='word_1_67' title='bbox 444 821 500 862; x_wconf 86' lang='lat' dir='ltr'>eis</span> <span class='ocrx_word' id='word_1_68' title='bbox 514 817 732 863; x_wconf 79' lang='lat' dir='ltr'>educandis</span> <span class='ocrx_word' id='word_1_69' title='bbox 749 846 763 869; x_wconf 88' lang='lat'>,</span> <span class='ocrx_word' id='word_1_70' title='bbox 787 827 907 874; x_wconf 89' lang='lat' dir='ltr'>atque</span> <span class='ocrx_word' id='word_1_71' title='bbox 926 815 1175 858; x_wconf 87' lang='lat' dir='ltr'>instituendis</span> <span class='ocrx_word' id='word_1_72' title='bbox 1189 843 1200 856; x_wconf 88' lang='lat'><strong><em>.</em></strong></span> 
     </span>
     <span class='ocr_line' id='line_1_12' title="bbox 253 874 1201 943; baseline -0.006 -23"><span class='ocrx_word' id='word_1_73' title='bbox 253 876 442 926; x_wconf 72' lang='lat' dir='ltr'>idcirco,</span> <span class='ocrx_word' id='word_1_74' title='bbox 472 888 514 921; x_wconf 89' lang='lat' dir='ltr'>ut</span> <span class='ocrx_word' id='word_1_75' title='bbox 542 874 1057 943; x_wconf 39' lang='lat' dir='ltr'>hujusmodi-incommodo</span> <span class='ocrx_word' id='word_1_76' title='bbox 1085 874 1201 919; x_wconf 78' lang='lat' dir='ltr'>dein-</span> 
     </span>
     <span class='ocr_line' id='line_1_13' title="bbox 253 933 1203 1050; baseline -0.004 -15"><span class='ocrx_word' id='word_1_77' title='bbox 253 933 1203 1050; x_wconf 51' lang='lat' dir='ltr'>322213‘535&#39;3222’s32‘322¹:¹¹3:13‘55222233</span> 
     </span>
     <span class='ocr_line' id='line_1_14' title="bbox 252 1051 1204 1106; baseline 0 -11"><span class='ocrx_word' id='word_1_78' title='bbox 252 1052 431 1095; x_wconf 88' lang='lat' dir='ltr'>Novitiis</span> <span class='ocrx_word' id='word_1_79' title='bbox 444 1082 458 1105; x_wconf 86' lang='lat'>‚</span> <span class='ocrx_word' id='word_1_80' title='bbox 489 1054 581 1096; x_wconf 85' lang='lat' dir='ltr'>&amp;in</span> <span class='ocrx_word' id='word_1_81' title='bbox 597 1066 736 1096; x_wconf 88' lang='lat' dir='ltr'>eorum</span> <span class='ocrx_word' id='word_1_82' title='bbox 750 1051 992 1096; x_wconf 81' lang='lat' dir='ltr'>institutione</span> <span class='ocrx_word' id='word_1_83' title='bbox 1009 1079 1021 1102; x_wconf 88' lang='lat'>‚</span> <span class='ocrx_word' id='word_1_84' title='bbox 1046 1060 1204 1106; x_wconf 64' lang='lat' dir='ltr'>atque.)</span> 
     </span>
     <span class='ocr_line' id='line_1_15' title="bbox 250 1109 1208 1166; baseline -0.004 -14"><span class='ocrx_word' id='word_1_85' title='bbox 250 1109 491 1154; x_wconf 82' lang='lat' dir='ltr'>educatione</span> <span class='ocrx_word' id='word_1_86' title='bbox 504 1136 519 1159; x_wconf 94' lang='lat'>,</span> <span class='ocrx_word' id='word_1_87' title='bbox 536 1124 691 1154; x_wconf 86' lang='lat' dir='ltr'>necnon</span> <span class='ocrx_word' id='word_1_88' title='bbox 709 1112 750 1153; x_wconf 92' lang='lat' dir='ltr'>in</span> <span class='ocrx_word' id='word_1_89' title='bbox 767 1109 944 1166; x_wconf 76' lang='lat' dir='ltr'>Magistri</span> <span class='ocrx_word' id='word_1_90' title='bbox 958 1139 972 1162; x_wconf 93' lang='lat'>,</span> <span class='ocrx_word' id='word_1_91' title='bbox 985 1111 1024 1153; x_wconf 89' lang='lat'>&amp;</span> <span class='ocrx_word' id='word_1_92' title='bbox 1036 1109 1208 1153; x_wconf 86' lang='lat' dir='ltr'>aliorum</span> 
     </span>
     <span class='ocr_line' id='line_1_16' title="bbox 249 1166 1207 1222; baseline -0.003 -12"><span class='ocrx_word' id='word_1_93' title='bbox 249 1168 529 1211; x_wconf 70' lang='lat' dir='ltr'>ministrorum</span> <span class='ocrx_word' id='word_1_94' title='bbox 549 1167 748 1210; x_wconf 66' lang='lat' dir='ltr'>electione</span> <span class='ocrx_word' id='word_1_95' title='bbox 762 1197 776 1220; x_wconf 87' lang='lat'>,</span> <span class='ocrx_word' id='word_1_96' title='bbox 792 1179 935 1221; x_wconf 73' lang='lat' dir='ltr'>praeter</span> <span class='ocrx_word' id='word_1_97' title='bbox 949 1167 1025 1209; x_wconf 78' lang='lat' dir='ltr'>alia</span> <span class='ocrx_word' id='word_1_98' title='bbox 1040 1195 1055 1218; x_wconf 90' lang='lat'>,</span> <span class='ocrx_word' id='word_1_99' title='bbox 1067 1181 1151 1222; x_wconf 85' lang='lat' dir='ltr'>quae</span> <span class='ocrx_word' id='word_1_100' title='bbox 1167 1166 1207 1208; x_wconf 90' lang='lat' dir='ltr'>in</span> 
     </span>
     <span class='ocr_line' id='line_1_17' title="bbox 253 1223 1207 1280; baseline -0.002 -14"><span class='ocrx_word' id='word_1_101' title='bbox 253 1223 368 1268; x_wconf 86' lang='lat' dir='ltr'>sacris</span> <span class='ocrx_word' id='word_1_102' title='bbox 394 1226 629 1269; x_wconf 87' lang='lat' dir='ltr'>Canonibus</span> <span class='ocrx_word' id='word_1_103' title='bbox 657 1253 671 1276; x_wconf 90' lang='lat'><strong>‚</strong></span> <span class='ocrx_word' id='word_1_104' title='bbox 698 1239 743 1266; x_wconf 88' lang='lat' dir='ltr'>ac</span> <span class='ocrx_word' id='word_1_105' title='bbox 777 1228 981 1273; x_wconf 78' lang='lat' dir='ltr'>Decretis,</span> <span class='ocrx_word' id='word_1_106' title='bbox 993 1224 1207 1280; x_wconf 71' lang='lat' dir='ltr'>praesertim</span> 
     </span>
     <span class='ocr_line' id='line_1_18' title="bbox 204 1280 1207 1332; baseline -0.004 -7"><span class='ocrx_word' id='word_1_107' title='bbox 204 1323 206 1325; x_wconf 76' lang='grc'>,</span> <span class='ocrx_word' id='word_1_108' title='bbox 250 1284 428 1327; x_wconf 88' lang='lat' dir='ltr'>Concilii</span> <span class='ocrx_word' id='word_1_109' title='bbox 459 1281 696 1325; x_wconf 80' lang='lat' dir='ltr'>Tridentini</span> <span class='ocrx_word' id='word_1_110' title='bbox 714 1308 730 1332; x_wconf 89' lang='lat'>,</span> <span class='ocrx_word' id='word_1_111' title='bbox 758 1281 976 1325; x_wconf 73' lang='lat' dir='ltr'>pontificiis</span> <span class='ocrx_word' id='word_1_112' title='bbox 993 1308 1008 1331; x_wconf 89' lang='lat'>,</span> <span class='ocrx_word' id='word_1_113' title='bbox 1022 1280 1207 1332; x_wconf 84' lang='lat' dir='ltr'>&amp;cuius-</span> 
     </span>
     <span class='ocr_line' id='line_1_19' title="bbox 251 1337 1207 1399; baseline -0.005 -15"><span class='ocrx_word' id='word_1_114' title='bbox 251 1353 407 1399; x_wconf 83' lang='lat' dir='ltr'>cunque</span> <span class='ocrx_word' id='word_1_115' title='bbox 421 1340 612 1392; x_wconf 84' lang='lat' dir='ltr'>Ordinis,</span> <span class='ocrx_word' id='word_1_116' title='bbox 637 1348 704 1382; x_wconf 80' lang='lat' dir='ltr'>aut</span> <span class='ocrx_word' id='word_1_117' title='bbox 723 1339 894 1383; x_wconf 64' lang='lat' dir='ltr'>instituti</span> <span class='ocrx_word' id='word_1_118' title='bbox 907 1337 1207 1383; x_wconf 81' lang='lat' dir='ltr'>constitutioni-</span> 
     </span>
     <span class='ocr_line' id='line_1_20' title="bbox 249 1397 1206 1455; baseline -0.004 -13"><span class='ocrx_word' id='word_1_119' title='bbox 249 1399 326 1443; x_wconf 88' lang='lat' dir='ltr'>bus</span> <span class='ocrx_word' id='word_1_120' title='bbox 337 1397 738 1449; x_wconf 68' lang='lat' dir='ltr'>continentur-‚tamin</span> <span class='ocrx_word' id='word_1_121' title='bbox 752 1398 843 1443; x_wconf 81' lang='lat' dir='ltr'>aliis</span> <span class='ocrx_word' id='word_1_122' title='bbox 857 1398 1206 1455; x_wconf 74' lang='lat' dir='ltr'>defignatis,quam</span> 
     </span>
     <span class='ocr_line' id='line_1_21' title="bbox 252 1455 1202 1516; baseline -0.003 -17"><span class='ocrx_word' id='word_1_123' title='bbox 252 1470 358 1500; x_wconf 88' lang='lat' dir='ltr'>nunc</span> <span class='ocrx_word' id='word_1_124' title='bbox 382 1488 398 1510; x_wconf 93' lang='lat'>,</span> <span class='ocrx_word' id='word_1_125' title='bbox 425 1460 464 1500; x_wconf 83' lang='lat'>&amp;</span> <span class='ocrx_word' id='word_1_126' title='bbox 495 1458 732 1516; x_wconf 79' lang='lat' dir='ltr'>inposterum</span> <span class='ocrx_word' id='word_1_127' title='bbox 768 1455 817 1498; x_wconf 86' lang='lat' dir='ltr'>ad</span> <span class='ocrx_word' id='word_1_128' title='bbox 849 1460 925 1500; x_wconf 82' lang='lat' dir='ltr'>hoc</span> <span class='ocrx_word' id='word_1_129' title='bbox 948 1455 1202 1511; x_wconf 71' lang='lat' dir='ltr'>designandis</span> 
     </span>
     <span class='ocr_line' id='line_1_22' title="bbox 254 1512 1203 1569; baseline -0.002 -13"><span class='ocrx_word' id='word_1_130' title='bbox 254 1515 506 1560; x_wconf 85' lang='lat' dir='ltr'>Monasteriis</span> <span class='ocrx_word' id='word_1_131' title='bbox 517 1543 533 1567; x_wconf 88' lang='lat'>,</span> <span class='ocrx_word' id='word_1_132' title='bbox 557 1518 598 1558; x_wconf 78' lang='grc' dir='ltr'>δι</span> <span class='ocrx_word' id='word_1_133' title='bbox 609 1515 886 1557; x_wconf 84' lang='lat' dir='ltr'>Conventibus</span> <span class='ocrx_word' id='word_1_134' title='bbox 899 1544 914 1566; x_wconf 95' lang='lat'>,</span> <span class='ocrx_word' id='word_1_135' title='bbox 945 1516 1024 1556; x_wconf 76' lang='lat' dir='ltr'>haec</span> <span class='ocrx_word' id='word_1_136' title='bbox 1041 1528 1127 1569; x_wconf 82' lang='lat' dir='ltr'>quae</span> <span class='ocrx_word' id='word_1_137' title='bbox 1146 1512 1203 1555; x_wconf 86' lang='lat' dir='ltr'>se-</span> 
     </span>
     <span class='ocr_line' id='line_1_23' title="bbox 253 1571 1203 1630; baseline -0.003 -13"><span class='ocrx_word' id='word_1_138' title='bbox 253 1585 448 1630; x_wconf 87' lang='lat' dir='ltr'>quuntur,</span> <span class='ocrx_word' id='word_1_139' title='bbox 469 1573 667 1619; x_wconf 69' lang='lat' dir='ltr'>inviolate</span> <span class='ocrx_word' id='word_1_140' title='bbox 682 1571 950 1623; x_wconf 85' lang='lat' dir='ltr'>observari,&amp;</span> <span class='ocrx_word' id='word_1_141' title='bbox 960 1575 1102 1629; x_wconf 80' lang='lat' dir='ltr'>exequi</span> <span class='ocrx_word' id='word_1_142' title='bbox 1116 1585 1203 1628; x_wconf 82' lang='lat' dir='ltr'>per-</span> 
     </span>
     <span class='ocr_line' id='line_1_24' title="bbox 251 1636 561 1690; baseline 0.003 -16"><span class='ocrx_word' id='word_1_143' title='bbox 251 1636 374 1690; x_wconf 73' lang='lat' dir='ltr'>petuo</span> <span class='ocrx_word' id='word_1_144' title='bbox 399 1642 561 1677; x_wconf 87' lang='lat' dir='ltr'>curent.</span> 
     </span>
    </p>

    <p class='ocr_par' dir='ltr' id='par_1_3' title="bbox 253 1688 1206 1922">
     <span class='ocr_line' id='line_1_25' title="bbox 374 1688 1202 1746; baseline -0.01 -11"><span class='ocrx_word' id='word_1_145' title='bbox 374 1690 570 1740; x_wconf 79' lang='lat' dir='ltr'>Primum,</span> <span class='ocrx_word' id='word_1_146' title='bbox 584 1689 692 1746; x_wconf 71' lang='lat' dir='ltr'>quod</span> <span class='ocrx_word' id='word_1_147' title='bbox 706 1690 851 1732; x_wconf 83' lang='lat' dir='ltr'>attinet</span> <span class='ocrx_word' id='word_1_148' title='bbox 866 1688 916 1730; x_wconf 89' lang='lat' dir='ltr'>ad</span> <span class='ocrx_word' id='word_1_149' title='bbox 938 1690 1202 1732; x_wconf 84' lang='lat' dir='ltr'>Novitiorum</span> 
     </span>
     <span class='ocr_line' id='line_1_26' title="bbox 253 1746 1202 1805; baseline -0.007 -12"><span class='ocrx_word' id='word_1_150' title='bbox 253 1748 582 1805; x_wconf 85' lang='lat' dir='ltr'>recipiendorum</span> <span class='ocrx_word' id='word_1_151' title='bbox 613 1746 779 1791; x_wconf 85' lang='lat' dir='ltr'>formam</span> <span class='ocrx_word' id='word_1_152' title='bbox 796 1777 811 1801; x_wconf 86' lang='lat'>,</span> <span class='ocrx_word' id='word_1_153' title='bbox 841 1747 949 1791; x_wconf 86' lang='lat' dir='ltr'>ultra</span> <span class='ocrx_word' id='word_1_154' title='bbox 962 1748 1202 1804; x_wconf 80' lang='lat' dir='ltr'>diligentem</span> 
     </span>
     <span class='ocr_line' id='line_1_27' title="bbox 253 1805 1205 1865; baseline -0.006 -15"><span class='ocrx_word' id='word_1_155' title='bbox 253 1808 580 1865; x_wconf 81' lang='lat' dir='ltr'>perquifitionem</span> <span class='ocrx_word' id='word_1_156' title='bbox 593 1832 608 1856; x_wconf 87' lang='lat'>,</span> <span class='ocrx_word' id='word_1_157' title='bbox 619 1820 707 1862; x_wconf 76' lang='lat' dir='ltr'>quae</span> <span class='ocrx_word' id='word_1_158' title='bbox 718 1805 900 1850; x_wconf 80' lang='lat' dir='ltr'>h‘abenda</span> <span class='ocrx_word' id='word_1_159' title='bbox 914 1807 992 1849; x_wconf 90' lang='lat' dir='ltr'>erit</span> <span class='ocrx_word' id='word_1_160' title='bbox 1009 1806 1061 1850; x_wconf 88' lang='lat' dir='ltr'>de</span> <span class='ocrx_word' id='word_1_161' title='bbox 1073 1806 1205 1848; x_wconf 84' lang='lat' dir='ltr'>uniui·</span> 
     </span>
     <span class='ocr_line' id='line_1_28' title="bbox 256 1862 1206 1922; baseline -0.006 -13"><span class='ocrx_word' id='word_1_162' title='bbox 256 1865 444 1922; x_wconf 80' lang='lat' dir='ltr'>cujusque</span> <span class='ocrx_word' id='word_1_163' title='bbox 469 1865 670 1908; x_wconf 86' lang='lat' dir='ltr'>natalibus</span> <span class='ocrx_word' id='word_1_164' title='bbox 694 1890 710 1914; x_wconf 86' lang='lat'>,</span> <span class='ocrx_word' id='word_1_165' title='bbox 735 1862 920 1921; x_wconf 87' lang='lat' dir='ltr'>corporis</span> <span class='ocrx_word' id='word_1_166' title='bbox 946 1864 1206 1912; x_wconf 78' lang='lat' dir='ltr'>habitudine,</span> 
     </span>
    </p>
   </div>
   <div class='ocr_carea' id='block_1_3' title="bbox 177 1921 1202 1978">
    <p class='ocr_par' dir='ltr' id='par_1_4' title="bbox 177 1921 1202 1978">
     <span class='ocr_line' id='line_1_29' title="bbox 177 1921 1202 1978; baseline -0.007 -11"><span class='ocrx_word' id='word_1_167' title='bbox 177 1964 180 1967; x_wconf 89' lang='lat'>.</span> <span class='ocrx_word' id='word_1_168' title='bbox 256 1925 435 1968; x_wconf 87' lang='lat' dir='ltr'>moribus</span> <span class='ocrx_word' id='word_1_169' title='bbox 450 1924 515 1976; x_wconf 73' lang='grc' dir='ltr'>,δι</span> <span class='ocrx_word' id='word_1_170' title='bbox 527 1923 610 1966; x_wconf 84' lang='lat' dir='ltr'>vita</span> <span class='ocrx_word' id='word_1_171' title='bbox 629 1925 805 1966; x_wconf 69' lang='lat' dir='ltr'>anteana</span> <span class='ocrx_word' id='word_1_172' title='bbox 818 1951 834 1973; x_wconf 90' lang='lat'>,</span> <span class='ocrx_word' id='word_1_173' title='bbox 860 1937 906 1964; x_wconf 89' lang='lat' dir='ltr'>ac</span> <span class='ocrx_word' id='word_1_174' title='bbox 920 1921 1116 1978; x_wconf 66' lang='lat' dir='ltr'>praeeipue</span> <span class='ocrx_word' id='word_1_175' title='bbox 1131 1934 1202 1962; x_wconf 87' lang='lat' dir='ltr'>eo-</span> 
     </span>
    </p>
   </div>
   <div class='ocr_carea' id='block_1_4' title="bbox 249 1980 1209 3722">
    <p class='ocr_par' dir='ltr' id='par_1_5' title="bbox 249 1980 1207 2910">
     <span class='ocr_line' id='line_1_30' title="bbox 257 1980 1204 2041; baseline -0.007 -15"><span class='ocrx_word' id='word_1_176' title='bbox 257 1997 347 2026; x_wconf 86' lang='lat' dir='ltr'>rum</span> <span class='ocrx_word' id='word_1_177' title='bbox 361 2012 376 2035; x_wconf 86' lang='lat'>,</span> <span class='ocrx_word' id='word_1_178' title='bbox 405 1983 473 2041; x_wconf 92' lang='lat' dir='ltr'>qui</span> <span class='ocrx_word' id='word_1_179' title='bbox 501 1980 856 2025; x_wconf 81' lang='lat' dir='ltr'>sextumdecimum</span> <span class='ocrx_word' id='word_1_180' title='bbox 886 1981 1014 2024; x_wconf 71' lang='lat' dir='ltr'>aratis</span> <span class='ocrx_word' id='word_1_181' title='bbox 1046 1980 1119 2024; x_wconf 83' lang='lat' dir='ltr'>suae</span> <span class='ocrx_word' id='word_1_182' title='bbox 1133 1992 1204 2020; x_wconf 86' lang='lat' dir='ltr'>an·</span> 
     </span>
     <span class='ocr_line' id='line_1_31' title="bbox 258 2037 1205 2092; baseline -0.01 -6"><span class='ocrx_word' id='word_1_183' title='bbox 258 2056 354 2085; x_wconf 89' lang='lat' dir='ltr'>num</span> <span class='ocrx_word' id='word_1_184' title='bbox 367 2039 561 2085; x_wconf 85' lang='lat' dir='ltr'>excedent</span> <span class='ocrx_word' id='word_1_185' title='bbox 573 2068 587 2092; x_wconf 89' lang='lat'>‚</span> <span class='ocrx_word' id='word_1_186' title='bbox 601 2054 649 2082; x_wconf 82' lang='lat' dir='ltr'>an</span> <span class='ocrx_word' id='word_1_187' title='bbox 663 2037 864 2081; x_wconf 84' lang='lat' dir='ltr'>criminofi</span> <span class='ocrx_word' id='word_1_188' title='bbox 877 2064 892 2087; x_wconf 84' lang='lat'>,</span> <span class='ocrx_word' id='word_1_189' title='bbox 922 2052 970 2080; x_wconf 89' lang='lat' dir='ltr'>an</span> <span class='ocrx_word' id='word_1_190' title='bbox 984 2052 1059 2081; x_wconf 80' lang='lat' dir='ltr'>aere</span> <span class='ocrx_word' id='word_1_191' title='bbox 1072 2039 1205 2080; x_wconf 88' lang='lat' dir='ltr'>alieno</span> 
     </span>
     <span class='ocr_line' id='line_1_32' title="bbox 257 2096 1203 2156; baseline -0.006 -13"><span class='ocrx_word' id='word_1_192' title='bbox 257 2102 416 2156; x_wconf 80' lang='lat' dir='ltr'>gravati</span> <span class='ocrx_word' id='word_1_193' title='bbox 432 2125 446 2148; x_wconf 87' lang='lat'>,</span> <span class='ocrx_word' id='word_1_194' title='bbox 460 2098 522 2141; x_wconf 91' lang='lat' dir='ltr'>vel</span> <span class='ocrx_word' id='word_1_195' title='bbox 537 2096 751 2142; x_wconf 87' lang='lat' dir='ltr'>reddendae</span> <span class='ocrx_word' id='word_1_196' title='bbox 771 2096 940 2152; x_wconf 77' lang='lat' dir='ltr'>alicujus</span> <span class='ocrx_word' id='word_1_197' title='bbox 957 2096 1203 2138; x_wconf 81' lang='lat' dir='ltr'>administra·</span> 
     </span>
     <span class='ocr_line' id='line_1_33' title="bbox 259 2153 1205 2207; baseline -0.006 -7"><span class='ocrx_word' id='word_1_198' title='bbox 259 2159 386 2200; x_wconf 80' lang='lat' dir='ltr'>tionis</span> <span class='ocrx_word' id='word_1_199' title='bbox 410 2156 558 2199; x_wconf 83' lang='lat' dir='ltr'>rationi</span> <span class='ocrx_word' id='word_1_200' title='bbox 580 2155 744 2196; x_wconf 84' lang='lat' dir='ltr'>obnoxii</span> <span class='ocrx_word' id='word_1_201' title='bbox 773 2153 846 2195; x_wconf 89' lang='lat' dir='ltr'>fint</span> <span class='ocrx_word' id='word_1_202' title='bbox 865 2180 879 2201; x_wconf 94' lang='lat'>,</span> <span class='ocrx_word' id='word_1_203' title='bbox 903 2154 1011 2207; x_wconf 83' lang='lat' dir='ltr'>juxta</span> <span class='ocrx_word' id='word_1_204' title='bbox 1037 2153 1205 2195; x_wconf 80' lang='lat' dir='ltr'>formam</span> 
     </span>
     <span class='ocr_line' id='line_1_34' title="bbox 256 2210 1205 2258; baseline -0.007 -1"><span class='ocrx_word' id='word_1_205' title='bbox 256 2213 551 2258; x_wconf 76' lang='lat' dir='ltr'>constitutionis</span> <span class='ocrx_word' id='word_1_206' title='bbox 582 2210 651 2253; x_wconf 85' lang='lat' dir='ltr'>fel.</span> <span class='ocrx_word' id='word_1_207' title='bbox 663 2225 743 2254; x_wconf 86' lang='lat' dir='ltr'>rec.</span> <span class='ocrx_word' id='word_1_208' title='bbox 756 2210 858 2254; x_wconf 83' lang='lat' dir='ltr'>Sixti</span> <span class='ocrx_word' id='word_1_209' title='bbox 875 2212 927 2252; x_wconf 87' lang='lat' dir='ltr'>V.</span> <span class='ocrx_word' id='word_1_210' title='bbox 959 2212 999 2252; x_wconf 68' lang='grc' dir='ltr'>ἀ</span> <span class='ocrx_word' id='word_1_211' title='bbox 1020 2210 1205 2252; x_wconf 80' lang='lat' dir='ltr'>modera-</span> 
     </span>
     <span class='ocr_line' id='line_1_35' title="bbox 255 2266 1205 2324; baseline -0.005 -9"><span class='ocrx_word' id='word_1_212' title='bbox 255 2274 414 2316; x_wconf 82' lang='lat' dir='ltr'>tionum</span> <span class='ocrx_word' id='word_1_213' title='bbox 433 2269 723 2314; x_wconf 79' lang='lat' dir='ltr'>subsecutarum</span> <span class='ocrx_word' id='word_1_214' title='bbox 737 2298 752 2322; x_wconf 83' lang='lat'>,</span> <span class='ocrx_word' id='word_1_215' title='bbox 769 2266 869 2311; x_wconf 84' lang='lat' dir='ltr'>illud</span> <span class='ocrx_word' id='word_1_216' title='bbox 882 2269 1001 2310; x_wconf 86' lang='lat' dir='ltr'>etiam</span> <span class='ocrx_word' id='word_1_217' title='bbox 1015 2270 1205 2324; x_wconf 87' lang='lat' dir='ltr'>Superio-</span> 
     </span>
     <span class='ocr_line' id='line_1_36' title="bbox 254 2325 1204 2386; baseline -0.007 -11"><span class='ocrx_word' id='word_1_218' title='bbox 254 2345 321 2375; x_wconf 87' lang='lat' dir='ltr'>res</span> <span class='ocrx_word' id='word_1_219' title='bbox 337 2330 411 2382; x_wconf 86' lang='lat' dir='ltr'>,ad</span> <span class='ocrx_word' id='word_1_220' title='bbox 426 2342 528 2386; x_wconf 86' lang='lat' dir='ltr'>quos</span> <span class='ocrx_word' id='word_1_221' title='bbox 540 2327 727 2383; x_wconf 63' lang='lat' dir='ltr'>spectabit</span> <span class='ocrx_word' id='word_1_222' title='bbox 741 2356 756 2379; x_wconf 89' lang='lat'>,</span> <span class='ocrx_word' id='word_1_223' title='bbox 787 2325 923 2369; x_wconf 77' lang='lat' dir='ltr'>sedulo</span> <span class='ocrx_word' id='word_1_224' title='bbox 945 2328 1204 2384; x_wconf 90' lang='lat' dir='ltr'>perquirant,</span> 
     </span>
     <span class='ocr_line' id='line_1_37' title="bbox 257 2386 1203 2446; baseline -0.005 -14"><span class='ocrx_word' id='word_1_225' title='bbox 257 2390 467 2446; x_wconf 85' lang='lat' dir='ltr'>ut‚quibus</span> <span class='ocrx_word' id='word_1_226' title='bbox 479 2388 521 2430; x_wconf 79' lang='lat' dir='ltr'>in</span> <span class='ocrx_word' id='word_1_227' title='bbox 539 2386 790 2430; x_wconf 82' lang='lat' dir='ltr'>Monasteriis</span> <span class='ocrx_word' id='word_1_228' title='bbox 804 2386 842 2427; x_wconf 88' lang='lat'>&amp;</span> <span class='ocrx_word' id='word_1_229' title='bbox 857 2387 1203 2437; x_wconf 79' lang='lat' dir='ltr'>Conventibus‚ex</span> 
     </span>
     <span class='ocr_line' id='line_1_38' title="bbox 254 2443 1204 2505; baseline -0.008 -12"><span class='ocrx_word' id='word_1_230' title='bbox 254 2447 488 2505; x_wconf 73' lang='lat' dir='ltr'>Apostoliea</span> <span class='ocrx_word' id='word_1_231' title='bbox 507 2443 704 2488; x_wconf 75' lang='lat' dir='ltr'>facultate</span> <span class='ocrx_word' id='word_1_232' title='bbox 719 2444 954 2488; x_wconf 82' lang='lat' dir='ltr'>Novitiatus</span> <span class='ocrx_word' id='word_1_233' title='bbox 980 2443 1125 2487; x_wconf 77' lang='lat' dir='ltr'>fuerint</span> <span class='ocrx_word' id='word_1_234' title='bbox 1144 2445 1204 2486; x_wconf 90' lang='lat' dir='ltr'>in-</span> 
     </span>
     <span class='ocr_line' id='line_1_39' title="bbox 252 2502 1205 2558; baseline -0.006 -8"><span class='ocrx_word' id='word_1_235' title='bbox 252 2506 384 2551; x_wconf 83' lang='lat' dir='ltr'>stituti</span> <span class='ocrx_word' id='word_1_236' title='bbox 395 2534 410 2558; x_wconf 89' lang='lat'>,</span> <span class='ocrx_word' id='word_1_237' title='bbox 423 2507 465 2548; x_wconf 90' lang='lat' dir='ltr'>in</span> <span class='ocrx_word' id='word_1_238' title='bbox 481 2504 531 2548; x_wconf 84' lang='lat' dir='ltr'>iis</span> <span class='ocrx_word' id='word_1_239' title='bbox 545 2502 595 2545; x_wconf 89' lang='lat' dir='ltr'>ad</span> <span class='ocrx_word' id='word_1_240' title='bbox 611 2503 868 2558; x_wconf 79' lang='lat' dir='ltr'>Religionem</span> <span class='ocrx_word' id='word_1_241' title='bbox 885 2503 1018 2546; x_wconf 85' lang='lat' dir='ltr'>nullus</span> <span class='ocrx_word' id='word_1_242' title='bbox 1035 2502 1205 2558; x_wconf 81' lang='lat' dir='ltr'>inposte-</span> 
     </span>
     <span class='ocr_line' id='line_1_40' title="bbox 254 2556 1203 2619; baseline -0.008 -10"><span class='ocrx_word' id='word_1_243' title='bbox 254 2578 345 2610; x_wconf 82' lang='lat' dir='ltr'>rum</span> <span class='ocrx_word' id='word_1_244' title='bbox 360 2564 599 2607; x_wconf 74' lang='lat' dir='ltr'>admittatur</span> <span class='ocrx_word' id='word_1_245' title='bbox 613 2587 628 2611; x_wconf 88' lang='lat'>,</span> <span class='ocrx_word' id='word_1_246' title='bbox 641 2561 708 2619; x_wconf 91' lang='lat' dir='ltr'>qui</span> <span class='ocrx_word' id='word_1_247' title='bbox 733 2563 771 2604; x_wconf 84' lang='lat'>&amp;</span> <span class='ocrx_word' id='word_1_248' title='bbox 796 2575 845 2605; x_wconf 84' lang='lat' dir='ltr'>ex</span> <span class='ocrx_word' id='word_1_249' title='bbox 874 2556 1046 2604; x_wconf 75' lang='lat' dir='ltr'>honestis</span> <span class='ocrx_word' id='word_1_250' title='bbox 1062 2575 1203 2617; x_wconf 88' lang='lat' dir='ltr'>paren·</span> 
     </span>
     <span class='ocr_line' id='line_1_41' title="bbox 253 2619 1206 2673; baseline -0.004 -8"><span class='ocrx_word' id='word_1_251' title='bbox 253 2624 365 2667; x_wconf 87' lang='lat' dir='ltr'>tibus</span> <span class='ocrx_word' id='word_1_252' title='bbox 378 2631 494 2667; x_wconf 78' lang='lat' dir='ltr'>natus</span> <span class='ocrx_word' id='word_1_253' title='bbox 507 2634 590 2665; x_wconf 86' lang='lat' dir='ltr'>non</span> <span class='ocrx_word' id='word_1_254' title='bbox 606 2622 670 2673; x_wconf 77' lang='lat' dir='ltr'>fit,</span> <span class='ocrx_word' id='word_1_255' title='bbox 679 2622 720 2663; x_wconf 74' lang='grc' dir='ltr'>δι</span> <span class='ocrx_word' id='word_1_256' title='bbox 734 2619 984 2664; x_wconf 88' lang='lat' dir='ltr'>conditiones</span> <span class='ocrx_word' id='word_1_257' title='bbox 1000 2619 1114 2664; x_wconf 72' lang='lat' dir='ltr'>sacris</span> <span class='ocrx_word' id='word_1_258' title='bbox 1125 2624 1206 2664; x_wconf 89' lang='lat' dir='ltr'>Ca·</span> 
     </span>
     <span class='ocr_line' id='line_1_42' title="bbox 249 2677 1207 2734; baseline -0.005 -9"><span class='ocrx_word' id='word_1_259' title='bbox 249 2682 422 2726; x_wconf 77' lang='lat' dir='ltr'>mnibus</span> <span class='ocrx_word' id='word_1_260' title='bbox 437 2707 462 2731; x_wconf 31' lang='lat' dir='ltr'>,A</span> <span class='ocrx_word' id='word_1_261' title='bbox 483 2680 825 2734; x_wconf 76' lang='lat' dir='ltr'>Sunmorumque</span> <span class='ocrx_word' id='word_1_262' title='bbox 835 2677 1080 2722; x_wconf 75' lang='lat' dir='ltr'>Pontificum</span> <span class='ocrx_word' id='word_1_263' title='bbox 1106 2692 1207 2720; x_wconf 90' lang='lat' dir='ltr'>eon·</span> 
     </span>
     <span class='ocr_line' id='line_1_43' title="bbox 253 2734 1206 2793; baseline -0.003 -11"><span class='ocrx_word' id='word_1_264' title='bbox 253 2737 530 2782; x_wconf 63' lang='lat' dir='ltr'>{litationibus</span> <span class='ocrx_word' id='word_1_265' title='bbox 544 2734 788 2791; x_wconf 62' lang='lat' dir='ltr'>prescripta</span> <span class='ocrx_word' id='word_1_266' title='bbox 801 2749 880 2778; x_wconf 91' lang='lat' dir='ltr'>non</span> <span class='ocrx_word' id='word_1_267' title='bbox 896 2737 1040 2780; x_wconf 86' lang='lat' dir='ltr'>habeat</span> <span class='ocrx_word' id='word_1_268' title='bbox 1055 2766 1069 2787; x_wconf 85' lang='lat'>,</span> <span class='ocrx_word' id='word_1_269' title='bbox 1096 2737 1206 2793; x_wconf 77' lang='lat' dir='ltr'>juxta</span> 
     </span>
     <span class='ocr_line' id='line_1_44' title="bbox 256 2790 1207 2848; baseline -0.002 -9"><span class='ocrx_word' id='word_1_270' title='bbox 256 2799 479 2839; x_wconf 80' lang='lat' dir='ltr'>Decretum</span> <span class='ocrx_word' id='word_1_271' title='bbox 495 2795 609 2848; x_wconf 86' lang='lat' dir='ltr'>super</span> <span class='ocrx_word' id='word_1_272' title='bbox 625 2790 758 2835; x_wconf 82' lang='lat' dir='ltr'>forma</span> <span class='ocrx_word' id='word_1_273' title='bbox 773 2793 995 2848; x_wconf 88' lang='lat' dir='ltr'>recipiendi</span> <span class='ocrx_word' id='word_1_274' title='bbox 1015 2795 1207 2840; x_wconf 82' lang='lat' dir='ltr'>Novitios</span> 
     </span>
     <span class='ocr_line' id='line_1_45' title="bbox 256 2848 868 2910; baseline -0.007 -14"><span class='ocrx_word' id='word_1_275' title='bbox 256 2853 414 2910; x_wconf 72' lang='lat' dir='ltr'>die-19.</span> <span class='ocrx_word' id='word_1_276' title='bbox 431 2850 524 2909; x_wconf 81' lang='lat' dir='ltr'>Maji</span> <span class='ocrx_word' id='word_1_277' title='bbox 543 2850 669 2893; x_wconf 79' lang='lat'>1602.</span> <span class='ocrx_word' id='word_1_278' title='bbox 681 2848 834 2893; x_wconf 83' lang='lat' dir='ltr'>editum</span> <span class='ocrx_word' id='word_1_279' title='bbox 855 2879 868 2892; x_wconf 87' lang='lat'><strong>.</strong></span> 
     </span>
    </p>

    <p class='ocr_par' dir='ltr' id='par_1_6' title="bbox 252 2907 1209 3722">
     <span class='ocr_line' id='line_1_46' title="bbox 338 2907 1209 2972; baseline 0.005 -23"><span class='ocrx_word' id='word_1_280' title='bbox 338 2909 548 2972; x_wconf 57' lang='lat' dir='ltr'>.›Qisque</span> <span class='ocrx_word' id='word_1_281' title='bbox 569 2907 822 2965; x_wconf 86' lang='lat' dir='ltr'>recipiendus</span> <span class='ocrx_word' id='word_1_282' title='bbox 840 2908 880 2952; x_wconf 90' lang='lat' dir='ltr'>in</span> <span class='ocrx_word' id='word_1_283' title='bbox 897 2910 1032 2966; x_wconf 79' lang='lat' dir='ltr'>aliquo</span> <span class='ocrx_word' id='word_1_284' title='bbox 1056 2909 1209 2953; x_wconf 83' lang='lat' dir='ltr'>Ordine</span> 
     </span>
     <span class='ocr_line' id='line_1_47' title="bbox 261 2965 1207 3025; baseline -0.003 -12"><span class='ocrx_word' id='word_1_285' title='bbox 261 2969 490 3025; x_wconf 83' lang='lat' dir='ltr'>Regulari,</span> <span class='ocrx_word' id='word_1_286' title='bbox 517 2967 640 3010; x_wconf 85' lang='lat' dir='ltr'>etiam</span> <span class='ocrx_word' id='word_1_287' title='bbox 663 2965 976 3011; x_wconf 82' lang='lat' dir='ltr'>Mendicantium</span> <span class='ocrx_word' id='word_1_288' title='bbox 994 2997 1009 3020; x_wconf 93' lang='lat'>,</span> <span class='ocrx_word' id='word_1_289' title='bbox 1033 2969 1074 3011; x_wconf 89' lang='lat' dir='ltr'>in</span> <span class='ocrx_word' id='word_1_290' title='bbox 1098 2983 1144 3012; x_wconf 84' lang='lat' dir='ltr'>ea</span> <span class='ocrx_word' id='word_1_291' title='bbox 1161 2969 1207 3010; x_wconf 77' lang='lat' dir='ltr'>sit</span> 
     </span>
     <span class='ocr_line' id='line_1_48' title="bbox 262 3024 1205 3082; baseline -0.003 -10"><span class='ocrx_word' id='word_1_292' title='bbox 262 3037 380 3072; x_wconf 70' lang='lat' dir='ltr'>etate</span> <span class='ocrx_word' id='word_1_293' title='bbox 391 3026 629 3070; x_wconf 82' lang='lat' dir='ltr'>constitutus</span> <span class='ocrx_word' id='word_1_294' title='bbox 646 3051 660 3076; x_wconf 90' lang='lat'>,</span> <span class='ocrx_word' id='word_1_295' title='bbox 672 3038 788 3082; x_wconf 86' lang='lat' dir='ltr'>quam</span> <span class='ocrx_word' id='word_1_296' title='bbox 803 3024 890 3079; x_wconf 85' lang='lat' dir='ltr'>ejus</span> <span class='ocrx_word' id='word_1_297' title='bbox 907 3027 1074 3069; x_wconf 83' lang='lat' dir='ltr'>Ordinis</span> <span class='ocrx_word' id='word_1_298' title='bbox 1088 3055 1103 3078; x_wconf 87' lang='lat'>,</span> <span class='ocrx_word' id='word_1_299' title='bbox 1131 3027 1205 3069; x_wconf 85' lang='lat' dir='ltr'>in..‚</span> 
     </span>
     <span class='ocr_line' id='line_1_49' title="bbox 254 3082 1209 3144; baseline -0.002 -14"><span class='ocrx_word' id='word_1_300' title='bbox 254 3101 343 3144; x_wconf 84' lang='lat' dir='ltr'>quo</span> <span class='ocrx_word' id='word_1_301' title='bbox 354 3085 589 3142; x_wconf 77' lang='lat' dir='ltr'>recipietur,</span> <span class='ocrx_word' id='word_1_302' title='bbox 603 3082 822 3140; x_wconf 84' lang='lat' dir='ltr'>Regularia</span> <span class='ocrx_word' id='word_1_303' title='bbox 838 3083 1032 3136; x_wconf 81' lang='lat' dir='ltr'>instituta,</span> <span class='ocrx_word' id='word_1_304' title='bbox 1044 3086 1085 3126; x_wconf 89' lang='lat'>&amp;</span> <span class='ocrx_word' id='word_1_305' title='bbox 1097 3086 1209 3129; x_wconf 85' lang='lat' dir='ltr'>ordi·</span> 
     </span>
     <span class='ocr_line' id='line_1_50' title="bbox 257 3142 1207 3199; baseline -0.003 -10"><span class='ocrx_word' id='word_1_306' title='bbox 257 3146 442 3191; x_wconf 82' lang='lat' dir='ltr'>nationes</span> <span class='ocrx_word' id='word_1_307' title='bbox 470 3144 680 3199; x_wconf 86' lang='lat' dir='ltr'>requirunt</span> <span class='ocrx_word' id='word_1_308' title='bbox 703 3154 720 3195; x_wconf 63' lang='grc' dir='ltr'>ς</span> <span class='ocrx_word' id='word_1_309' title='bbox 742 3154 829 3185; x_wconf 89' lang='lat' dir='ltr'>eam</span> <span class='ocrx_word' id='word_1_310' title='bbox 857 3144 962 3186; x_wconf 74' lang='lat' dir='ltr'>vero.</span> <span class='ocrx_word' id='word_1_311' title='bbox 981 3142 1207 3187; x_wconf 86' lang='lat' dir='ltr'>litterarum</span> 
     </span>
     <span class='ocr_line' id='line_1_51' title="bbox 252 3199 1207 3258; baseline -0.002 -12"><span class='ocrx_word' id='word_1_312' title='bbox 252 3204 459 3248; x_wconf 74' lang='lat' dir='ltr'>seientiam</span> <span class='ocrx_word' id='word_1_313' title='bbox 473 3202 707 3253; x_wconf 80' lang='lat' dir='ltr'>calleat‚aut</span> <span class='ocrx_word' id='word_1_314' title='bbox 720 3200 828 3243; x_wconf 88' lang='lat' dir='ltr'>illius</span> <span class='ocrx_word' id='word_1_315' title='bbox 842 3199 1090 3244; x_wconf 69' lang='lat' dir='ltr'>addiscenda</span> <span class='ocrx_word' id='word_1_316' title='bbox 1104 3200 1207 3258; x_wconf 85' lang='lat' dir='ltr'>spem</span> 
     </span>
     <span class='ocr_line' id='line_1_52' title="bbox 260 3258 1205 3318; baseline -0.002 -14"><span class='ocrx_word' id='word_1_317' title='bbox 260 3260 464 3306; x_wconf 81' lang='lat' dir='ltr'>indubiam</span> <span class='ocrx_word' id='word_1_318' title='bbox 477 3259 760 3318; x_wconf 69' lang='lat' dir='ltr'>praeseferat,ut</span> <span class='ocrx_word' id='word_1_319' title='bbox 772 3258 942 3301; x_wconf 88' lang='lat' dir='ltr'>minores</span> <span class='ocrx_word' id='word_1_320' title='bbox 955 3261 995 3302; x_wconf 73' lang='grc' dir='ltr'>δι</span> <span class='ocrx_word' id='word_1_321' title='bbox 1015 3260 1088 3302; x_wconf 89' lang='lat' dir='ltr'>suis</span> <span class='ocrx_word' id='word_1_322' title='bbox 1104 3268 1205 3304; x_wconf 81' lang='lat' dir='ltr'>tem-</span> 
     </span>
     <span class='ocr_line' id='line_1_53' title="bbox 266 3316 1203 3377; baseline 0 -14"><span class='ocrx_word' id='word_1_323' title='bbox 266 3320 426 3374; x_wconf 78' lang='lat' dir='ltr'>poribus</span> <span class='ocrx_word' id='word_1_324' title='bbox 451 3319 620 3377; x_wconf 86' lang='lat' dir='ltr'>majores</span> <span class='ocrx_word' id='word_1_325' title='bbox 645 3318 848 3369; x_wconf 83' lang='lat' dir='ltr'>Ordines,</span> <span class='ocrx_word' id='word_1_326' title='bbox 872 3316 982 3372; x_wconf 80' lang='lat' dir='ltr'>juxta</span> <span class='ocrx_word' id='word_1_327' title='bbox 998 3321 1203 3364; x_wconf 56' lang='lat' dir='ltr'>Decretb</span> 
     </span>
     <span class='ocr_line' id='line_1_54' title="bbox 265 3375 1200 3433; baseline -0.002 -13"><span class='ocrx_word' id='word_1_328' title='bbox 265 3377 561 3423; x_wconf 69' lang='lat' dir='ltr'>sacriconcilii</span> <span class='ocrx_word' id='word_1_329' title='bbox 578 3376 809 3421; x_wconf 83' lang='lat' dir='ltr'>Tridentini</span> <span class='ocrx_word' id='word_1_330' title='bbox 835 3375 1025 3433; x_wconf 85' lang='lat' dir='ltr'>suscipere</span> <span class='ocrx_word' id='word_1_331' title='bbox 1052 3375 1200 3420; x_wconf 78' lang='lat' dir='ltr'>valeat.</span> 
     </span>
     <span class='ocr_line' id='line_1_55' title="bbox 262 3433 1200 3493; baseline -0.002 -16"><span class='ocrx_word' id='word_1_332' title='bbox 262 3433 350 3477; x_wconf 57' lang='lat' dir='ltr'>Sed&gt;</span> <span class='ocrx_word' id='word_1_333' title='bbox 360 3435 480 3492; x_wconf 63' lang='lat' dir='ltr'>soquis</span> <span class='ocrx_word' id='word_1_334' title='bbox 493 3451 640 3482; x_wconf 84' lang='lat' dir='ltr'>annum</span> <span class='ocrx_word' id='word_1_335' title='bbox 656 3436 1067 3493; x_wconf 67' lang='lat' dir='ltr'>vigesunumquintum</span> <span class='ocrx_word' id='word_1_336' title='bbox 1081 3450 1200 3478; x_wconf 82' lang='lat' dir='ltr'>exce.</span> 
     </span>
     <span class='ocr_line' id='line_1_56' title="bbox 262 3490 1199 3550; baseline -0.004 -11"><span class='ocrx_word' id='word_1_337' title='bbox 262 3490 447 3534; x_wconf 71' lang='lat' dir='ltr'>dens-ad,</span> <span class='ocrx_word' id='word_1_338' title='bbox 467 3496 659 3539; x_wconf 77' lang='lat' dir='ltr'>Habitum</span> <span class='ocrx_word' id='word_1_339' title='bbox 676 3493 921 3550; x_wconf 84' lang='lat' dir='ltr'>Regularem</span> <span class='ocrx_word' id='word_1_340' title='bbox 947 3493 1106 3537; x_wconf 86' lang='lat' dir='ltr'>admitti</span> <span class='ocrx_word' id='word_1_341' title='bbox 1128 3509 1199 3550; x_wconf 87' lang='lat' dir='ltr'>po-</span> 
     </span>
     <span class='ocr_line' id='line_1_57' title="bbox 263 3547 1202 3608; baseline 0.004 -16"><span class='ocrx_word' id='word_1_342' title='bbox 263 3547 541 3603; x_wconf 47' lang='lat' dir='ltr'>nularerin&amp;</span> <span class='ocrx_word' id='word_1_343' title='bbox 552 3554 642 3596; x_wconf 86' lang='lat' dir='ltr'>talis</span> <span class='ocrx_word' id='word_1_344' title='bbox 663 3553 899 3598; x_wconf 87' lang='lat' dir='ltr'>eruditionis</span> <span class='ocrx_word' id='word_1_345' title='bbox 912 3566 1051 3608; x_wconf 82' lang='lat' dir='ltr'>expers</span> <span class='ocrx_word' id='word_1_346' title='bbox 1063 3554 1202 3596; x_wconf 85' lang='lat' dir='ltr'>inven-</span> 
     </span>
     <span class='ocr_line' id='line_1_58' title="bbox 264 3603 1202 3674; baseline -0.002 -17"><span class='ocrx_word' id='word_1_347' title='bbox 264 3618 330 3674; x_wconf 76' lang='lat' dir='ltr'>tus</span> <span class='ocrx_word' id='word_1_348' title='bbox 347 3603 466 3649; x_wconf 83' lang='lat' dir='ltr'>fuerit</span> <span class='ocrx_word' id='word_1_349' title='bbox 476 3633 492 3656; x_wconf 70' lang='lat'>2</span> <span class='ocrx_word' id='word_1_350' title='bbox 503 3609 543 3653; x_wconf 82' lang='lat' dir='ltr'>in</span> <span class='ocrx_word' id='word_1_351' title='bbox 557 3611 852 3666; x_wconf 78' lang='lat' dir='ltr'>conversorum</span> <span class='ocrx_word' id='word_1_352' title='bbox 867 3613 1023 3654; x_wconf 78' lang='lat' dir='ltr'>tantum</span> <span class='ocrx_word' id='word_1_353' title='bbox 1037 3640 1051 3663; x_wconf 88' lang='lat'>,</span> <span class='ocrx_word' id='word_1_354' title='bbox 1062 3613 1202 3668; x_wconf 85' lang='lat' dir='ltr'>quibus</span> 
     </span>
     <span class='ocr_line' id='line_1_59' title="bbox 263 3666 1199 3722; baseline 0.005 -15"><span class='ocrx_word' id='word_1_355' title='bbox 263 3666 493 3709; x_wconf 79' lang='lat' dir='ltr'>litterarum</span> <span class='ocrx_word' id='word_1_356' title='bbox 513 3667 671 3712; x_wconf 83' lang='lat' dir='ltr'>seientia</span> <span class='ocrx_word' id='word_1_357' title='bbox 689 3683 770 3713; x_wconf 89' lang='lat' dir='ltr'>non</span> <span class='ocrx_word' id='word_1_358' title='bbox 783 3670 839 3713; x_wconf 87' lang='lat' dir='ltr'>est</span> <span class='ocrx_word' id='word_1_359' title='bbox 855 3669 1066 3714; x_wconf 66' lang='lat' dir='ltr'>necessaria</span> <span class='ocrx_word' id='word_1_360' title='bbox 1078 3701 1094 3722; x_wconf 87' lang='lat'>,</span> <span class='ocrx_word' id='word_1_361' title='bbox 1124 3685 1199 3713; x_wconf 90' lang='lat' dir='ltr'>nu-</span> 
     </span>
    </p>
   </div>
   <div class='ocr_carea' id='block_1_5' title="bbox 265 3719 1200 3824">
    <p class='ocr_par' dir='ltr' id='par_1_7' title="bbox 265 3719 1200 3824">
     <span class='ocr_line' id='line_1_60' title="bbox 265 3719 1200 3824; baseline 0.011 -61"><span class='ocrx_word' id='word_1_362' title='bbox 265 3735 422 3823; x_wconf 47' lang='lat' dir='ltr'>merunli-</span> <span class='ocrx_word' id='word_1_363' title='bbox 433 3719 661 3824; x_wconf 48' lang='lat' dir='ltr'>refie&#39;qaturz</span> <span class='ocrx_word' id='word_1_364' title='bbox 679 3728 746 3783; x_wconf 76' lang='lat' dir='ltr'>ipfi</span> <span class='ocrx_word' id='word_1_365' title='bbox 761 3737 893 3772; x_wconf 85' lang='lat' dir='ltr'>autem</span> <span class='ocrx_word' id='word_1_366' title='bbox 911 3730 1103 3775; x_wconf 81' lang='lat' dir='ltr'>Conversi</span> <span class='ocrx_word' id='word_1_367' title='bbox 1121 3744 1200 3773; x_wconf 90' lang='lat' dir='ltr'>non</span> 
     </span>
     <span class='ocr_line' id='line_1_61' title="bbox 418 3794 558 3824; baseline 0.029 -4"><span class='ocrx_word' id='word_1_368' title='bbox 418 3794 488 3824; x_wconf 86' lang='lat' dir='ltr'>om.</span> <span class='ocrx_word' id='word_1_369' title='bbox 547 3811 558 3823; x_wconf 86' lang='lat'><strong>.</strong></span> 
     </span>
    </p>
   </div>
   <div class='ocr_carea' id='block_1_6' title="bbox 1989 180 2138 257">
    <p class='ocr_par' dir='ltr' id='par_1_8' title="bbox 1989 180 2138 257">
     <span class='ocr_line' id='line_1_62' title="bbox 1989 180 2138 257; baseline 0.007 -1"><span class='ocrx_word' id='word_1_370' title='bbox 1989 180 2138 257; x_wconf 84' lang='lat'>331</span> 
     </span>
    </p>
   </div>
   <div class='ocr_carea' id='block_1_7' title="bbox 1260 295 2210 463">
    <p class='ocr_par' dir='ltr' id='par_1_9' title="bbox 1260 295 2210 463">
     <span class='ocr_line' id='line_1_63' title="bbox 1260 295 2209 352; baseline -0.003 -10"><span class='ocrx_word' id='word_1_371' title='bbox 1260 300 1503 352; x_wconf 75' lang='lat' dir='ltr'>recipiantur</span> <span class='ocrx_word' id='word_1_372' title='bbox 1531 307 1624 339; x_wconf 87' lang='lat' dir='ltr'>ante</span> <span class='ocrx_word' id='word_1_373' title='bbox 1655 295 1883 350; x_wconf 78' lang='lat' dir='ltr'>vigeiimum</span> <span class='ocrx_word' id='word_1_374' title='bbox 1906 301 2029 340; x_wconf 85' lang='lat' dir='ltr'>aetatis</span> <span class='ocrx_word' id='word_1_375' title='bbox 2057 302 2126 343; x_wconf 83' lang='lat' dir='ltr'>suae</span> <span class='ocrx_word' id='word_1_376' title='bbox 2142 319 2209 345; x_wconf 85' lang='lat' dir='ltr'>an-</span> 
     </span>
     <span class='ocr_line' id='line_1_64' title="bbox 1260 352 2210 406; baseline 0 -11"><span class='ocrx_word' id='word_1_377' title='bbox 1260 357 1410 397; x_wconf 70' lang='lat' dir='ltr'>numz&amp;</span> <span class='ocrx_word' id='word_1_378' title='bbox 1422 354 1490 394; x_wconf 76' lang='lat' dir='ltr'>nisi</span> <span class='ocrx_word' id='word_1_379' title='bbox 1506 354 1646 394; x_wconf 84' lang='lat' dir='ltr'>saltem</span> <span class='ocrx_word' id='word_1_380' title='bbox 1660 352 1859 406; x_wconf 76' lang='lat' dir='ltr'>praecipua</span> <span class='ocrx_word' id='word_1_381' title='bbox 1874 355 2074 397; x_wconf 70' lang='lat' dir='ltr'>Doctrina:</span> <span class='ocrx_word' id='word_1_382' title='bbox 2086 361 2210 401; x_wconf 87' lang='lat' dir='ltr'>Chri-</span> 
     </span>
     <span class='ocr_line' id='line_1_65' title="bbox 1266 409 1769 463; baseline -0.008 -11"><span class='ocrx_word' id='word_1_383' title='bbox 1266 412 1395 453; x_wconf 83' lang='lat' dir='ltr'>stianae</span> <span class='ocrx_word' id='word_1_384' title='bbox 1413 409 1544 463; x_wconf 86' lang='lat' dir='ltr'>capita</span> <span class='ocrx_word' id='word_1_385' title='bbox 1559 409 1744 450; x_wconf 81' lang='lat' dir='ltr'>noverint</span> <span class='ocrx_word' id='word_1_386' title='bbox 1756 437 1769 448; x_wconf 90' lang='lat'><strong>.</strong></span> 
     </span>
    </p>
   </div>
   <div class='ocr_carea' id='block_1_8' title="bbox 1258 464 2221 3786">
    <p class='ocr_par' dir='ltr' id='par_1_10' title="bbox 1261 464 2217 989">
     <span class='ocr_line' id='line_1_66' title="bbox 1381 464 2213 524; baseline 0.005 -17"><span class='ocrx_word' id='word_1_387' title='bbox 1381 469 1554 510; x_wconf 88' lang='lat' dir='ltr'>Demum</span> <span class='ocrx_word' id='word_1_388' title='bbox 1578 465 1811 520; x_wconf 86' lang='lat' dir='ltr'>Superiores</span> <span class='ocrx_word' id='word_1_389' title='bbox 1842 464 2059 522; x_wconf 85' lang='lat' dir='ltr'>diligenter</span> <span class='ocrx_word' id='word_1_390' title='bbox 2072 472 2213 524; x_wconf 85' lang='lat' dir='ltr'>exqui-</span> 
     </span>
     <span class='ocr_line' id='line_1_67' title="bbox 1266 519 2212 579; baseline 0.002 -12"><span class='ocrx_word' id='word_1_391' title='bbox 1266 533 1356 567; x_wconf 85' lang='lat' dir='ltr'>rant</span> <span class='ocrx_word' id='word_1_392' title='bbox 1375 552 1389 574; x_wconf 93' lang='lat'>,</span> <span class='ocrx_word' id='word_1_393' title='bbox 1404 536 1485 578; x_wconf 88' lang='lat' dir='ltr'>quo</span> <span class='ocrx_word' id='word_1_394' title='bbox 1498 519 1639 576; x_wconf 88' lang='lat' dir='ltr'>spiritu</span> <span class='ocrx_word' id='word_1_395' title='bbox 1654 548 1668 571; x_wconf 89' lang='lat'>,</span> <span class='ocrx_word' id='word_1_396' title='bbox 1683 537 1761 579; x_wconf 91' lang='lat' dir='ltr'>qua</span> <span class='ocrx_word' id='word_1_397' title='bbox 1777 534 1911 566; x_wconf 90' lang='lat' dir='ltr'>mente</span> <span class='ocrx_word' id='word_1_398' title='bbox 1926 554 1940 576; x_wconf 83' lang='lat'>‚</span> <span class='ocrx_word' id='word_1_399' title='bbox 1968 539 2014 568; x_wconf 87' lang='lat' dir='ltr'>ac</span> <span class='ocrx_word' id='word_1_400' title='bbox 2031 526 2212 569; x_wconf 87' lang='lat' dir='ltr'>volunta-</span> 
     </span>
     <span class='ocr_line' id='line_1_68' title="bbox 1265 580 2214 638; baseline 0.001 -14"><span class='ocrx_word' id='word_1_401' title='bbox 1265 593 1304 624; x_wconf 80' lang='lat' dir='ltr'>te</span> <span class='ocrx_word' id='word_1_402' title='bbox 1323 581 1362 623; x_wconf 91' lang='lat' dir='ltr'>id</span> <span class='ocrx_word' id='word_1_403' title='bbox 1378 580 1576 635; x_wconf 86' lang='lat' dir='ltr'>regularis</span> <span class='ocrx_word' id='word_1_404' title='bbox 1591 582 1680 623; x_wconf 86' lang='lat' dir='ltr'>vitae</span> <span class='ocrx_word' id='word_1_405' title='bbox 1693 595 1815 636; x_wconf 90' lang='lat' dir='ltr'>genus</span> <span class='ocrx_word' id='word_1_406' title='bbox 1838 582 2035 638; x_wconf 89' lang='lat' dir='ltr'>elegerint</span> <span class='ocrx_word' id='word_1_407' title='bbox 2050 613 2065 634; x_wconf 91' lang='lat'>,</span> <span class='ocrx_word' id='word_1_408' title='bbox 2094 597 2214 636; x_wconf 88' lang='lat' dir='ltr'>quem</span> 
     </span>
     <span class='ocr_line' id='line_1_69' title="bbox 1266 637 2211 696; baseline 0 -14"><span class='ocrx_word' id='word_1_409' title='bbox 1266 642 1333 682; x_wconf 82' lang='lat' dir='ltr'>fibi</span> <span class='ocrx_word' id='word_1_410' title='bbox 1349 637 1466 682; x_wconf 84' lang='lat' dir='ltr'>finem</span> <span class='ocrx_word' id='word_1_411' title='bbox 1480 639 1787 696; x_wconf 81' lang='lat' dir='ltr'>proposuerint3</span> <span class='ocrx_word' id='word_1_412' title='bbox 1814 655 1905 683; x_wconf 89' lang='lat' dir='ltr'>num</span> <span class='ocrx_word' id='word_1_413' title='bbox 1925 640 2019 684; x_wconf 88' lang='lat' dir='ltr'>zelo</span> <span class='ocrx_word' id='word_1_414' title='bbox 2034 642 2211 683; x_wconf 89' lang='lat' dir='ltr'>melioris</span> 
     </span>
     <span class='ocr_line' id='line_1_70' title="bbox 1262 697 2217 754; baseline 0.001 -13"><span class='ocrx_word' id='word_1_415' title='bbox 1262 698 1388 754; x_wconf 88' lang='lat' dir='ltr'>frugis</span> <span class='ocrx_word' id='word_1_416' title='bbox 1402 728 1417 749; x_wconf 90' lang='lat'>,</span> <span class='ocrx_word' id='word_1_417' title='bbox 1431 711 1475 739; x_wconf 91' lang='lat' dir='ltr'>ac</span> <span class='ocrx_word' id='word_1_418' title='bbox 1494 697 1742 754; x_wconf 68' lang='lat' dir='ltr'>perfectioris</span> <span class='ocrx_word' id='word_1_419' title='bbox 1757 701 1848 741; x_wconf 84' lang='lat' dir='ltr'>vitae</span> <span class='ocrx_word' id='word_1_420' title='bbox 1858 730 1875 752; x_wconf 90' lang='lat'>,</span> <span class='ocrx_word' id='word_1_421' title='bbox 1895 702 1934 742; x_wconf 74' lang='grc' dir='ltr'>δι</span> <span class='ocrx_word' id='word_1_422' title='bbox 1949 711 1991 742; x_wconf 89' lang='lat' dir='ltr'>ut</span> <span class='ocrx_word' id='word_1_423' title='bbox 2012 703 2101 742; x_wconf 91' lang='lat' dir='ltr'>Deo</span> <span class='ocrx_word' id='word_1_424' title='bbox 2114 700 2217 742; x_wconf 89' lang='lat' dir='ltr'>libe·</span> 
     </span>
     <span class='ocr_line' id='line_1_71' title="bbox 1264 755 2214 814; baseline -0.001 -13"><span class='ocrx_word' id='word_1_425' title='bbox 1264 759 1343 801; x_wconf 87' lang='lat' dir='ltr'>rius</span> <span class='ocrx_word' id='word_1_426' title='bbox 1362 755 1544 800; x_wconf 82' lang='lat' dir='ltr'>famulari</span> <span class='ocrx_word' id='word_1_427' title='bbox 1560 757 1699 812; x_wconf 85' lang='lat' dir='ltr'>poffint</span> <span class='ocrx_word' id='word_1_428' title='bbox 1711 786 1725 808; x_wconf 88' lang='lat'>‚</span> <span class='ocrx_word' id='word_1_429' title='bbox 1738 773 1786 800; x_wconf 90' lang='lat' dir='ltr'>an</span> <span class='ocrx_word' id='word_1_430' title='bbox 1800 760 1930 814; x_wconf 86' lang='lat' dir='ltr'>potius</span> <span class='ocrx_word' id='word_1_431' title='bbox 1944 759 2110 801; x_wconf 86' lang='lat' dir='ltr'>levitate</span> <span class='ocrx_word' id='word_1_432' title='bbox 2122 786 2137 809; x_wconf 90' lang='lat'>,</span> <span class='ocrx_word' id='word_1_433' title='bbox 2151 758 2214 800; x_wconf 86' lang='lat' dir='ltr'>vel</span> 
     </span>
     <span class='ocr_line' id='line_1_72' title="bbox 1263 815 2215 873; baseline -0.003 -14"><span class='ocrx_word' id='word_1_434' title='bbox 1263 819 1440 859; x_wconf 85' lang='lat' dir='ltr'>humano</span> <span class='ocrx_word' id='word_1_435' title='bbox 1457 816 1595 873; x_wconf 89' lang='lat' dir='ltr'>aliquo</span> <span class='ocrx_word' id='word_1_436' title='bbox 1607 815 1745 858; x_wconf 63' lang='lat' dir='ltr'>affectu</span> <span class='ocrx_word' id='word_1_437' title='bbox 1761 843 1775 866; x_wconf 92' lang='lat'>,</span> <span class='ocrx_word' id='word_1_438' title='bbox 1803 819 1878 860; x_wconf 78' lang='lat' dir='ltr'>auf</span> <span class='ocrx_word' id='word_1_439' title='bbox 1884 817 2113 860; x_wconf 87' lang='lat' dir='ltr'>inordinato</span> <span class='ocrx_word' id='word_1_440' title='bbox 2126 817 2215 859; x_wconf 90' lang='lat' dir='ltr'>ani·</span> 
     </span>
     <span class='ocr_line' id='line_1_73' title="bbox 1261 875 2216 932; baseline 0 -16"><span class='ocrx_word' id='word_1_441' title='bbox 1261 888 1330 917; x_wconf 89' lang='lat' dir='ltr'>mo</span> <span class='ocrx_word' id='word_1_442' title='bbox 1342 875 1542 918; x_wconf 85' lang='lat' dir='ltr'>ducantur</span> <span class='ocrx_word' id='word_1_443' title='bbox 1557 876 1621 922; x_wconf 76' lang='grc' dir='ltr'>,δι</span> <span class='ocrx_word' id='word_1_444' title='bbox 1637 888 1686 916; x_wconf 90' lang='lat' dir='ltr'>an</span> <span class='ocrx_word' id='word_1_445' title='bbox 1711 889 1852 918; x_wconf 90' lang='lat' dir='ltr'>eorum</span> <span class='ocrx_word' id='word_1_446' title='bbox 1866 887 2046 932; x_wconf 88' lang='lat' dir='ltr'>parentes</span> <span class='ocrx_word' id='word_1_447' title='bbox 2056 888 2135 931; x_wconf 89' lang='lat' dir='ltr'>ope</span> <span class='ocrx_word' id='word_1_448' title='bbox 2148 902 2162 925; x_wconf 88' lang='lat'>,</span> <span class='ocrx_word' id='word_1_449' title='bbox 2175 876 2216 916; x_wconf 75' lang='grc' dir='ltr'>δι</span> 
     </span>
     <span class='ocr_line' id='line_1_74' title="bbox 1263 932 2154 989; baseline -0.001 -13"><span class='ocrx_word' id='word_1_450' title='bbox 1263 934 1431 978; x_wconf 83' lang='lat' dir='ltr'>subfidio</span> <span class='ocrx_word' id='word_1_451' title='bbox 1446 934 1616 988; x_wconf 88' lang='lat' dir='ltr'>ipsorum</span> <span class='ocrx_word' id='word_1_452' title='bbox 1631 932 1852 989; x_wconf 84' lang='lat' dir='ltr'>indigentes</span> <span class='ocrx_word' id='word_1_453' title='bbox 1865 935 2130 978; x_wconf 80' lang='lat' dir='ltr'>destituantur</span> <span class='ocrx_word' id='word_1_454' title='bbox 2141 963 2154 975; x_wconf 89' lang='lat'><strong>.</strong></span> 
     </span>
    </p>

    <p class='ocr_par' dir='ltr' id='par_1_11' title="bbox 1262 993 2219 1794">
     <span class='ocr_line' id='line_1_75' title="bbox 1378 993 2212 1048; baseline -0.001 -12"><span class='ocrx_word' id='word_1_455' title='bbox 1378 993 1623 1036; x_wconf 68' lang='lat' dir='ltr'>provideant</span> <span class='ocrx_word' id='word_1_456' title='bbox 1640 1006 1801 1048; x_wconf 90' lang='lat' dir='ltr'>quoque</span> <span class='ocrx_word' id='word_1_457' title='bbox 1816 1021 1828 1043; x_wconf 90' lang='lat'>,</span> <span class='ocrx_word' id='word_1_458' title='bbox 1844 1002 1887 1034; x_wconf 89' lang='lat' dir='ltr'>ut</span> <span class='ocrx_word' id='word_1_459' title='bbox 1899 1007 2036 1035; x_wconf 87' lang='lat' dir='ltr'>omnes</span> <span class='ocrx_word' id='word_1_460' title='bbox 2047 1021 2061 1044; x_wconf 88' lang='lat'>‚</span> <span class='ocrx_word' id='word_1_461' title='bbox 2090 994 2212 1035; x_wconf 86' lang='lat' dir='ltr'>etiam</span> 
     </span>
     <span class='ocr_line' id='line_1_76' title="bbox 1263 1047 2216 1107; baseline -0.004 -11"><span class='ocrx_word' id='word_1_462' title='bbox 1263 1053 1454 1096; x_wconf 73' lang='lat' dir='ltr'>Converti</span> <span class='ocrx_word' id='word_1_463' title='bbox 1470 1078 1485 1100; x_wconf 91' lang='lat'>,</span> <span class='ocrx_word' id='word_1_464' title='bbox 1502 1047 1721 1104; x_wconf 89' lang='lat' dir='ltr'>recipiendi</span> <span class='ocrx_word' id='word_1_465' title='bbox 1736 1079 1751 1102; x_wconf 86' lang='lat'>,</span> <span class='ocrx_word' id='word_1_466' title='bbox 1764 1052 1987 1107; x_wconf 85' lang='lat' dir='ltr'>priusquam</span> <span class='ocrx_word' id='word_1_467' title='bbox 2009 1054 2059 1095; x_wconf 81' lang='lat' dir='ltr'>ad</span> <span class='ocrx_word' id='word_1_468' title='bbox 2088 1050 2216 1094; x_wconf 83' lang='lat' dir='ltr'>Habi-</span> 
     </span>
     <span class='ocr_line' id='line_1_77' title="bbox 1267 1108 2212 1167; baseline -0.002 -14"><span class='ocrx_word' id='word_1_469' title='bbox 1267 1122 1351 1153; x_wconf 88' lang='lat' dir='ltr'>tum</span> <span class='ocrx_word' id='word_1_470' title='bbox 1369 1110 1596 1167; x_wconf 86' lang='lat' dir='ltr'>regularem</span> <span class='ocrx_word' id='word_1_471' title='bbox 1615 1108 1907 1160; x_wconf 87' lang='lat' dir='ltr'>admittantur,</span> <span class='ocrx_word' id='word_1_472' title='bbox 1928 1112 2054 1160; x_wconf 86' lang='lat' dir='ltr'>abiis,</span> <span class='ocrx_word' id='word_1_473' title='bbox 2067 1111 2212 1165; x_wconf 86' lang='lat' dir='ltr'>quibus</span> 
     </span>
     <span class='ocr_line' id='line_1_78' title="bbox 1267 1168 2216 1226; baseline 0 -15"><span class='ocrx_word' id='word_1_474' title='bbox 1267 1182 1407 1211; x_wconf 91' lang='lat' dir='ltr'>munus</span> <span class='ocrx_word' id='word_1_475' title='bbox 1420 1172 1497 1211; x_wconf 87' lang='lat' dir='ltr'>hoc</span> <span class='ocrx_word' id='word_1_476' title='bbox 1516 1169 1713 1212; x_wconf 87' lang='lat' dir='ltr'>incumbit</span> <span class='ocrx_word' id='word_1_477' title='bbox 1726 1195 1740 1219; x_wconf 89' lang='lat'>,</span> <span class='ocrx_word' id='word_1_478' title='bbox 1754 1168 1806 1211; x_wconf 91' lang='lat' dir='ltr'>de</span> <span class='ocrx_word' id='word_1_479' title='bbox 1817 1168 1954 1224; x_wconf 86' lang='lat' dir='ltr'>regula</span> <span class='ocrx_word' id='word_1_480' title='bbox 1966 1198 1980 1220; x_wconf 87' lang='lat'>,</span> <span class='ocrx_word' id='word_1_481' title='bbox 1990 1183 2107 1226; x_wconf 86' lang='lat' dir='ltr'>quam</span> <span class='ocrx_word' id='word_1_482' title='bbox 2121 1183 2216 1225; x_wconf 86' lang='lat' dir='ltr'>pro·</span> 
     </span>
     <span class='ocr_line' id='line_1_79' title="bbox 1267 1226 2218 1279; baseline -0.001 -10"><span class='ocrx_word' id='word_1_483' title='bbox 1267 1226 1396 1269; x_wconf 68' lang='lat' dir='ltr'>sessuri</span> <span class='ocrx_word' id='word_1_484' title='bbox 1415 1226 1503 1270; x_wconf 91' lang='lat' dir='ltr'>sunt</span> <span class='ocrx_word' id='word_1_485' title='bbox 1517 1257 1533 1279; x_wconf 94' lang='lat'>,</span> <span class='ocrx_word' id='word_1_486' title='bbox 1547 1228 1675 1270; x_wconf 83' lang='lat' dir='ltr'>tribus</span> <span class='ocrx_word' id='word_1_487' title='bbox 1695 1230 1800 1269; x_wconf 87' lang='lat' dir='ltr'>votis</span> <span class='ocrx_word' id='word_1_488' title='bbox 1820 1227 2087 1271; x_wconf 85' lang='lat' dir='ltr'>effentialibus</span> <span class='ocrx_word' id='word_1_489' title='bbox 2103 1255 2117 1278; x_wconf 86' lang='lat'>,</span> <span class='ocrx_word' id='word_1_490' title='bbox 2141 1226 2218 1268; x_wconf 78' lang='lat' dir='ltr'>sta-</span> 
     </span>
     <span class='ocr_line' id='line_1_80' title="bbox 1268 1285 2219 1340; baseline -0.002 -13"><span class='ocrx_word' id='word_1_491' title='bbox 1268 1296 1391 1338; x_wconf 87' lang='lat' dir='ltr'>tuque</span> <span class='ocrx_word' id='word_1_492' title='bbox 1407 1286 1599 1339; x_wconf 84' lang='lat' dir='ltr'>regulari,</span> <span class='ocrx_word' id='word_1_493' title='bbox 1611 1286 1651 1326; x_wconf 87' lang='lat'>&amp;</span> <span class='ocrx_word' id='word_1_494' title='bbox 1663 1285 1750 1327; x_wconf 89' lang='lat' dir='ltr'>aliis</span> <span class='ocrx_word' id='word_1_495' title='bbox 1764 1285 1951 1340; x_wconf 86' lang='lat' dir='ltr'>cujusque</span> <span class='ocrx_word' id='word_1_496' title='bbox 1965 1287 2131 1328; x_wconf 89' lang='lat' dir='ltr'>Ordinis</span> <span class='ocrx_word' id='word_1_497' title='bbox 2149 1299 2219 1339; x_wconf 88' lang='lat' dir='ltr'>pe-</span> 
     </span>
     <span class='ocr_line' id='line_1_81' title="bbox 1268 1342 2219 1392; baseline -0.002 -8"><span class='ocrx_word' id='word_1_498' title='bbox 1268 1343 1705 1392; x_wconf 85' lang='lat' dir='ltr'>culiaribusinssitutis,</span> <span class='ocrx_word' id='word_1_499' title='bbox 1724 1343 1763 1383; x_wconf 83' lang='lat'>&amp;</span> <span class='ocrx_word' id='word_1_500' title='bbox 1777 1342 2128 1384; x_wconf 81' lang='lat' dir='ltr'>constitutionibus</span> <span class='ocrx_word' id='word_1_501' title='bbox 2154 1342 2219 1382; x_wconf 90' lang='lat' dir='ltr'>di-</span> 
     </span>
     <span class='ocr_line' id='line_1_82' title="bbox 1268 1399 2218 1456; baseline -0.006 -12"><span class='ocrx_word' id='word_1_502' title='bbox 1268 1401 1446 1456; x_wconf 85' lang='lat' dir='ltr'>ligenter</span> <span class='ocrx_word' id='word_1_503' title='bbox 1471 1399 1737 1442; x_wconf 77' lang='lat' dir='ltr'>instruantur.</span> <span class='ocrx_word' id='word_1_504' title='bbox 1768 1402 1821 1442; x_wconf 83' lang='lat' dir='ltr'>Et</span> <span class='ocrx_word' id='word_1_505' title='bbox 1848 1399 1941 1454; x_wconf 88' lang='lat' dir='ltr'>quia</span> <span class='ocrx_word' id='word_1_506' title='bbox 1968 1399 2218 1456; x_wconf 83' lang='lat' dir='ltr'>quorundam</span> 
     </span>
     <span class='ocr_line' id='line_1_83' title="bbox 1263 1457 2217 1512; baseline -0.006 -9"><span class='ocrx_word' id='word_1_507' title='bbox 1263 1458 1522 1512; x_wconf 80' lang='lat' dir='ltr'>Religionum</span> <span class='ocrx_word' id='word_1_508' title='bbox 1550 1458 1676 1500; x_wconf 88' lang='lat' dir='ltr'>moris</span> <span class='ocrx_word' id='word_1_509' title='bbox 1701 1457 1756 1500; x_wconf 76' lang='lat' dir='ltr'>est</span> <span class='ocrx_word' id='word_1_510' title='bbox 1768 1485 1782 1507; x_wconf 90' lang='lat'>,</span> <span class='ocrx_word' id='word_1_511' title='bbox 1813 1458 1959 1500; x_wconf 86' lang='lat' dir='ltr'>nedum</span> <span class='ocrx_word' id='word_1_512' title='bbox 1986 1457 2217 1501; x_wconf 79' lang='lat' dir='ltr'>conversos</span> 
     </span>
     <span class='ocr_line' id='line_1_84' title="bbox 1263 1516 2216 1573; baseline -0.003 -14"><span class='ocrx_word' id='word_1_513' title='bbox 1263 1517 1312 1559; x_wconf 90' lang='lat' dir='ltr'>ad</span> <span class='ocrx_word' id='word_1_514' title='bbox 1345 1516 1621 1573; x_wconf 82' lang='lat' dir='ltr'>profeffionem</span> <span class='ocrx_word' id='word_1_515' title='bbox 1647 1516 1921 1560; x_wconf 86' lang='lat' dir='ltr'>admittendos</span> <span class='ocrx_word' id='word_1_516' title='bbox 1948 1543 1963 1565; x_wconf 91' lang='lat'>,</span> <span class='ocrx_word' id='word_1_517' title='bbox 1993 1520 2132 1560; x_wconf 81' lang='lat' dir='ltr'>verum</span> <span class='ocrx_word' id='word_1_518' title='bbox 2176 1518 2216 1557; x_wconf 76' lang='grc' dir='ltr'>δι</span> 
     </span>
     <span class='ocr_line' id='line_1_85' title="bbox 1262 1575 2218 1630; baseline 0 -14"><span class='ocrx_word' id='word_1_519' title='bbox 1262 1575 1420 1618; x_wconf 86' lang='lat' dir='ltr'>oblatos</span> <span class='ocrx_word' id='word_1_520' title='bbox 1433 1601 1448 1623; x_wconf 93' lang='lat'>,</span> <span class='ocrx_word' id='word_1_521' title='bbox 1462 1584 1506 1616; x_wconf 86' lang='lat' dir='ltr'>ut</span> <span class='ocrx_word' id='word_1_522' title='bbox 1522 1584 1703 1626; x_wconf 83' lang='lat' dir='ltr'>vocant,</span> <span class='ocrx_word' id='word_1_523' title='bbox 1714 1575 1906 1630; x_wconf 83' lang='lat' dir='ltr'>recipere,</span> <span class='ocrx_word' id='word_1_524' title='bbox 1917 1576 2029 1618; x_wconf 89' lang='lat' dir='ltr'>circa</span> <span class='ocrx_word' id='word_1_525' title='bbox 2042 1577 2218 1630; x_wconf 82' lang='lat' dir='ltr'>ipsorum</span> 
     </span>
     <span class='ocr_line' id='line_1_86' title="bbox 1263 1633 2216 1689; baseline -0.003 -12"><span class='ocrx_word' id='word_1_526' title='bbox 1263 1634 1488 1677; x_wconf 86' lang='lat' dir='ltr'>oblatorum</span> <span class='ocrx_word' id='word_1_527' title='bbox 1503 1633 1773 1687; x_wconf 89' lang='lat' dir='ltr'>receptionem</span> <span class='ocrx_word' id='word_1_528' title='bbox 1789 1646 1952 1689; x_wconf 86' lang='lat' dir='ltr'>unaquae</span> <span class='ocrx_word' id='word_1_529' title='bbox 1983 1649 2032 1677; x_wconf 92' lang='lat' dir='ltr'>ue</span> <span class='ocrx_word' id='word_1_530' title='bbox 2049 1634 2216 1688; x_wconf 86' lang='lat' dir='ltr'>Religio</span> 
     </span>
     <span class='ocr_line' id='line_1_87' title="bbox 1264 1691 2219 1748; baseline -0.002 -14"><span class='ocrx_word' id='word_1_531' title='bbox 1264 1692 1347 1735; x_wconf 84' lang='lat' dir='ltr'>suas</span> <span class='ocrx_word' id='word_1_532' title='bbox 1362 1692 1579 1748; x_wconf 84' lang='lat' dir='ltr'>peculiares</span> <span class='ocrx_word' id='word_1_533' title='bbox 1597 1691 1939 1740; x_wconf 78' lang='lat' dir='ltr'>Constitutiones,</span> <span class='ocrx_word' id='word_1_534' title='bbox 1970 1691 2219 1747; x_wconf 84' lang='lat' dir='ltr'>pecialiaque</span> 
     </span>
     <span class='ocr_line' id='line_1_88' title="bbox 1264 1751 1897 1794; baseline -0.003 0"><span class='ocrx_word' id='word_1_535' title='bbox 1264 1751 1670 1794; x_wconf 77' lang='lat' dir='ltr'>institutaobservare</span> <span class='ocrx_word' id='word_1_536' title='bbox 1690 1758 1897 1792; x_wconf 87' lang='lat' dir='ltr'>teneatur.</span> 
     </span>
    </p>

    <p class='ocr_par' dir='ltr' id='par_1_12' title="bbox 1262 1808 2219 2094">
     <span class='ocr_line' id='line_1_89' title="bbox 1381 1808 2219 1862; baseline -0.005 -10"><span class='ocrx_word' id='word_1_537' title='bbox 1381 1811 1526 1852; x_wconf 88' lang='lat' dir='ltr'>Statim</span> <span class='ocrx_word' id='word_1_538' title='bbox 1544 1819 1668 1862; x_wconf 83' lang='lat' dir='ltr'>atque</span> <span class='ocrx_word' id='word_1_539' title='bbox 1684 1809 1841 1849; x_wconf 85' lang='lat' dir='ltr'>Novitii</span> <span class='ocrx_word' id='word_1_540' title='bbox 1864 1808 1913 1850; x_wconf 84' lang='lat' dir='ltr'>ad</span> <span class='ocrx_word' id='word_1_541' title='bbox 1941 1810 2136 1852; x_wconf 79' lang='lat' dir='ltr'>Habitum</span> <span class='ocrx_word' id='word_1_542' title='bbox 2161 1822 2219 1849; x_wconf 88' lang='lat' dir='ltr'>re·</span> 
     </span>
     <span class='ocr_line' id='line_1_90' title="bbox 1264 1863 2218 1925; baseline -0.007 -13"><span class='ocrx_word' id='word_1_543' title='bbox 1264 1868 1433 1925; x_wconf 72' lang='lat' dir='ltr'>cepti,&amp;</span> <span class='ocrx_word' id='word_1_544' title='bbox 1444 1867 1627 1909; x_wconf 87' lang='lat' dir='ltr'>inlocum</span> <span class='ocrx_word' id='word_1_545' title='bbox 1648 1863 1886 1909; x_wconf 73' lang='lat' dir='ltr'>Novitiattis</span> <span class='ocrx_word' id='word_1_546' title='bbox 1902 1866 2120 1908; x_wconf 66' lang='lat' dir='ltr'>introducti</span> <span class='ocrx_word' id='word_1_547' title='bbox 2133 1865 2218 1906; x_wconf 85' lang='lat' dir='ltr'>fue-</span> 
     </span>
     <span class='ocr_line' id='line_1_91' title="bbox 1263 1924 2219 1981; baseline -0.006 -12"><span class='ocrx_word' id='word_1_548' title='bbox 1263 1929 1342 1970; x_wconf 87' lang='lat' dir='ltr'>rint</span> <span class='ocrx_word' id='word_1_549' title='bbox 1355 1955 1370 1976; x_wconf 90' lang='lat'>,</span> <span class='ocrx_word' id='word_1_550' title='bbox 1397 1940 1466 1981; x_wconf 91' lang='lat' dir='ltr'>per</span> <span class='ocrx_word' id='word_1_551' title='bbox 1489 1924 1723 1981; x_wconf 78' lang='lat' dir='ltr'>generalem</span> <span class='ocrx_word' id='word_1_552' title='bbox 1749 1926 1926 1966; x_wconf 81' lang='lat' dir='ltr'>omnium</span> <span class='ocrx_word' id='word_1_553' title='bbox 1956 1934 2219 1979; x_wconf 89' lang='lat' dir='ltr'>peccatorum</span> 
     </span>
     <span class='ocr_line' id='line_1_92' title="bbox 1262 1981 2218 2026; baseline -0.004 -1"><span class='ocrx_word' id='word_1_554' title='bbox 1262 1983 1542 2025; x_wconf 80' lang='lat' dir='ltr'>confeffionem</span> <span class='ocrx_word' id='word_1_555' title='bbox 1557 1982 1683 2023; x_wconf 89' lang='lat' dir='ltr'>totius</span> <span class='ocrx_word' id='word_1_556' title='bbox 1705 1983 1893 2023; x_wconf 63' lang='lat' dir='ltr'>anteana</span> <span class='ocrx_word' id='word_1_557' title='bbox 1908 1982 2000 2024; x_wconf 70' lang='lat' dir='ltr'>vita</span> <span class='ocrx_word' id='word_1_558' title='bbox 2013 1981 2218 2026; x_wconf 83' lang='lat' dir='ltr'>conscien-</span> 
     </span>
     <span class='ocr_line' id='line_1_93' title="bbox 1263 2038 1945 2094; baseline -0.006 -11"><span class='ocrx_word' id='word_1_559' title='bbox 1263 2042 1361 2083; x_wconf 86' lang='lat' dir='ltr'>tiam</span> <span class='ocrx_word' id='word_1_560' title='bbox 1378 2038 1596 2082; x_wconf 87' lang='lat' dir='ltr'>discut-iant</span> <span class='ocrx_word' id='word_1_561' title='bbox 1610 2066 1626 2088; x_wconf 91' lang='lat'><em>‚</em></span> <span class='ocrx_word' id='word_1_562' title='bbox 1645 2040 1684 2079; x_wconf 78' lang='grc' dir='ltr'>δι</span> <span class='ocrx_word' id='word_1_563' title='bbox 1697 2048 1922 2094; x_wconf 85' lang='lat' dir='ltr'>expurgent</span> <span class='ocrx_word' id='word_1_564' title='bbox 1933 2067 1945 2079; x_wconf 91' lang='lat'><strong>.</strong></span> 
     </span>
    </p>

    <p class='ocr_par' dir='ltr' id='par_1_13' title="bbox 1264 2095 2221 2740">
     <span class='ocr_line' id='line_1_94' title="bbox 1380 2095 2221 2158; baseline -0.005 -19"><span class='ocrx_word' id='word_1_565' title='bbox 1380 2098 1507 2158; x_wconf 60' lang='lat' dir='ltr'>Qud</span> <span class='ocrx_word' id='word_1_566' title='bbox 1537 2096 1636 2138; x_wconf 72' lang='lat' dir='ltr'>verb</span> <span class='ocrx_word' id='word_1_567' title='bbox 1653 2096 1703 2140; x_wconf 87' lang='lat' dir='ltr'>ad</span> <span class='ocrx_word' id='word_1_568' title='bbox 1721 2095 1800 2138; x_wconf 91' lang='lat' dir='ltr'>loci</span> <span class='ocrx_word' id='word_1_569' title='bbox 1828 2096 2062 2151; x_wconf 86' lang='lat' dir='ltr'>qualitatem</span> <span class='ocrx_word' id='word_1_570' title='bbox 2089 2095 2221 2138; x_wconf 87' lang='lat' dir='ltr'>unius-</span> 
     </span>
     <span class='ocr_line' id='line_1_95' title="bbox 1265 2152 2221 2213; baseline -0.005 -14"><span class='ocrx_word' id='word_1_571' title='bbox 1265 2156 1455 2213; x_wconf 86' lang='lat' dir='ltr'>cujusque</span> <span class='ocrx_word' id='word_1_572' title='bbox 1477 2154 1708 2197; x_wconf 80' lang='lat' dir='ltr'>Novitiatt&#39;is</span> <span class='ocrx_word' id='word_1_573' title='bbox 1736 2156 1883 2208; x_wconf 62' lang='lat' dir='ltr'>spectat</span> <span class='ocrx_word' id='word_1_574' title='bbox 1898 2181 1912 2203; x_wconf 95' lang='lat'>,</span> <span class='ocrx_word' id='word_1_575' title='bbox 1945 2155 2058 2196; x_wconf 86' lang='lat' dir='ltr'>locus</span> <span class='ocrx_word' id='word_1_576' title='bbox 2088 2152 2221 2210; x_wconf 75' lang='lat' dir='ltr'>hujus·</span> 
     </span>
     <span class='ocr_line' id='line_1_96' title="bbox 1266 2212 2219 2268; baseline -0.003 -13"><span class='ocrx_word' id='word_1_577' title='bbox 1266 2216 1377 2256; x_wconf 87' lang='lat' dir='ltr'>modi</span> <span class='ocrx_word' id='word_1_578' title='bbox 1397 2214 1556 2268; x_wconf 90' lang='lat' dir='ltr'>propria</span> <span class='ocrx_word' id='word_1_579' title='bbox 1574 2212 1755 2254; x_wconf 85' lang='lat' dir='ltr'>clausura</span> <span class='ocrx_word' id='word_1_580' title='bbox 1768 2213 1817 2253; x_wconf 91' lang='lat' dir='ltr'>ab</span> <span class='ocrx_word' id='word_1_581' title='bbox 1835 2228 1882 2255; x_wconf 85' lang='lat' dir='ltr'>ea</span> <span class='ocrx_word' id='word_1_582' title='bbox 1899 2224 2012 2268; x_wconf 86' lang='lat' dir='ltr'>parte</span> <span class='ocrx_word' id='word_1_583' title='bbox 2026 2217 2219 2256; x_wconf 86' lang='lat' dir='ltr'>Conven-</span> 
     </span>
     <span class='ocr_line' id='line_1_97' title="bbox 1267 2270 2217 2328; baseline -0.002 -14"><span class='ocrx_word' id='word_1_584' title='bbox 1267 2272 1329 2315; x_wconf 74' lang='lat' dir='ltr'>ius</span> <span class='ocrx_word' id='word_1_585' title='bbox 1341 2299 1356 2322; x_wconf 94' lang='lat'>,</span> <span class='ocrx_word' id='word_1_586' title='bbox 1368 2274 1408 2314; x_wconf 77' lang='grc' dir='ltr'>δι</span> <span class='ocrx_word' id='word_1_587' title='bbox 1423 2270 1648 2314; x_wconf 86' lang='lat' dir='ltr'>Monasterii</span> <span class='ocrx_word' id='word_1_588' title='bbox 1665 2299 1678 2320; x_wconf 86' lang='lat'>‚</span> <span class='ocrx_word' id='word_1_589' title='bbox 1706 2270 1743 2310; x_wconf 90' lang='lat' dir='ltr'>in</span> <span class='ocrx_word' id='word_1_590' title='bbox 1761 2285 1840 2327; x_wconf 88' lang='lat' dir='ltr'>qua</span> <span class='ocrx_word' id='word_1_591' title='bbox 1854 2271 2006 2328; x_wconf 88' lang='lat' dir='ltr'>degunt</span> <span class='ocrx_word' id='word_1_592' title='bbox 2033 2270 2189 2327; x_wconf 84' lang='lat' dir='ltr'>proseffi</span> <span class='ocrx_word' id='word_1_593' title='bbox 2202 2296 2217 2318; x_wconf 85' lang='lat'>,</span> 
     </span>
     <span class='ocr_line' id='line_1_98' title="bbox 1266 2329 2219 2388; baseline 0 -16"><span class='ocrx_word' id='word_1_594' title='bbox 1266 2332 1491 2388; x_wconf 85' lang='lat' dir='ltr'>segregatus</span> <span class='ocrx_word' id='word_1_595' title='bbox 1506 2329 1551 2371; x_wconf 87' lang='lat' dir='ltr'>fit</span> <span class='ocrx_word' id='word_1_596' title='bbox 1566 2359 1580 2380; x_wconf 90' lang='lat'>‚</span> <span class='ocrx_word' id='word_1_597' title='bbox 1612 2340 1731 2384; x_wconf 80' lang='lat' dir='ltr'>atque</span> <span class='ocrx_word' id='word_1_598' title='bbox 1751 2329 1952 2371; x_wconf 67' lang='lat' dir='ltr'>distinctus</span> <span class='ocrx_word' id='word_1_599' title='bbox 1968 2356 1982 2378; x_wconf 86' lang='lat'>,</span> <span class='ocrx_word' id='word_1_600' title='bbox 1997 2330 2219 2385; x_wconf 88' lang='lat' dir='ltr'>habeatque</span> 
     </span>
     <span class='ocr_line' id='line_1_99' title="bbox 1264 2387 2218 2444; baseline -0.002 -12"><span class='ocrx_word' id='word_1_601' title='bbox 1264 2400 1325 2432; x_wconf 90' lang='lat' dir='ltr'>tot</span> <span class='ocrx_word' id='word_1_602' title='bbox 1342 2390 1390 2431; x_wconf 90' lang='lat' dir='ltr'>ad</span> <span class='ocrx_word' id='word_1_603' title='bbox 1405 2389 1687 2432; x_wconf 87' lang='lat' dir='ltr'>dormiendum</span> <span class='ocrx_word' id='word_1_604' title='bbox 1701 2387 1868 2430; x_wconf 81' lang='lat' dir='ltr'>cellulas</span> <span class='ocrx_word' id='word_1_605' title='bbox 1887 2390 2105 2444; x_wconf 70' lang='lat' dir='ltr'>separatas,</span> <span class='ocrx_word' id='word_1_606' title='bbox 2116 2398 2218 2444; x_wconf 91' lang='lat' dir='ltr'>quot</span> 
     </span>
     <span class='ocr_line' id='line_1_100' title="bbox 1267 2445 2216 2497; baseline -0.004 -7"><span class='ocrx_word' id='word_1_607' title='bbox 1267 2459 1384 2490; x_wconf 90' lang='lat' dir='ltr'>erunt</span> <span class='ocrx_word' id='word_1_608' title='bbox 1400 2462 1566 2491; x_wconf 88' lang='lat' dir='ltr'>numero</span> <span class='ocrx_word' id='word_1_609' title='bbox 1583 2445 1738 2489; x_wconf 85' lang='lat' dir='ltr'>Novitii</span> <span class='ocrx_word' id='word_1_610' title='bbox 1752 2475 1767 2497; x_wconf 91' lang='lat'>‚</span> <span class='ocrx_word' id='word_1_611' title='bbox 1801 2447 1862 2489; x_wconf 89' lang='lat' dir='ltr'>vel</span> <span class='ocrx_word' id='word_1_612' title='bbox 1883 2446 2179 2489; x_wconf 88' lang='lat' dir='ltr'>Dormitorium</span> <span class='ocrx_word' id='word_1_613' title='bbox 2200 2474 2216 2497; x_wconf 85' lang='lat'>,</span> 
     </span>
     <span class='ocr_line' id='line_1_101' title="bbox 1264 2502 2212 2561; baseline -0.006 -12"><span class='ocrx_word' id='word_1_614' title='bbox 1264 2509 1321 2549; x_wconf 90' lang='lat' dir='ltr'>ita</span> <span class='ocrx_word' id='word_1_615' title='bbox 1346 2521 1468 2561; x_wconf 82' lang='lat' dir='ltr'>capax</span> <span class='ocrx_word' id='word_1_616' title='bbox 1495 2535 1509 2557; x_wconf 90' lang='lat'>,</span> <span class='ocrx_word' id='word_1_617' title='bbox 1543 2514 1586 2547; x_wconf 94' lang='lat' dir='ltr'>ut</span> <span class='ocrx_word' id='word_1_618' title='bbox 1614 2520 1686 2560; x_wconf 90' lang='lat' dir='ltr'>pro</span> <span class='ocrx_word' id='word_1_619' title='bbox 1714 2502 1874 2559; x_wconf 79' lang='lat' dir='ltr'>lingulis</span> <span class='ocrx_word' id='word_1_620' title='bbox 1900 2504 2042 2560; x_wconf 89' lang='lat' dir='ltr'>finguli</span> <span class='ocrx_word' id='word_1_621' title='bbox 2075 2504 2212 2546; x_wconf 68' lang='lat' dir='ltr'>lectuli</span> 
     </span>
     <span class='ocr_line' id='line_1_102' title="bbox 1265 2561 2217 2619; baseline -0.007 -10"><span class='ocrx_word' id='word_1_622' title='bbox 1265 2564 1481 2609; x_wconf 76' lang='lat' dir='ltr'>commod&#39;e</span> <span class='ocrx_word' id='word_1_623' title='bbox 1509 2564 1627 2606; x_wconf 81' lang='lat' dir='ltr'>sterni</span> <span class='ocrx_word' id='word_1_624' title='bbox 1655 2561 1799 2619; x_wconf 84' lang='lat' dir='ltr'>possint</span> <span class='ocrx_word' id='word_1_625' title='bbox 1828 2591 1843 2614; x_wconf 89' lang='lat'>,</span> <span class='ocrx_word' id='word_1_626' title='bbox 1876 2564 1914 2605; x_wconf 91' lang='lat' dir='ltr'>in</span> <span class='ocrx_word' id='word_1_627' title='bbox 1951 2577 2035 2619; x_wconf 92' lang='lat' dir='ltr'>quo</span> <span class='ocrx_word' id='word_1_628' title='bbox 2058 2563 2217 2605; x_wconf 60' lang='lat' dir='ltr'>etiam-2</span> 
     </span>
     <span class='ocr_line' id='line_1_103' title="bbox 1265 2621 2218 2670; baseline -0.006 -4"><span class='ocrx_word' id='word_1_629' title='bbox 1265 2623 1415 2666; x_wconf 81' lang='lat' dir='ltr'>cellula</span> <span class='ocrx_word' id='word_1_630' title='bbox 1447 2623 1511 2665; x_wconf 87' lang='lat' dir='ltr'>vel</span> <span class='ocrx_word' id='word_1_631' title='bbox 1538 2633 1671 2666; x_wconf 82' lang='lat' dir='ltr'>certus</span> <span class='ocrx_word' id='word_1_632' title='bbox 1689 2649 1707 2670; x_wconf 84' lang='lat'>,</span> <span class='ocrx_word' id='word_1_633' title='bbox 1730 2635 1775 2665; x_wconf 75' lang='lat' dir='ltr'>ac</span> <span class='ocrx_word' id='word_1_634' title='bbox 1801 2621 2091 2665; x_wconf 84' lang='lat' dir='ltr'>determinatus</span> <span class='ocrx_word' id='word_1_635' title='bbox 2107 2621 2218 2662; x_wconf 88' lang='lat' dir='ltr'>locus</span> 
     </span>
     <span class='ocr_line' id='line_1_104' title="bbox 1265 2678 2130 2740; baseline -0.007 -15"><span class='ocrx_word' id='word_1_636' title='bbox 1265 2697 1341 2740; x_wconf 83' lang='lat' dir='ltr'>pro</span> <span class='ocrx_word' id='word_1_637' title='bbox 1356 2681 1546 2738; x_wconf 87' lang='lat' dir='ltr'>Magistro</span> <span class='ocrx_word' id='word_1_638' title='bbox 1559 2708 1574 2731; x_wconf 87' lang='lat'>,</span> <span class='ocrx_word' id='word_1_639' title='bbox 1588 2679 1748 2737; x_wconf 73' lang='lat' dir='ltr'>ejusque</span> <span class='ocrx_word' id='word_1_640' title='bbox 1762 2678 1868 2722; x_wconf 77' lang='lat' dir='ltr'>ibcio</span> <span class='ocrx_word' id='word_1_641' title='bbox 1881 2682 2102 2736; x_wconf 78' lang='lat' dir='ltr'>reperiatur</span> <span class='ocrx_word' id='word_1_642' title='bbox 2119 2708 2130 2719; x_wconf 87' lang='lat'><strong><em>.</em></strong></span> 
     </span>
    </p>

    <p class='ocr_par' dir='ltr' id='par_1_14' title="bbox 1266 2739 2218 3080">
     <span class='ocr_line' id='line_1_105' title="bbox 1380 2739 2218 2792; baseline -0.006 -9"><span class='ocrx_word' id='word_1_643' title='bbox 1380 2744 1428 2784; x_wconf 86' lang='lat' dir='ltr'>ln</span> <span class='ocrx_word' id='word_1_644' title='bbox 1456 2755 1506 2783; x_wconf 91' lang='lat' dir='ltr'>eo</span> <span class='ocrx_word' id='word_1_645' title='bbox 1532 2742 1652 2782; x_wconf 86' lang='lat' dir='ltr'>etiam</span> <span class='ocrx_word' id='word_1_646' title='bbox 1669 2767 1683 2790; x_wconf 91' lang='lat'>,</span> <span class='ocrx_word' id='word_1_647' title='bbox 1717 2748 1860 2792; x_wconf 81' lang='lat' dir='ltr'>praeter</span> <span class='ocrx_word' id='word_1_648' title='bbox 1884 2739 1976 2782; x_wconf 87' lang='lat' dir='ltr'>alias</span> <span class='ocrx_word' id='word_1_649' title='bbox 1988 2751 2218 2784; x_wconf 87' lang='lat' dir='ltr'>communes</span> 
     </span>
     <span class='ocr_line' id='line_1_106' title="bbox 1266 2797 2218 2853; baseline -0.008 -9"><span class='ocrx_word' id='word_1_650' title='bbox 1266 2799 1578 2844; x_wconf 80' lang='lat' dir='ltr'>commoditates</span> <span class='ocrx_word' id='word_1_651' title='bbox 1593 2826 1607 2849; x_wconf 90' lang='lat'><strong>‚</strong></span> <span class='ocrx_word' id='word_1_652' title='bbox 1640 2807 1752 2853; x_wconf 83' lang='lat' dir='ltr'>aptus</span> <span class='ocrx_word' id='word_1_653' title='bbox 1771 2797 1883 2839; x_wconf 86' lang='lat' dir='ltr'>locus</span> <span class='ocrx_word' id='word_1_654' title='bbox 1912 2798 2011 2840; x_wconf 81' lang='lat' dir='ltr'>adlit</span> <span class='ocrx_word' id='word_1_655' title='bbox 2041 2798 2089 2840; x_wconf 90' lang='lat' dir='ltr'>ad</span> <span class='ocrx_word' id='word_1_656' title='bbox 2106 2797 2218 2850; x_wconf 77' lang='lat' dir='ltr'>spiri-</span> 
     </span>
     <span class='ocr_line' id='line_1_107' title="bbox 1269 2853 2217 2904; baseline -0.005 -4"><span class='ocrx_word' id='word_1_657' title='bbox 1269 2858 1400 2901; x_wconf 81' lang='lat' dir='ltr'>tuales</span> <span class='ocrx_word' id='word_1_658' title='bbox 1414 2857 1654 2899; x_wconf 82' lang='lat' dir='ltr'>collationes</span> <span class='ocrx_word' id='word_1_659' title='bbox 1670 2883 1687 2904; x_wconf 89' lang='lat'>,</span> <span class='ocrx_word' id='word_1_660' title='bbox 1701 2853 1768 2895; x_wconf 88' lang='lat' dir='ltr'>seu</span> <span class='ocrx_word' id='word_1_661' title='bbox 1784 2855 2056 2898; x_wconf 83' lang='lat' dir='ltr'>conserentias</span> <span class='ocrx_word' id='word_1_662' title='bbox 2069 2853 2217 2896; x_wconf 83' lang='lat' dir='ltr'>facien-</span> 
     </span>
     <span class='ocr_line' id='line_1_108' title="bbox 1269 2909 2214 2968; baseline -0.008 -10"><span class='ocrx_word' id='word_1_663' title='bbox 1269 2917 1340 2958; x_wconf 85' lang='lat' dir='ltr'>das</span> <span class='ocrx_word' id='word_1_664' title='bbox 1354 2945 1369 2968; x_wconf 88' lang='lat'>,</span> <span class='ocrx_word' id='word_1_665' title='bbox 1395 2930 1442 2958; x_wconf 89' lang='lat' dir='ltr'>ac</span> <span class='ocrx_word' id='word_1_666' title='bbox 1467 2914 1657 2957; x_wconf 70' lang='lat' dir='ltr'>lectiones</span> <span class='ocrx_word' id='word_1_667' title='bbox 1671 2936 1686 2959; x_wconf 92' lang='lat'>,</span> <span class='ocrx_word' id='word_1_668' title='bbox 1713 2909 2061 2968; x_wconf 65' lang='lat' dir='ltr'>instructionesque</span> <span class='ocrx_word' id='word_1_669' title='bbox 2086 2912 2214 2966; x_wconf 78' lang='lat' dir='ltr'>Magi-</span> 
     </span>
     <span class='ocr_line' id='line_1_109' title="bbox 1269 2969 2215 3023; baseline -0.008 -6"><span class='ocrx_word' id='word_1_670' title='bbox 1269 2973 1564 3017; x_wconf 80' lang='lat' dir='ltr'>stri-audiendas</span> <span class='ocrx_word' id='word_1_671' title='bbox 1578 3000 1592 3022; x_wconf 90' lang='lat'>,</span> <span class='ocrx_word' id='word_1_672' title='bbox 1614 2970 1655 3011; x_wconf 75' lang='grc' dir='ltr'>δι</span> <span class='ocrx_word' id='word_1_673' title='bbox 1672 2969 1710 3010; x_wconf 92' lang='lat' dir='ltr'>in</span> <span class='ocrx_word' id='word_1_674' title='bbox 1723 2981 1840 3023; x_wconf 83' lang='lat' dir='ltr'>quem</span> <span class='ocrx_word' id='word_1_675' title='bbox 1856 2969 2014 3022; x_wconf 78' lang='lat' dir='ltr'>hyemis</span> <span class='ocrx_word' id='word_1_676' title='bbox 2030 2981 2215 3023; x_wconf 88' lang='lat' dir='ltr'>tempore</span> 
     </span>
     <span class='ocr_line' id='line_1_110' title="bbox 1268 3026 2213 3080; baseline -0.008 -4"><span class='ocrx_word' id='word_1_677' title='bbox 1268 3034 1315 3076; x_wconf 84' lang='lat' dir='ltr'>ad</span> <span class='ocrx_word' id='word_1_678' title='bbox 1331 3029 1605 3075; x_wconf 83' lang='lat' dir='ltr'>calefaciendii</span> <span class='ocrx_word' id='word_1_679' title='bbox 1632 3026 1670 3071; x_wconf 86' lang='lat' dir='ltr'>se</span> <span class='ocrx_word' id='word_1_680' title='bbox 1683 3026 1775 3080; x_wconf 91' lang='lat' dir='ltr'>igne</span> <span class='ocrx_word' id='word_1_681' title='bbox 1790 3027 1989 3069; x_wconf 83' lang='lat' dir='ltr'>communi</span> <span class='ocrx_word' id='word_1_682' title='bbox 2003 3028 2213 3080; x_wconf 83' lang='lat' dir='ltr'>recipiant.</span> 
     </span>
    </p>

    <p class='ocr_par' dir='ltr' id='par_1_15' title="bbox 1267 3083 2213 3319">
     <span class='ocr_line' id='line_1_111' title="bbox 1379 3083 2213 3142; baseline -0.005 -11"><span class='ocrx_word' id='word_1_683' title='bbox 1379 3086 1612 3131; x_wconf 87' lang='lat' dir='ltr'>Oratorium</span> <span class='ocrx_word' id='word_1_684' title='bbox 1638 3083 1794 3139; x_wconf 84' lang='lat' dir='ltr'>insuper</span> <span class='ocrx_word' id='word_1_685' title='bbox 1823 3113 1838 3136; x_wconf 88' lang='lat'>‚</span> <span class='ocrx_word' id='word_1_686' title='bbox 1868 3083 1934 3128; x_wconf 87' lang='lat' dir='ltr'>seu</span> <span class='ocrx_word' id='word_1_687' title='bbox 1958 3085 2127 3142; x_wconf 75' lang='lat' dir='ltr'>Capella</span> <span class='ocrx_word' id='word_1_688' title='bbox 2142 3111 2157 3134; x_wconf 91' lang='lat'>,</span> <span class='ocrx_word' id='word_1_689' title='bbox 2186 3088 2213 3128; x_wconf 84' lang='lat' dir='ltr'>si</span> 
     </span>
     <span class='ocr_line' id='line_1_112' title="bbox 1268 3143 2212 3199; baseline -0.006 -8"><span class='ocrx_word' id='word_1_690' title='bbox 1268 3146 1482 3191; x_wconf 73' lang='lat' dir='ltr'>commode</span> <span class='ocrx_word' id='word_1_691' title='bbox 1507 3143 1595 3187; x_wconf 88' lang='lat' dir='ltr'>fieri</span> <span class='ocrx_word' id='word_1_692' title='bbox 1610 3144 1783 3199; x_wconf 88' lang='lat' dir='ltr'>poterit,</span> <span class='ocrx_word' id='word_1_693' title='bbox 1800 3143 1850 3185; x_wconf 85' lang='lat' dir='ltr'>ad</span> <span class='ocrx_word' id='word_1_694' title='bbox 1876 3146 2070 3187; x_wconf 80' lang='lat' dir='ltr'>Novitios</span> <span class='ocrx_word' id='word_1_695' title='bbox 2086 3145 2124 3185; x_wconf 90' lang='lat' dir='ltr'>in</span> <span class='ocrx_word' id='word_1_696' title='bbox 2138 3143 2212 3196; x_wconf 85' lang='lat' dir='ltr'>spi·</span> 
     </span>
     <span class='ocr_line' id='line_1_113' title="bbox 1268 3201 2211 3259; baseline -0.003 -10"><span class='ocrx_word' id='word_1_697' title='bbox 1268 3205 1477 3249; x_wconf 82' lang='lat' dir='ltr'>ritualibus</span> <span class='ocrx_word' id='word_1_698' title='bbox 1494 3233 1508 3256; x_wconf 92' lang='lat'>‚</span> <span class='ocrx_word' id='word_1_699' title='bbox 1523 3202 1739 3259; x_wconf 67' lang='lat' dir='ltr'>praesertim</span> <span class='ocrx_word' id='word_1_700' title='bbox 1753 3201 1794 3243; x_wconf 80' lang='lat' dir='ltr'>in</span> <span class='ocrx_word' id='word_1_701' title='bbox 1808 3204 2068 3246; x_wconf 85' lang='lat' dir='ltr'>coeremoniis</span> <span class='ocrx_word' id='word_1_702' title='bbox 2086 3230 2100 3253; x_wconf 92' lang='lat'>,</span> <span class='ocrx_word' id='word_1_703' title='bbox 2131 3204 2211 3246; x_wconf 85' lang='lat' dir='ltr'>Ec-</span> 
     </span>
     <span class='ocr_line' id='line_1_114' title="bbox 1267 3259 2127 3319; baseline -0.008 -11"><span class='ocrx_word' id='word_1_704' title='bbox 1267 3262 1563 3319; x_wconf 86' lang='lat' dir='ltr'>clcfiasticisque</span> <span class='ocrx_word' id='word_1_705' title='bbox 1583 3259 1850 3304; x_wconf 67' lang='lat' dir='ltr'>functionibus</span> <span class='ocrx_word' id='word_1_706' title='bbox 1862 3262 2127 3305; x_wconf 79' lang='lat' dir='ltr'>exercendos.</span> 
     </span>
    </p>

    <p class='ocr_par' dir='ltr' id='par_1_16' title="bbox 1258 3318 2212 3786">
     <span class='ocr_line' id='line_1_115' title="bbox 1378 3318 2212 3377; baseline -0.005 -11"><span class='ocrx_word' id='word_1_707' title='bbox 1378 3325 1533 3366; x_wconf 88' lang='lat' dir='ltr'>Hortus</span> <span class='ocrx_word' id='word_1_708' title='bbox 1547 3334 1709 3377; x_wconf 90' lang='lat' dir='ltr'>quoque</span> <span class='ocrx_word' id='word_1_709' title='bbox 1723 3319 1934 3374; x_wconf 77' lang='lat' dir='ltr'>peculiaris</span> <span class='ocrx_word' id='word_1_710' title='bbox 1949 3320 1998 3362; x_wconf 87' lang='lat' dir='ltr'>ad</span> <span class='ocrx_word' id='word_1_711' title='bbox 2012 3318 2212 3362; x_wconf 83' lang='lat' dir='ltr'>honestam</span> 
     </span>
     <span class='ocr_line' id='line_1_116' title="bbox 1260 3376 2208 3435; baseline -0.006 -10"><span class='ocrx_word' id='word_1_712' title='bbox 1260 3382 1559 3426; x_wconf 77' lang='lat' dir='ltr'>recreationem</span> <span class='ocrx_word' id='word_1_713' title='bbox 1575 3379 1675 3422; x_wconf 72' lang='lat' dir='ltr'>bene</span> <span class='ocrx_word' id='word_1_714' title='bbox 1692 3376 1900 3422; x_wconf 75' lang='lat' dir='ltr'>conclusus</span> <span class='ocrx_word' id='word_1_715' title='bbox 1914 3407 1927 3430; x_wconf 91' lang='lat'>‚</span> <span class='ocrx_word' id='word_1_716' title='bbox 1943 3387 2066 3435; x_wconf 88' lang='lat' dir='ltr'>atque</span> <span class='ocrx_word' id='word_1_717' title='bbox 2079 3380 2208 3420; x_wconf 85' lang='lat' dir='ltr'>muni-</span> 
     </span>
     <span class='ocr_line' id='line_1_117' title="bbox 1259 3437 2200 3492; baseline -0.006 -8"><span class='ocrx_word' id='word_1_718' title='bbox 1259 3450 1325 3489; x_wconf 86' lang='lat' dir='ltr'>tus</span> <span class='ocrx_word' id='word_1_719' title='bbox 1339 3440 1439 3484; x_wconf 80' lang='lat' dir='ltr'>adiit</span> <span class='ocrx_word' id='word_1_720' title='bbox 1450 3469 1466 3492; x_wconf 84' lang='lat'>‚</span> <span class='ocrx_word' id='word_1_721' title='bbox 1480 3441 1534 3481; x_wconf 77' lang='lat' dir='ltr'>[in</span> <span class='ocrx_word' id='word_1_722' title='bbox 1549 3439 1679 3480; x_wconf 88' lang='lat' dir='ltr'>minus</span> <span class='ocrx_word' id='word_1_723' title='bbox 1691 3465 1707 3486; x_wconf 93' lang='lat'>,</span> <span class='ocrx_word' id='word_1_724' title='bbox 1741 3437 1904 3477; x_wconf 79' lang='lat' dir='ltr'>hortum</span> <span class='ocrx_word' id='word_1_725' title='bbox 1928 3438 2079 3480; x_wconf 83' lang='lat' dir='ltr'>caeteris</span> <span class='ocrx_word' id='word_1_726' title='bbox 2103 3438 2200 3479; x_wconf 81' lang='lat' dir='ltr'>Fra-</span> 
     </span>
     <span class='ocr_line' id='line_1_118' title="bbox 1259 3495 2202 3550; baseline -0.005 -9"><span class='ocrx_word' id='word_1_727' title='bbox 1259 3501 1389 3541; x_wconf 82' lang='lat' dir='ltr'>tribus</span> <span class='ocrx_word' id='word_1_728' title='bbox 1427 3509 1683 3540; x_wconf 89' lang='lat' dir='ltr'>communem</span> <span class='ocrx_word' id='word_1_729' title='bbox 1707 3495 1980 3537; x_wconf 56' lang='lat' dir='ltr'>&gt;recreationis</span> <span class='ocrx_word' id='word_1_730' title='bbox 2006 3505 2202 3550; x_wconf 69' lang='lat' dir='ltr'>&#39;tempore</span> 
     </span>
     <span class='ocr_line' id='line_1_119' title="bbox 1258 3553 2202 3612; baseline -0.003 -14"><span class='ocrx_word' id='word_1_731' title='bbox 1258 3556 1535 3612; x_wconf 79' lang='lat' dir='ltr'>ingrediantur</span> <span class='ocrx_word' id='word_1_732' title='bbox 1549 3584 1564 3596; x_wconf 59' lang='lat'><em>2</em></span> <span class='ocrx_word' id='word_1_733' title='bbox 1593 3554 1688 3607; x_wconf 76' lang='lat' dir='ltr'>Ipsis</span> <span class='ocrx_word' id='word_1_734' title='bbox 1706 3553 1802 3594; x_wconf 76' lang='lat' dir='ltr'>vero</span> <span class='ocrx_word' id='word_1_735' title='bbox 1814 3554 1991 3596; x_wconf 84' lang='lat' dir='ltr'>Novitiis</span> <span class='ocrx_word' id='word_1_736' title='bbox 2023 3555 2076 3596; x_wconf 92' lang='lat' dir='ltr'>ibi</span> <span class='ocrx_word' id='word_1_737' title='bbox 2091 3567 2202 3597; x_wconf 86' lang='lat' dir='ltr'>com-</span> 
     </span>
     <span class='ocr_line' id='line_1_120' title="bbox 1262 3609 2202 3664; baseline -0.006 -7"><span class='ocrx_word' id='word_1_738' title='bbox 1262 3613 1509 3657; x_wconf 85' lang='lat' dir='ltr'>morantibus</span> <span class='ocrx_word' id='word_1_739' title='bbox 1522 3641 1538 3663; x_wconf 80' lang='lat'>,</span> <span class='ocrx_word' id='word_1_740' title='bbox 1550 3611 1709 3653; x_wconf 86' lang='lat' dir='ltr'>curabit</span> <span class='ocrx_word' id='word_1_741' title='bbox 1725 3609 1909 3664; x_wconf 80' lang='lat' dir='ltr'>Magister</span> <span class='ocrx_word' id='word_1_742' title='bbox 1921 3627 2011 3657; x_wconf 88' lang='lat' dir='ltr'>cum</span> <span class='ocrx_word' id='word_1_743' title='bbox 2027 3613 2107 3655; x_wconf 91' lang='lat' dir='ltr'>loci</span> <span class='ocrx_word' id='word_1_744' title='bbox 2129 3618 2202 3653; x_wconf 84' lang='lat' dir='ltr'>Su-</span> 
     </span>
     <span class='ocr_line' id='line_1_121' title="bbox 1261 3667 2197 3728; baseline -0.007 -13"><span class='ocrx_word' id='word_1_745' title='bbox 1261 3671 1428 3728; x_wconf 86' lang='lat' dir='ltr'>perioris</span> <span class='ocrx_word' id='word_1_746' title='bbox 1442 3669 1679 3712; x_wconf 65' lang='lat' dir='ltr'>auctoritate</span> <span class='ocrx_word' id='word_1_747' title='bbox 1698 3668 1720 3724; x_wconf 68' lang='grc' dir='ltr'>ξ</span> <span class='ocrx_word' id='word_1_748' title='bbox 1733 3670 1759 3709; x_wconf 84' lang='lat' dir='ltr'>fi</span> <span class='ocrx_word' id='word_1_749' title='bbox 1775 3683 1876 3724; x_wconf 89' lang='lat' dir='ltr'>opus</span> <span class='ocrx_word' id='word_1_750' title='bbox 1891 3667 2011 3713; x_wconf 90' lang='lat' dir='ltr'>fuerit</span> <span class='ocrx_word' id='word_1_751' title='bbox 2025 3674 2043 3727; x_wconf 95' lang='lat'><em>)</em></span> <span class='ocrx_word' id='word_1_752' title='bbox 2055 3685 2106 3712; x_wconf 82' lang='lat' dir='ltr'>ne·</span> <span class='ocrx_word' id='word_1_753' title='bbox 2125 3669 2197 3709; x_wconf 62' lang='lat' dir='ltr'>in.»</span> 
     </span>
     <span class='ocr_line' id='line_1_122' title="bbox 1262 3728 2050 3786; baseline -0.003 -12"><span class='ocrx_word' id='word_1_754' title='bbox 1262 3732 1432 3775; x_wconf 88' lang='lat' dir='ltr'>eundem</span> <span class='ocrx_word' id='word_1_755' title='bbox 1451 3728 1654 3786; x_wconf 83' lang='lat' dir='ltr'>quisquam</span> <span class='ocrx_word' id='word_1_756' title='bbox 1666 3728 1766 3773; x_wconf 72' lang='lat' dir='ltr'>alius</span> <span class='ocrx_word' id='word_1_757' title='bbox 1781 3728 2024 3784; x_wconf 78' lang='lat' dir='ltr'>ingrediatur</span> <span class='ocrx_word' id='word_1_758' title='bbox 2034 3757 2050 3772; x_wconf 81' lang='grc'><strong>.</strong></span> 
     </span>
    </p>
   </div>
   <div class='ocr_carea' id='block_1_9' title="bbox 1701 3780 2151 3833">
    <p class='ocr_par' dir='ltr' id='par_1_17' title="bbox 1701 3780 2151 3833">
     <span class='ocr_line' id='line_1_123' title="bbox 1701 3780 2151 3833; baseline -0.016 -4"><span class='ocrx_word' id='word_1_759' title='bbox 1701 3788 1768 3829; x_wconf 88' lang='lat' dir='ltr'>Tt</span> <span class='ocrx_word' id='word_1_760' title='bbox 1801 3803 1826 3833; x_wconf 78' lang='lat'>2</span> <span class='ocrx_word' id='word_1_761' title='bbox 2091 3780 2151 3823; x_wconf 85' lang='lat' dir='ltr'>Ad</span> 
     </span>
    </p>
   </div>
  </div>
 </body>
</html>
