2444 4192
943 146 1103 235 Sub
1168 146 1244 235 S.

330 173 496 257 272

1312 145 1453 232 Pio
1521 146 1622 236 V·

279 310 348 360 Vi
382 302 530 353 Bulla
572 304 806 356 Cmciatae
856 305 883 354 ὲ
931 307 1237 378 Regularibus
1295 306 1444 351 eisdem
1458 316 1594 353 tamen
1609 305 1824 354 Praelatis3
1850 308 1897 344 ut
1916 294 2044 344 i'n'usu
2060 296 2177 356 hujus
2195 310 2268 351 po-

348 371 686 426 Confefl'arium
716 412 734 434 ,
770 377 850 444 qui
880 393 957 427 eos
1001 380 1027 426 a
1065 377 1238 430 casibus

346 442 590 496 reservatis
602 445 810 497 absolvat
826 484 841 505 ,
864 449 973 518 eligi
988 466 1079 498 non
1105 449 1243 518 posse,

350 514 404 568 ἃ
431 513 738 585 superioribus
772 517 966 568 Ordinis
999 517 1091 570 ἃς.
1138 539 1241 570 ean·

348 585 457 667 dem
476 586 628 652 quoad
645 585 750 665 suos
765 586 988 647 subditos,
1000 607 1099 656 quae
1115 589 1243 658 Epis-

347 656 1241 788 stssszzpeffissiaeffsaesfz-*fi

345 809 449 846 tum
494 758 778 862 dispeiisandi
816 795 863 844 in
892 748 1242 867 irregularitati:

343 864 430 915 bus
447 862 716 915 facultatem
732 879 996 934 competere
1023 867 1242 920 declarat.

377 995 634 1051 Plus
707 996 995 1046 PAPA
1066 1001 1131 1048 V.

418 1122 489 1168 Aa
504 1133 743 1181 perpetuam
764 1127 827 1168 ret·
854 1128 1081 1169 memor-Iam
1095 1154 1109 1167 .

393 1242 544 1309 Omani
575 1239 784 1286 pontificis
811 1243 1099 1301 circumspeeia
1128 1242 1243 1287 beni-

423 1312 555 1358 gnitas
574 1301 750 1344 honestis
764 1304 990 1358 petentium
1009 1306 1136 1354 votis,
1156 1316 1242 1358 quae

272 1360 538 1416 personarum
566 1359 635 1402 sub
666 1361 892 1420 Religionis
914 1362 1012 1418 jugo
1039 1360 1244 1405 Altiffimo

275 1414 566 1483 famulantium
609 1418 753 1462 flatum
778 1452 793 1475 ,
830 1422 872 1463 δι
908 1420 1108 1464 salubrem
1134 1422 1243 1464 dire-

277 1479 457 1541 ctionem
484 1477 700 1531 respiciunt
721 1506 736 1529 ‚
783 1482 834 1525 ad
865 1479 1131 1524 exauditionis
1156 1494 1243 1536 gra-

280 1546 381 1575 tiam
410 1533 586 1577 libenter
600 1536 783 1580 admittit
807 1567 823 1591 ,
846 1540 887 1579 δι
913 1537 1122 1581 favoribus
1145 1552 1243 1594 pro-

278 1592 455 1658 sequitur
474 1595 743 1648 opportunis.
770 1597 930 1652 Exponi
960 1595 1091 1638 Nobis
1117 1609 1244 1651 nuper

278 1648 378 1693 fecit
392 1650 566 1694 dilectus
583 1651 702 1693 Filius
716 1654 835 1696 Prior
859 1654 1127 1698 Provincialis
1142 1656 1245 1699 Pro·

279 1710 422 1752 vinciae
436 1709 635 1766 Hispania
652 1710 824 1755 Ordinis
850 1715 1037 1756 Fratrum
1052 1713 1249 1759 Praedica·

278 1779 423 1813 torum
434 1795 451 1819 ,
465 1769 575 1837 quod
590 1797 606 1821 ,
618 1784 713 1814 cum
738 1771 779 1814 in
793 1771 908 1815 Bulla
921 1774 1129 1817 Cruciatae
1152 1775 1249 1816 San·

279 1830 350 1870 ἂι
367 1855 384 1879 ,
406 1828 551 1871 &alus
562 1827 811 1894 privilegiis,
835 1845 923 1886 quae
947 1831 999 1873 ab
1015 1828 1249 1890 Apostolicd

280 1886 388 1954 Sede
400 1882 572 1929 concedi
591 1883 723 1930 solent
737 1916 755 1939 ‚
771 1888 892 1932 detur
915 1886 1088 1934 facultas
1099 1891 1251 1947 eligen-

282 1945 326 1989 di
342 1942 629 1989 Confefforem
645 1943 839 1992 idoneum
860 1947 912 1990 ab
937 1948 1162 1994 Ordinatio
1181 1964 1252 2003 ap·

281 2002 531 2061 probatum,
556 2003 627 2057 qui
648 2002 768 2058 poss'it
793 2004 1254 2050 christifideles'absol-

278 2076 374 2127 vere
398 2063 422 2104 a
450 2059 606 2102 salibus
627 2060 677 2102 ab
707 2060 937 2104 Ordinario
957 2062 1200 2114 reservatis,
1216 2064 1257 2106 δι

284 2114 523 2177 quibusdam
535 2119 656 2185 etiam
673 2146 690 2171 ,
701 2132 790 2176 quae
812 2120 1008 2177 predicta
1020 2123 1115 2168 sedi
1128 2120 1257 2168 reser-

280 2188 376 2222 vata
394 2176 500 2230 sunt,
515 2177 709 2234 Religion
728 2178 822 2222 dini
836 2179 1024 2236 Ordinis,
1034 2182 1099 2225 scu
1112 2195 1257 2227 eorum

282 2236 472 2282 nonnulli
505 2237 629 2279 etism
657 2237 720 2280 his
745 2236 1008 2283 facultatibus
1031 2242 1092 2285 uti
1116 2238 1258 2299 praesu·

280 2306 403 2341 munt
422 2322 438 2347 ,
454 2295 670 2338 &illarum
687 2306 891 2352 pretextu
913 2297 1070 2357 eligunt
1083 2296 1256 2346 Confes-

285 2356 419 2401 sorem
439 2353 621 2412 aliquem
636 2365 782 2410 preter
798 2371 867 2401 eos
880 2384 897 2409 ,
921 2359 990 2416 qui
1014 2361 1039 2404 a
1061 2358 1137 2403 suis
1155 2360 1259 2403 Ρη-

287 2417 383 2462 latis
417 2427 496 2470 pro
525 2413 742 2458 audiendis
776 2430 915 2461 eorum
947 2415 1258 2462 conseffionibus

285 2473 473 2532 deputati
505 2469 622 2539 sunt,
644 2473 758 2530 quod
787 2474 1013 2534 aliquando
1029 2478 1069 2521 in
1085 2475 1258 2535 speciale

288 2545 430 2579 eorum
447 2541 581 2586 vergat
597 2531 924 2579 detrimentum.

407 2590 553 2655 Qua-re
569 2590 779 2657 prcdissus
795 2593 913 2637 Prior
941 2593 1075 2638 Nobis
1096 2594 1256 2639 humili·

290 2661 355 2693 ter
378 2645 596 2705 supplicari
628 2647 751 2703 fecit,
774 2661 973 2708 quatenus
1001 2652 1040 2697 in
1057 2651 1258 2710 premiffis

291 2703 528 2768 opportune
553 2706 770 2764 providere
792 2708 844 2753 de
862 2710 1111 2767 benignitate
1144 2714 1256 2769 Αρο·
1281 2710 1287 2715 ”

296 2764 441 2813 nolicl
453 2763 717 2821 dignaremur
732 2795 745 2808 .
772 2770 860 2812 Nos
885 2766 1011 2826 igitur
1032 2769 1259 2824 hujusmodi

296 2827 465 2871 obviare
479 2823 660 2868 volentes
670 2854 686 2877 ,
697 2839 744 2868 ac
755 2826 926 2871 eundem
941 2828 1123 2874 Priorem
1136 2829 1157 2872 s
1171 2829 1261 2887 qui-

296 2883 434 2932 busvis
446 2883 875 2930 excommunicationis
887 2889 965 2932 ὰς.
981 2889 1020 2931 &
1034 2887 1259 2932 absolutum

299 2939 629 3014 sorevccnsentes
656 2970 672 2996 ,
695 2941 929 3002 hujusmodi
954 2945 1259 3005 supplicationi·

298 3004 374 3049 bns
399 3001 610 3052 inclinati,
637 2999 760 3045 talem
776 3003 1064 3051 cmccssionem
1091 3007 1258 3053 Crucia.

301 3075 350 3108 ιε
368 3062 522 3131 §anel-
534 3089 550 3115 ,
562 3061 604 3104 δι
616 3060 791 3105 aliorum
807 3062 1062 3109 indultorum
1082 3069 1262 3123 particu-

304 3123 482 3174 larium,
494 3120 703 3223 ggzntt'sm
727 3120 778 3165 ad
801 3122 1034 3180 predictum
1047 3125 1266 3172 articulum

302 3177 477 3239 eligendi
595 3176 775 3224 sefforem
787 3208 802 3232 ‚
830 3183 872 3226 δι
884 3181 1122 3230 absolvendi
1136 3188 1158 3231 s
1170 3184 1269 3230 caii-

304 3241 379 3284 bus
400 3236 608 3283 reservans
625 3266 643 3293 ,
658 3253 751 3283 cum
780 3242 991 3287 Fratribus
1005 3269 1020 3294 ‚
1045 3245 1086 3288 δι
1111 3244 1271 3292 Sorori-

302 3299 376 3342 bus
393 3327 408 3351 ,
438 3296 688 3343 monialibus
712 3300 841 3344 totius
866 3300 1035 3346 Ordinis
1063 3304 1270 3361 predicti,

307 3369 391 3402 tam
408 3356 631 3401 Provincia
655 3356 855 3416 Hispania
871 3358 1129 3419 huiusmodi,
1150 3361 1269 3421 quim

308 3427 421 3459 extra
446 3430 548 3484 eam·
563 3415 733 3462 ubilibet
749 3418 884 3464 locum
902 3420 1063 3464 minime
1093 3423 1241 3467 habere
1256 3449 1272 3474 ,

307 3489 381 3519 nec
397 3475 573 3541 censeri,
589 3473 655 3520 sed
670 3475 810 3523 nostra
832 3479 1064 3524 intentionis
1077 3482 1241 3526 existere
1255 3506 1271 3530 ‚

307 3532 421 3594 quod
435 3532 555 3575 nudem
566 3536 733 3603 fratres
746 3538 817 3593 ,sc
837 3537 1098 3585 Monialesad
1125 3543 1270 3586 Sacra·

307 3591 434 3638 mensi
463 3590 741 3649 Poemtentioe,
769 3596 832 3641 {eu
857 3596 1124 3645 Conseliionis
1142 3598 1270 3644 admi-

305 3650 579 3718 nistrationem
601 3676 616 3699 2
648 3652 893 3710 dispolitioni
931 3654 1090 3705 suorum
1124 3657 1270 3703 Proels·

306 3721 449 3757 torum
466 3706 632 3766 subjefli
649 3709 721 3754 (int
735 3738 749 3762 ‚
767 3714 1004 3771 Apostolica
1025 3719 1269 3764 auctoritate

304 3781 450 3818 tenore
481 3766 736 3828 mnrium
762 3776 960 3831 perpetuo
991 3775 1270 3830 declaramus,

1297 367 1517 416 testatis,se
1531 382 1623 410 cum
1642 363 1809 409 subditis
1837 360 2048 413 benignos,
2068 358 2110 398 ἃ.
2132 354 2270 398 faciles

1304 427 1520 470 exhibeant
1533 424 1835 482 ,praecipientes
1863 419 1903 459 δι
1917 416 2156 458 mandantes
2167 443 2180 456 .

1419 488 1476 529 Et
1502 485 1659 540 insuper
1689 509 1703 532 ,
1728 480 1821 534 quia
1849 477 2004 517 sacrum
2031 471 2270 514 Oecumeni.

1302 559 1394 588 cum
1406 543 1606 588 Generale
1624 536 1908 581 Tridentinum
1917 529 2153 574 Concilium
2171 542 2270 571 con-

1302 604 1412 647 ceffit
1427 600 1634 657 Episcopis
1647 625 1660 648 ,
1675 606 1717 637 ut
1732 591 1939 635 absolvere
1951 587 2100 644 poffint
2114 587 2155 630 in
2177 587 2269 628 soro

1302 664 1440 705 animae
1459 689 1472 711 ,
1492 658 1559 701 seu
1574 652 1826 698 conscientiae
1849 649 1897 690 ab
1912 648 2106 691 omnibus
2120 658 2270 703 pecca-

1303 723 1355 764 tis
1369 747 1383 769 ,
1398 723 1436 761 δι
1457 714 1679 772 dispensare
1697 712 1737 753 in
1755 706 2128 764 irregularitatibus
2139 731 2155 754 ‚
2170 717 2269 760 pro-

1302 790 1348 822 ut
1373 775 1545 821 Seffione
1573 786 1642 824 24·
1675 769 1818 825 cap.6.
1842 768 2014 810 habetur
2035 795 2052 818 ,
2080 778 2131 807 ne
2154 762 2272 808 Prior

1303 831 1599 881 conventualis
1621 856 1636 878 ‚
1671 829 1709 869 &
1732 826 1954 884 superiores
1982 822 2146 867 Praelati
2171 819 2269 866 dieti

1302 897 1428 939 totius
1446 889 1614 934 Ordinis
1630 898 1715 928 tarn
1733 888 1772 928 in
1788 882 1894 928 dieta
1909 878 2269 938 Provincia‘i2qufim

1302 964 1417 997 extra
1440 963 1530 993 eam
1560 946 1732 990 ubilibet
1749 945 1788 987 in
1812 946 1887 987 hac
1911 952 2028 999 parte
2053 938 2269 984 deterioris

1300 1007 1548 1054 conditionis
1561 1035 1576 1058 ,
1600 1004 1718 1061 quim
1746 1000 1900 1047 Clerici
1927 1029 1941 1053 ‚
1966 1010 2036 1043 aut
2065 998 2272 1042 saculares

1300 1068 1472 1113 existant
1482 1093 1497 1114 ,
1510 1063 1660 1108 eisdem
1675 1062 1806 1106 Priori
1822 1056 2107 1104 Conventuali
2122 1085 2137 1109 ,
2151 1057 2191 1098 &
2208 1054 2271 1097 su-

1303 1125 1526 1186 perioribus
1545 1121 1720 1191 Praelatis
1730 1148 1746 1171 ,
1762 1130 1805 1163 ut
1823 1121 1892 1175 ipss
1903 1132 1975 1174 per
1988 1116 2025 1160 se
2037 1116 2144 1186 ipsos
2162 1113 2272 1181 idem

1301 1199 1471 1290 3333?ss
1482 1182 1748 1286 issifisssiiitfis‘
1751 1172 2273 1295 3‘222’d&p{⁴1‘1'3;}¹{2÷³f¹531

1304 1305 1344 1362 pi
1363 1305 1403 1346 in
1426 1302 1613 1345 Clericos
1628 1297 1832 1351 ‚Belaicos
1847 1296 1917 1338 fibi
1942 1293 2131 1347 subiefitos
2145 1324 2161 1345 ,
2187 1301 2275 1333 tam

1303 1361 1436 1421 quoad
1451 1359 1687 1403 absolvendi
1702 1383 1717 1406 a
1729 1359 1769 1399 δι
1782 1352 2034 1411 dispensandi
2062 1351 2275 1407 hujusmo-

1303 1424 1373 1469 di,
1388 1421 1510 1476 quim
1524 1419 1623 1461 alias
1639 1415 1906 1474 quascumque
1937 1411 2148 1456 facultates
2162 1436 2177 1459 2
2196 1406 2275 1451 eis·-

1303 1482 1395 1525 dem
1413 1477 1658 1520 auctoritate
1673 1504 1686 1526 ,
1699 1476 1740 1516 δι
1750 1483 1891 1515 tenore
1904 1469 2157 1526 praesentium
2175 1482 2273 1524 per-

1304 1539 1429 1598 petuo
1443 1534 1725 1585 concedimus,
1736 1533 1775 1574 &
1793 1530 2047 1587 indulgemus
2061 1557 2076 1582 ,
2089 1544 2136 1573 ac
2150 1527 2278 1571 etiam

1303 1597 1555 1644 declaramus
1570 1624 1581 1637 .
1593 1593 1868 1638 Decernentes
1882 1589 2091 1647 praelentes
2106 1589 2275 1632 litteras

1310 1658 1512 1715 perpetuo
1531 1653 1707 1706 durare,
1729 1653 1770 1694 δι
1786 1650 1923 1694 valere
1935 1676 1950 1700 ,
1975 1650 2017 1691 &
2031 1648 2098 1692 sub
2113 1643 2279 1705 quibus·

1311 1719 1369 1761 vis
1394 1715 1559 1759 illarum
1581 1710 1882 1759 moliminum,
1913 1706 1977 1751 vel
2002 1705 2277 1754 (immistum,

1310 1774 1618 1824 conceffionum,
1631 1770 1974 1827 indulgentiarum
1992 1765 2277 1824 &gratiarum

1310 1832 1637 1880 revocationibus
1652 1857 1667 1880 2
1693 1826 2009 1886 suspensionibus
2024 1854 2040 1878 ,
2068 1821 2280 1868 alteratio·

1312 1894 1428 1939 nibus
1444 1919 1459 1942 ,
1472 1888 1808 1946 derogationibus
1820 1912 1836 1935 ‚
1857 1885 1923 1928 vel
1947 1884 2036 1926 aliis
2060 1879 2281 1926 contrariis

1313 1949 1630 2007 dispositionibus
1644 1975 1659 1998 ,
1671 1946 1795 1988 etiam
1810 1957 1882 1999 per
1898 1945 2002 1993 Nos,
2019 1942 2058 1983 &
2074 1936 2283 1986 Successo-

1316 2023 1377 2053 res
1390 2007 1546 2051 nostros
1569 2007 1777 2048 Romanos
1799 1997 2021 2045 Pontifices
2037 2027 2053 2053 ,
2079 2012 2156 2056 pro
2177 2006 2285 2042 tem·

1316 2082 1415 2127 pore
1440 2066 1677 2114 existentes,
1704 2070 1777 2107 aut
1802 2059 1948 2107 Sedem
1972 2058 2251 2116 Apostolicam
2266 2084 2285 2109 ,

1316 2128 1441 2173 etiam
1455 2140 1506 2169 ex
1518 2124 1664 2182 quavis
1677 2123 1792 2166 causa
1805 2147 1820 2171 ,
1837 2130 1907 2163 aut
1929 2118 2029 2164 alias
2054 2116 2287 2176 quomodo·

1320 2186 1417 2230 libet
1444 2181 1674 2233 canonice,
1698 2180 1765 2223 vel
1792 2179 1844 2222 de
1868 2176 2005 2230 facte,
2026 2189 2133 2220 nunc
2147 2178 2185 2219 &
2206 2188 2284 2232 pro

1318 2254 1501 2301 tempore
1514 2239 1623 2283 saetis
1638 2241 1676 2283 δι
1690 2235 1901 2290 faciendis,
1911 2235 2153 2281 nullatenus
2166 2248 2284 2278 com-

1319 2299 1532 2361 prehensas
1545 2329 1562 2352 ,
1578 2297 1646 2342 sed
1665 2298 1823 2354 semper
1838 2293 1986 2339 abillis
2010 2304 2197 2352 exceptas
2212 2320 2226 2344 ,
2242 2295 2284 2336 δε

1318 2360 1479 2421 quoties
1513 2358 1592 2403 illae
1628 2355 1874 2400 emansbunt
1887 2381 1904 2408 ,
1927 2353 2050 2397 toties
2083 2354 2123 2396 in
2151 2353 2281 2410 pristi-

1319 2436 1412 2467 num
1427 2449 1444 2473 ,
1466 2419 1506 2463 δι
1522 2414 1809 2463 validiffirnum
1824 2412 1967 2457 statum
1982 2412 2209 2465 restitutas,
2243 2413 2286 2454 δι

1317 2480 1370 2525 de
1384 2491 1494 2523 novo
1516 2472 1717 2519 concessas
1731 2473 1900 2519 existere
1912 2502 1929 2525 ,
1945 2473 1986 2516 δι
1998 2470 2087 2516 fore
2098 2498 2114 2523 2
2127 2486 2175 2516 ac
2187 2484 2288 2514 ceu-

1319 2539 1394 2584 seri
1406 2565 1422 2588 ‚
1438 2538 1479 2578 8ι
1492 2533 1695 2590 suffragari
1712 2533 1889 2578 debere:
1915 2532 2079 2575 irritum
2105 2543 2288 2589 quoquc,

1319 2597 1491 2641 &inane
1505 2619 1520 2643 ‚
1538 2591 1565 2635 fi
1587 2592 1699 2635 secus
1713 2590 1831 2649 super
1860 2590 1923 2633 his
1936 2590 1958 2632 ὲ
1970 2603 2175 2646 quoquam
2189 2603 2288 2646 qua-

1321 2657 1381 2700 vis
1395 2651 1636 2699 auctoritate
1651 2649 1823 2696 scienter
1838 2647 1927 2701 ,vel
1945 2648 2179 2704 ignoranter
2190 2661 2291 2692 con-

1320 2713 1460 2773 tigerit
1475 2710 1698 2755 attentari.
1715 2712 1812 2754 Non
1836 2706 2087 2751 obstantibus
2114 2705 2289 2763 premis-

1323 2774 1431 2824 fls,&
1445 2769 1648 2827 quibusvis
1662 2766 1975 2821 Apostolicis,ac
1991 2765 2032 2808 iu
2050 2762 2288 2809 universali-

1322 2836 1395 2878 bus
1411 2858 1426 2882 ,
1442 2827 1762 2873 Provincialibus
1774 2856 1791 2879 ,
1809 2827 1850 2868 δι
1870 2824 2143 2881 synodalibus
2172 2826 2289 2869 Con-

1319 2892 1423 2936 ciliis
1444 2887 1563 2933 editis
1577 2886 1812 2945 specialibus
1824 2911 1839 2936 ,
1855 2883 1920 2928 vel
1938 2884 2195 2942 generalibus
2209 2884 2287 2926 &c-

1320 2966 1390 3009 ρει·
1404 2946 1804 3004 literasApostolicas
1819 2957 1899 2989 non
1917 2941 2114 2990 facientes
2130 2941 2288 3002 plenam

1320 3012 1361 3055 &
1390 3004 1609 3064 expressam
1626 3035 1640 3059 ‚
1666 3020 1712 3050 ac
1741 3005 1794 3049 de
1823 3004 1951 3048 verbo
1975 3005 2026 3050 ad
2056 3005 2223 3049 verbum
2237 3002 2289 3047 de

1329 3069 1487 3115 indulto
1505 3064 1733 3124 hujusmodi
1759 3062 2007 3108 mentionem
2021 3093 2033 3107 .

1445 3127 1595 3170 Datum
1612 3126 1754 3169 Rome
1780 3120 1882 3180 apud
1896 3121 2085 3167 sanetum
2117 3122 2288 3164 Petrum

1332 3188 1401 3232 sub
1420 3184 1587 3230 Annulo
1602 3181 1817 3229 piscatoris
1830 3179 1896 3225 die
1909 3178 2100 3238 xxx-Julii
2111 3192 2291 3224 mntxxi.

1334 3242 1604 3294 Pontifiestsss
1628 3241 1749 3287 nostri
1762 3241 1882 3286 Anno
1895 3242 2020 3285 Sexto
2032 3267 2044 3281 .

1391 3364 1616 3421 Redi-lquor
1629 3362 1672 3404 ln
1686 3354 1928 3418 cellen-fil.
1944 3367 1996 3412 42
2001 3369 2021 3413 3
2030 3384 2040 3398 ·
2061 3356 2235 3416 Confite-
2248 3359 2293 3401 ln

1451 3423 1550 3470 con.
1560 3419 1739 3483 siit-226.

2094 3830 2229 3883 Regu·
