2444 4192
843 216 1004 298 Sub
1065 215 1446 303 Clemente
1503 166 1596 301 X
1621 218 1673 300 I.

274 377 342 424 sub
368 375 558 428 praetextu
588 365 896 423 Privilegiorum
921 393 935 416 ,
971 381 1057 420 quae
1092 372 1180 427 ipfi,
1206 375 1230 418 ὲ

270 433 409 481 Sanssa
436 429 540 472 Sede
569 427 726 470 indulta
751 424 983 475 noscuntur,
1003 440 1074 480 per
1099 430 1229 484 hujuss

269 489 379 536 modi
404 487 708 541 Privilegiorum
734 483 1017 526 dilatationem
1031 509 1046 533 ,
1065 486 1131 528 seu
1152 501 1222 540 po-

268 552 346 593 tius
358 543 551 589 exceffum
566 574 580 596 ,
594 546 633 587 δι
646 541 805 585 abufiim
823 541 861 583 in
879 540 1079 584 nonnullis
1101 546 1219 586 Dioe-

270 606 451 655 cesibus,
482 602 697 660 prasertim
715 599 842 656 Regni
858 597 1144 654 Neapolitani,
1171 614 1218 642 ac

267 669 309 709 in
337 664 416 722 ipsa
434 663 626 719 Neapolis
658 659 864 709 civitate,
887 671 933 700 ea
946 655 1016 697 fibi
1035 655 1217 701 licere-s

269 733 414 782 putant
428 750 442 773 ,
465 735 549 778 quae
559 717 739 779 permiffa
759 730 839 760 non
867 714 982 763 sunt,
997 714 1220 769 quinimmo

264 781 473 839 prohibita
498 794 514 835 3
538 778 740 836 Siquidem
761 772 941 820 nonnulli
959 767 1161 829 Episcopi,
1178 787 1221 814 e·

266 844 366 884 tiam
395 842 436 881 in
457 838 583 881 aliena
603 835 772 880 Dioecefi
786 865 803 887 ,
827 834 991 876 &extra
1012 832 1216 875 Domum,

264 891 971 1011 &53:2332h23333¹³f32352³t⁰ffit³155³5
990 890 1220 1006 &5:332‘33

266 1029 389 1059 unum
403 1041 417 1065 ,
431 1021 500 1056 aut
513 1013 652 1070 plures
665 1024 715 1053 ex
734 1009 809 1054 suis
834 1007 1072 1065 Capellanis
1094 1005 1220 1050 vivifi.

264 1089 352 1119 cam
367 1071 513 1116 Christi
540 1067 969 1120 Hostiamimmolare3
993 1064 1215 1123 Regulares

263 1133 366 1176 vero
380 1132 418 1175 in
434 1129 665 1186 quibusdam
679 1130 913 1185 Magnatum
926 1152 942 1176 ,
954 1126 1021 1170 seu
1044 1125 1214 1168 aliarum

263 1190 479 1233 Nobilium
510 1186 768 1231 Personarum
792 1184 958 1242 privatis
984 1183 1188 1228 Oratoriis
1205 1210 1221 1235 ,

262 1259 348 1304 quae
365 1247 487 1289 certis
501 1242 742 1301 quandoque
764 1257 814 1286 ex
828 1243 950 1286 caulis
971 1243 997 1287 ὲ
1020 1246 1060 1286 S·
1074 1242 1219 1287 Sedea

262 1302 502 1360 Apostolica
525 1301 694 1342 concedi
724 1300 854 1343 solent
876 1327 894 1348 ,
919 1299 1219 1342 celebrare-au-

263 1363 362 1408 dent
377 1386 393 1410 ,
405 1359 472 1403 vel
488 1358 624 1415 plures
641 1355 769 1401 Miffas
784 1384 798 1406 ,
816 1357 938 1412 quam
953 1356 992 1398 in
1007 1356 1097 1412 ipfis
1110 1356 1218 1399 cele-

262 1422 377 1464 brare
389 1418 438 1463 fit
466 1415 695 1466 indultum,
722 1414 786 1459 vel
807 1414 953 1471 absque
982 1413 1217 1469 praesentia-.-

262 1477 534 1524 Personarum
545 1503 560 1526 ,
583 1483 753 1531 quarum
763 1471 1113 1528 contemplatione
1127 1485 1220 1528 gra·

265 1536 368 1582 tiosa
380 1531 576 1579 coneeffio
598 1533 821 1582 emanavit,
842 1531 907 1574 vel
931 1540 1046 1574 extra
1065 1530 1220 1574 debitas

265 1600 386 1640 horas
400 1623 416 1649 ,
429 1595 468 1637 &
482 1591 569 1648 post
583 1591 790 1635 meridiem
800 1617 816 1642 ,
828 1590 893 1634 vel
907 1587 986 1632 illis
998 1589 1120 1632 etiam
1132 1588 1221 1631 die·

267 1659 342 1699 bus
369 1681 385 1706 ,
407 1651 551 1710 quibus
578 1665 650 1708 per
676 1648 990 1694 Constitutiones
1013 1645 1223 1692 Dioeeefia-

266 1726 338 1759 nas
350 1741 365 1764 ,
377 1720 447 1754 aut
460 1710 583 1752 etiam
597 1722 670 1765 per
687 1711 866 1751 Decreta
878 1709 1005 1750 Sacrae
1029 1710 1223 1762 Congre-

267 1769 440 1830 gationis
453 1766 628 1811 Concilii
642 1765 843 1810 celebrari
858 1764 1099 1821 prohibetur
1110 1792 1125 1816 ,
1150 1771 1222 1806 aut

267 1843 356 1888 quae
376 1828 420 1870 in
448 1824 621 1883 ipfismet
649 1825 822 1869 Indultis
847 1821 1087 1880 Apostolicis
1110 1822 1222 1865 exci-

268 1889 433 1946 piuntur
445 1910 465 1938 ,
491 1885 707 1941 quominus
737 1883 839 1927 iniis
853 1882 1054 1926 celebrari
1076 1881 1192 1938 poffit
1206 1909 1223 1932 ‚

268 1945 474 1990 autetiam
493 1942 627 1986 Altari
650 1943 831 1999 portatili
846 1942 904 1984 uti
916 1954 996 1984 non
1009 1948 1224 1991 verentur,

270 2007 314 2049 in
329 2005 549 2047 sanCtarum
573 2003 820 2045 sanctionum
837 2008 1150 2056 contemptum,
1178 2011 1224 2041 ac

271 2062 403 2109 Sancti
416 2058 608 2106 Sacrificii
619 2059 944 2104 irreverentiam.

385 2119 669 2178 Quamobrem
688 2118 740 2162 ad
753 2116 890 2160 abusus
917 2113 1140 2172 hujusmodi
1154 2113 1231 2156 eli-

271 2179 480 2227 minandos
513 2204 528 2228 ,
550 2179 591 2220 δι
611 2178 663 2221 ad
689 2173 980 2220 instaurandam
1008 2173 1230 2217 veneratio·

272 2253 363 2288 nem
376 2236 595 2280 tremendo
620 2235 844 2280 Minister-io
856 2233 1038 2275 debitam
1053 2256 1068 2282 ,
1085 2230 1229 2275 idem.-

274 2293 540 2344 Saneiiffimus
576 2294 777 2337 Dominus
804 2292 949 2335 Noster
974 2304 1024 2333 ex
1049 2290 1229 2333 unanimi

265 2366 374 2401 vvoto
400 2355 516 2398 s.R.
534 2354 587 2395 E.
615 2351 895 2396 Cardinalium
932 2349 1111 2392 Concilii
1140 2348 1228 2391 Tri.

272 2413 428 2459 dentini
455 2414 757 2468 Interpretum,
782 2408 1020 2452 inhaerendo
1042 2407 1231 2451 declara-

272 2472 447 2518 tionibus
465 2470 564 2514 alias
579 2470 652 2512 hac
672 2469 724 2512 de
739 2482 782 2510 re
799 2466 919 2511 editis
931 2496 944 2519 ,
961 2465 1143 2520 expresse
1156 2466 1231 2508 de-

273 2532 402 2577 clarat
415 2557 430 2582 ,
452 2527 661 2584 Episcopis
676 2556 691 2579 ‚
702 2529 743 2570 &
757 2527 816 2568 his
847 2525 1071 2582 Maioribus
1088 2524 1233 2567 Praela-

271 2591 324 2635 tis
337 2618 352 2645 ,
361 2585 511 2633 etiamn
527 2584 809 2629 cardinalatus
822 2584 1021 2639 dignitate
1034 2583 1229 2640 fulgenti-

269 2649 375 2700 bua‘,
398 2644 530 2702 neque
548 2643 620 2687 sub
642 2652 838 2700 pretextu
867 2642 1076 2709 Privilegii
1108 2640 1230 2685 clausi

272 2717 408 2808 2¹³1:ss
410 2705 695 2810 ffiio'ssssdz
714 2715 847 2803 ῗῗεῖῗὲ
870 2700 1230 2803 ἒὲῧῗέοᾛῖ

302 2819 444 2878 ropriae
457 2816 713 2862 habitationis
725 2815 964 2860 indomibus
977 2816 1230 2868 laieis,etiam

273 2894 318 2924 in
332 2877 498 2938 propria
520 2873 696 2919 Dioeeefi
712 2903 728 2927 ‚
749 2874 862 2932 quod
877 2872 1022 2918 fortius
1036 2873 1232 2930 intelligi-

1289 388 1369 417 non
1396 374 1517 416 licere
1547 371 1814 426 Regularibus
1850 370 2021 425 cujusvis
2045 380 2234 431 Ordinis,

1287 440 1355 473 aut
1371 430 1543 471 instituti
1557 457 1572 479 ,
1585 429 1647 470 seu
1662 430 1995 482 Congregationis
2007 457 2022 479 ,
2035 436 2152 477 etiam
2167 442 2238 478 So.

1281 486 1592 592 ξέῗῗέῗιῑέἓῖῗέ,
1609 489 2237 602 2²:523¹}.‘¹}5;¹3:f§⁰1322²:3s3;:

1279 600 1443 648 mitani,
1458 610 1525 642 aut
1551 599 1637 640 aliis
1661 601 1974 658 quibuscumque
2001 605 2234 646 Sacerdoti-

1277 660 1352 701 bus
1367 688 1383 709 ,
1395 658 1543 700 etiamfi
1559 657 1680 700 effent
1697 661 1910 715 Episcopi,
1937 661 1976 702 in
1992 661 2037 702 iis
2053 661 2237 704 celebra-

1279 717 1377 759 rein
1390 716 1529 760 diebus
1558 718 1759 759 Paschatis
1771 718 2020 761 Sanetissimae
2046 720 2238 762 Resurre-

1278 775 1419 817 &ionis
1448 803 1462 826 ,
1489 775 1744 817 Pentecostes
1770 802 1785 824 ,
1810 777 2044 820 Nativitatis
2074 779 2239 821 Domini

1278 832 1415 877 Nostri
1434 833 1524 889 Jesu
1552 833 1726 885 Christi,
1751 834 1912 891 aliisque
1934 836 2025 877 anni
2050 832 2150 879 festis
2175 837 2238 886 so-⁴

1277 891 1534 935 lemnioribus
1546 920 1563 942 ,
1578 905 1623 934 ac
1637 892 1780 935 diebus
1800 893 1839 935 in
1864 894 2029 939 Indulto
2046 896 2241 950 exceptis.

1279 954 1330 995 In
1343 949 1507 1006 reliquis
1531 950 1634 994 veri>
1647 950 1788 993 diebus
1810 952 2004 1007 praediffis
2024 954 2240 1009 Regulari-

1278 1011 1351 1053 bus
1367 1036 1382 1059 ,
1396 1009 1460 1051 stu
1477 1006 1761 1052 Sacerdotibus
1774 1009 2082 1067 quibuscumque
2093 1034 2107 1054 ι
2118 1014 2240 1054 etiam

1271 1068 1505 1126 Episcopis,
1525 1068 1565 1110 in
1579 1066 1750 1123 praesatis
1771 1070 1968 1112 Orator-iis
1989 1069 2235 1115 celebrare...-

1270 1142 1352 1172 non
1366 1126 1514 1179 licere,
1527 1127 1593 1170 ubi
1609 1128 1731 1169 etiam
1745 1127 1862 1169 unica
1889 1126 2000 1172 Miss‘a
2016 1158 2031 1180 ,
2045 1143 2131 1184 quae
2161 1128 2240 1171 in...

1278 1185 1446 1230 Indulto
1459 1184 1698 1230 conceditur
1709 1213 1724 1235 ,
1738 1185 1943 1229 celebrata
1959 1185 2079 1230 fuerit
2091 1215 2106 1239 ,
2124 1186 2239 1241 super

1279 1259 1360 1302 quo
1371 1243 1648 1289 celebraturus
1662 1253 1847 1287 teneatur
1870 1245 2089 1302 diligenter
2113 1245 2243 1300 inqui.

1278 1317 1368 1346 rere
1381 1328 1396 1350 ,
1407 1303 1449 1344 δι
1462 1303 1512 1345 de
1526 1318 1579 1347 eo
1598 1305 1637 1346 se
1654 1303 1811 1358 optime
1836 1304 2052 1348 informare
2065 1317 2081 1358 3
2108 1307 2244 1360 Atque

1278 1359 1349 1402 illa
1372 1358 1493 1402 etiam
1518 1362 1559 1403 in
1573 1361 1726 1403 cafibus
1748 1362 1940 1416 permistis
1963 1363 2161 1405 celebrari
2177 1374 2247 1403 ne·

1277 1425 1400 1475 queat
1414 1416 1502 1472 post
1517 1419 1729 1461 meridiem
1748 1444 1764 1467 ‚
1782 1418 2064 1462 demandando
2082 1427 2249 1474 propte-

1279 1489 1345 1519 rea
1357 1474 1528 1518 ulterius
1541 1502 1555 1524 ,
1581 1491 1628 1519 ac
1641 1475 1892 1519 declarando
1919 1476 1959 1519 in
1975 1478 2159 1520 omnibus
2179 1478 2248 1518 hu-

1278 1532 1451 1590 jusmodi
1476 1536 1651 1586 casibus,
1680 1531 1873 1579 Personas
1900 1536 2167 1593 quascumque
2183 1534 2248 1577 di-

1278 1594 1361 1635 stas
1403 1587 1533 1635 Miss'as
1566 1593 1772 1636 audientes
1797 1593 2026 1638 nullatenus
2066 1593 2250 1638 Ecclefiae

1281 1659 1482 1707 praecepto
1511 1651 1738 1695 {atissacere
1760 1664 1773 1693 :
1800 1654 1997 1754 Οὲιρνστὸ
2026 1653 2077 1696 ad
2100 1653 2246 1696 Altare

1281 1708 1476 1765 portatile
1490 1711 1636 1753 iterum
1653 1712 1825 1754 inhaeren
1857 1726 1883 1753 ο
1895 1711 2245 1755 declarationibus

1286 1766 1514 1823 supradietis
1525 1797 1542 1819 ,
1563 1767 1715 1812 censuit
1730 1769 1911 1812 licentias
1924 1798 1939 1821 ,
1952 1769 2016 1813 seu
2028 1769 2247 1826 Privilegia

1287 1823 1467 1869 conceffa
1479 1827 1679 1871 nonnullis
1694 1827 1956 1880 Regularibus
1976 1830 2015 1872 in
2029 1843 2118 1884 cap.
2134 1828 2173 1870 in
2189 1828 2251 1870 his

1283 1884 1333 1928 de
1350 1885 1520 1937 privil„
1543 1886 1583 1927 δι
1604 1898 1675 1942 per
1701 1885 1856 1941 aliquos
1881 1889 2067 1929 Summos
2081 1885 2251 1929 Pontifi-

1283 1956 1348 1986 ces
1361 1943 1449 1986 aliis
1466 1944 1736 2000 Regularibus
1750 1945 2049 1989 communicata
2062 1969 2078 1992 ,
2108 1943 2256 1986 utendi

1287 2000 1396 2043 dicio
1410 2002 1543 2045 Altari
1558 2001 1767 2057 portatili,
1795 2003 1835 2045 in
1861 2017 1991 2058 eoque
2017 2002 2250 2046 celebrandi

1289 2057 1436 2114 absque
1465 2059 1776 2103 Ordinatiorum
1806 2061 1967 2102 lieentia
1993 2062 2034 2103 in
2049 2060 2179 2111 locis,
2208 2061 2250 2102 in

1289 2118 1433 2174 quibus
1463 2116 1617 2174 degunt
1633 2146 1648 2170 ,
1677 2118 1845 2161 omnino
1871 2128 2062 2162 revocata
2087 2116 2164 2160 effe
2180 2132 2251 2175 per

1289 2175 1396 2218 idem
1421 2179 1588 2220 Sacrum
1603 2177 1833 2233 Concilium
1852 2206 1867 2229 ,
1879 2179 1916 2220 δι
1930 2187 2145 2234 propterea
2168 2175 2257 2218 eosq

1288 2234 1382 2277 dem
1398 2235 1617 2290 Regulares
1631 2234 1905 2290 prohibendos
1918 2265 1935 2288 ,
1966 2249 2014 2277 ne
2039 2236 2118 2278 illis
2144 2244 2257 2280 utan.

1289 2302 1357 2335 tur
1373 2321 1388 2343 ,
1404 2307 1448 2335 ac
1464 2293 1738 2336 mandandum
1753 2322 1767 2345 ,
1798 2302 1919 2349 prout
1947 2294 2147 2351 praesentis
2172 2297 2255 2337 De-

1289 2352 1391 2394 creti
1404 2361 1546 2394 tenore
1562 2351 1724 2395 mandat
1738 2352 1973 2409 Episcopis,
1996 2354 2158 2411 aliisque
2173 2354 2256 2395 Or-

1289 2410 1453 2453 dinariis
1479 2411 1667 2454 locorum
1693 2438 1709 2462 ,
1750 2421 1794 2453 ut
1825 2421 1965 2455 contra
1988 2414 2256 2468 quoscumque

1290 2469 1645 2512 contravenientes
1660 2498 1675 2521 ‚
1688 2471 1867 2526 quamvis
1885 2470 2105 2526 Regulares
2117 2499 2133 2522 ,
2161 2483 2259 2528 pro-

1290 2527 1573 2577 cedant,etiam
1588 2537 1778 2582 tanquam
1790 2529 1905 2572 Sedis
1917 2529 2158 2586 Apostolicae
2175 2534 2260 2574 De-

1289 2586 1441 2642 legati,
1469 2586 1520 2629 ad
1533 2601 1675 2642 poenas
1690 2587 1937 2644 proscriptas
1963 2586 2152 2644 peridem
2183 2592 2258 2633 Sa-'

1290 2658 1404 2687 crum
1427 2646 1665 2688 Concilium
1691 2648 1730 2690 in
1756 2646 1866 2689 dieto
1891 2649 2071 2689 Decreto
2097 2644 2260 2690 semaa.

1291 2702 1411 2757 usque
1435 2702 1487 2746 ad
1514 2705 1699 2747 censuras
1729 2703 1820 2747 late
1847 2703 2076 2756 sententie,
2108 2703 2262 2748 tributi

1288 2763 1413 2805 etiam
1437 2761 1588 2804 eisdem
1612 2760 1809 2806 facultate
1825 2775 1898 2818 per
1914 2764 1988 2805 hoc
2005 2765 2228 2807 Decretum
2242 2791 2257 2814 ,

1288 2820 1346 2863 ita
1369 2819 1634 2877 procedendi,
1645 2821 1814 2876 perinde
1839 2835 1885 2864 ac
1897 2823 1923 2863 fi
1938 2835 2009 2877 per
2023 2826 2068 2867 S.
2078 2823 2266 2867 sedenu

1295 2878 1521 2934 specialiter
1538 2877 1720 2920 eonceffa
1735 2878 1890 2926 suissi-t,
1913 2882 1967 2921 Et
1989 2881 2048 2922 ita
2067 2884 2264 2935 Sanctitas

274 2947 343 2982 tur
357 2937 397 2980 in
410 2935 541 2979 aliena
553 2959 569 2984 2
593 2932 746 2976 etiamst
778 2932 1237 2977 Dioeeesani-consensus
1297 2939 1377 2981 Sua
1390 2935 1598 2987 declarat,
1612 2937 1653 2978 &
1668 2935 1815 2979 servari
1830 2935 1992 2978 mandat
2007 2964 2021 2976 .

275 2995 566 3045 adhiberetur,
583 2992 642 3035 eri
671 3005 740 3035 ere
754 2990 899 3035 Altare
910 3018 926 3042 ,
952 2991 1007 3034 ibi
1032 2988 1239 3035 Sacrosan-

275 3059 385 3098 etum
397 3051 520 3097 Miffae
533 3051 646 3095 Sacri
676 3050 784 3092 cium
798 3049 1004 3093 celebrare
1017 3079 1033 3101 ,
1049 3050 1116 3094 seu
1128 3049 1240 3094 cele·

276 3114 387 3158 brari
402 3110 550 3156 facere.
562 3111 624 3152 Ac
637 3109 728 3165 pari
743 3107 869 3152 modo
882 3108 923 3151 in
943 3109 1141 3152 oratoriis
1155 3108 1238 3164 pri-

277 3172 382 3217 vatis
399 3199 415 3224 ,
428 3184 515 3229 quar
527 3182 597 3227 per
621 3172 665 3213 S.
681 3167 826 3213 sedem
852 3163 1031 3212 conceffa
1056 3165 1239 3225 fuerint,

1005 3304 1227 3401 N'o

1410 2997 1552 3038 Roma
1569 2993 1643 3038 hac
1666 2993 1734 3036 die
1747 3008 1813 3038 xv.
1827 2992 2066 3036 Decembris
2084 3007 2206 3052 ¹703·

1358 3112 1533 3165 Exempl.
1547 3114 1679 3154 Rome
1700 3110 1922 3170 imprffmt
1933 3113 1976 3152 in
2000 3113 2261 3172 Archiv-gen.

1411 3170 1509 3214 ord.
1527 3173 1640 3215 Arm.
1674 3173 1778 3214 Doe-
1793 3170 2070 3215 Autbentica.

1320 3338 1534 3403 TA

274 3530 276 3533 '
292 3547 301 3558 ³
377 3525 513 3582 Uguat
525 3526 603 3569 boe
615 3526 838 3568 Decretum
850 3520 1048 3580 pra-,cipue
1060 3528 1204 3564 contra
1215 3520 1299 3564 duo
1314 3521 1598 3566 FF.Minorum
1615 3519 1975 3578 privilegia3primo
1989 3518 2157 3577 quidem
2171 3524 2268 3564 coni

406 3590 467 3625 tra
482 3583 520 3625 id
534 3611 551 3635 ,
563 3596 644 3641 quo
672 3597 743 3639 per
757 3583 910 3626 litteras
924 3579 1098 3624 Honorii
1113 3581 1195 3623 111.
1206 3581 1371 3635 corpori
1386 3580 1482 3635 juris
1495 3581 1563 3624 tit.
1584 3581 1777 3636 deprivil.
1791 3588 1874 3634 cap.
1901 3580 1943 3622 in
1965 3580 2053 3632 bis,
2083 3578 2265 3628 insertas,

284 3639 633 3684 &Constitutione
647 3642 750 3685 sixti
764 3644 842 3684 1v.
866 3644 986 3695 lnclp.
1002 3639 1200 3695 Regimini
1214 3664 1231 3688 ,
1252 3653 1299 3682 ac
1322 3638 1416 3683 aliis
1442 3641 1556 3682 Marc
1584 3643 1781 3695 Magnum
1810 3639 2016 3682 Minorum
2041 3636 2266 3692 nuncupata

283 3695 566 3751 confirmatas,
592 3698 634 3741 in
647 3701 838 3744 oratorio
864 3712 958 3742 cum
974 3698 1107 3742 Altari
1133 3697 1313 3753 portatili
1333 3695 1484 3742 sacram
1500 3695 1654 3742 Missam
1675 3696 1888 3742 celebrare
1911 3698 1988 3742 suit
2010 3695 2260 3742 conceffum:

281 3757 457 3801 secundo
470 3766 601 3800 autem
615 3758 757 3800 contra
770 3758 890 3811 illud,
900 3772 980 3815 qno
998 3771 1092 3801 cum
1113 3756 1247 3800 Altari
1262 3758 1414 3815 pariter
1426 3757 1610 3818 portatili
1633 3757 1677 3814 in
1706 3770 1947 3815 quocunque
1966 3758 2064 3811 loco
2093 3750 2259 3809 honesto

281 3818 520 3874 §tcongruo
545 3813 754 3872 celebrare
776 3815 913 3862 iisdem
934 3815 1012 3861 fuit
1033 3816 1265 3864 indultum.

403 3876 508 3918 Tom.
526 3872 584 3916 VI.

1679 3878 1864 3922 Nnn2
2132 3871 2203 3912 Se·
