2444 4192
733 194 895 278 Sub
957 194 1443 295 efllexcmdro⁴
1499 188 1650 277 VI
1668 187 1720 270 I.

234 343 411 392 subditos
424 331 567 395 absque
582 339 663 381 ulla
686 338 993 394 participatione
1006 369 1020 391 ,
1035 344 1187 385 etiamsi

161 418 163 422 ·
233 401 345 448 nulla
375 399 498 454 petita
532 397 1000 450 veniaasuperioribus‚
1031 400 1182 442 etiamfi

231 459 344 508 nulla
359 460 542 499 fraterna
567 456 793 520 εοιτςᾶἰο,
827 454 893 520 vel
918 455 994 495 alia
1016 459 1188 499 monitio

231 513 917 620 {5532‘525350‘220323‘53533302
929 513 1190 623 &23228552‘1

229 635 294 678 vel
313 632 624 689 Inquilitoribus
653 631 836 673 locorum
856 626 1187 686 quoscumque...

233 693 357 738 etiam
370 690 632 742 Confratres,
646 703 692 732 ac
708 687 942 744 Superiores
966 686 1087 730 etiam
1106 686 1190 741 pri-

232 752 381 795 marios
395 748 481 793 suos
495 748 676 806 ejusdem
686 745 870 798 Ordinis,
883 747 922 788 &
938 744 1188 799 Religionis,

231 823 335 865 quos
362 809 552 852 noverint
581 806 655 850 effe
684 805 736 849 de
762 803 842 848 fide
875 802 1188 862 quomodolibet

230 869 351 911 etiam
377 867 526 909 leviter
545 865 764 923 suspeetos=
787 866 846 907 Ac
862 873 1076 920 propterea
1104 860 1190 904 eos-

230 926 328 970 dem
341 925 490 968 debere
517 938 658 967 ornnes
670 949 686 975 2
708 925 745 967 δι
759 922 1031 979 quoscumque
1065 921 1189 964 etiam

231 984 270 1028 al
278 985 340 1028 ios
352 981 375 1026 a
388 982 427 1026 se
439 982 646 1027 confilium
657 993 728 1036 ,ut
743 980 862 1038 supra
873 1011 887 1034 ,
901 989 1088 1038 petentes
1104 992 1189 1022 mo-

229 1058 356 1095 nere,
379 1044 418 1084 &
448 1041 631 1098 obligare
655 1041 705 1084 ad
732 1039 1086 1089 denunciandum,
1110 1051 1186 1081 nec

228 1101 337 1160 poffe
348 1099 443 1142 illos
458 1099 482 1143 ἃ
499 1099 782 1145 denunciando
794 1097 864 1142 sub
877 1098 991 1142 dieta
1003 1096 1188 1141 fraterne

233 1158 517 1205 correctionis,
533 1159 595 1202 vel
611 1159 693 1201 alio
703 1157 847 1214 quovis
860 1168 1050 1214 praetextu
1066 1166 1191 1200 retra·

231 1220 331 1260 here
343 1243 357 1264 a
368 1225 441 1258 aut
455 1217 663 1259 retardare
674 1245 688 1266 ‚
701 1218 741 1259 δι
751 1214 935 1271 praefatos
947 1230 1090 1259 omnes
1107 1224 1189 1257 tam

227 1275 469 1330 Superiores
480 1302 496 1324 ,
509 1274 627 1329 quim
644 1272 827 1315 subditos
841 1273 1188 1316 contrafacientes

228 1334 424 1378 Sanctitas
443 1334 523 1375 Sua
542 1329 670 1374 voluit
685 1332 751 1380 a&
765 1329 989 1372 declaravit
1009 1330 1186 1383 subjace-

228 1390 475 1436 re-omnibus
488 1390 663 1433 censuris
682 1389 722 1431 in
753 1387 857 1430 dieta
881 1387 1191 1432 Constitutione

228 1451 347 1496 Pauli
362 1451 416 1492 V.
428 1446 614 1504 expreffis
626 1474 642 1498 ‚
652 1459 807 1490 necnon
835 1447 1075 1504 privationis
1089 1461 1191 1502 qua-

229 1520 492 1564 rumcumque
523 1505 775 1562 Dignitatum
805 1531 821 1555 ,
850 1505 918 1548 seu
953 1506 1192 1549 Proelatura-

230 1581 348 1616 rum,
370 1569 434 1610 scu
460 1564 689 1609 officiorum
703 1562 863 1608 suorum
888 1565 1086 1607 Ordinum
1101 1592 1118 1615 ,
1148 1575 1193 1604 ac

231 1627 345 1671 vocis
359 1626 516 1672 actim,
531 1623 572 1664 δε
586 1621 671 1678 pasii
680 1636 734 1666 vae
748 1650 764 1673 ,
788 1632 1071 1679 perpetueque
1085 1624 1193 1664 inha-

233 1677 405 1728 bilitatis
421 1683 470 1726 ad
485 1681 624 1724 eadem
637 1682 720 1736 ipso
746 1676 850 1730 facto
863 1710 877 1732 ‚
902 1684 942 1724 δι
956 1681 1101 1738 absque
1114 1682 1192 1722 alia

233 1741 510 1786 declaratione
525 1738 771 1782 incurrendis
786 1767 799 1790 ‚
814 1739 979 1796 aliisque
1000 1740 1196 1782 banflita-

230 1800 285 1845 tis
298 1804 385 1845 suae
395 1825 410 1849 ‚
433 1812 478 1841 ac
496 1794 760 1840 successorum
773 1798 943 1840 arbitrio
963 1796 1190 1854 infligendis

230 1860 365 1918 poenis
376 1887 392 1909 ,
423 1870 590 1913 quarum
622 1855 908 1900 relaxationem
933 1885 948 1909 ‚
981 1855 1192 1913 suspenfio·

232 1932 328 1962 nem
355 1942 371 1966 2
400 1914 691 1958 absolutionem
713 1943 727 1967 ,
758 1917 820 1958 vel
854 1914 1189 1970 dispensationem

157 1998 159 2001 ·
233 1976 429 2021 Sanctitas
442 1978 519 2018 Sua
535 1972 601 2015 libi
627 1972 723 2029 ipli,
746 1971 1078 2016 &succefloribus
1108 1974 1186 2016 suis

232 2032 433 2080 Romanis
451 2030 714 2077 Pontificibus
737 2032 893 2074 tantum
910 2032 1090 2088 expresse
1122 2046 1187 2075 re-

237 2093 412 2138 servavit
430 2120 442 2132 .
459 2092 512 2135 Et
529 2104 578 2134 ne
590 2087 870 2147 praemissorum
884 2090 1079 2146 pra-tendi
1100 2089 1188 2144 pos·

234 2152 284 2195 fit
299 2150 526 2209 ignorantia
537 2177 551 2200 ,
567 2149 672 2192 idem
702 2148 964 2192 Sane'tiffimus
991 2149 1193 2192 mandavit

235 2208 308 2269 sub
321 2208 471 2269 eisdem
488 2208 622 2265 poenis
636 2235 651 2260 ,
663 2206 749 2264 ipso
761 2209 916 2264 pariter
935 2206 1038 2251 fano
1053 2208 1192 2251 incur-

957 2378 1200 2442 ΝΟ.

1976 221 2080 299 41
2098 221 2150 300 9

1246 345 1381 387 rendis
1398 371 1412 393 ‚
1426 346 1482 394 δε,
1502 354 1546 385 ut
1561 343 1696 396 supra,
1715 340 1942 389 reservatis,
1958 355 2005 384 ut
2022 348 2217 399 Superio-

1246 415 1311 444 res
1325 397 1619 452 omnespraefati
1639 399 1678 439 in
1690 411 1950 452 quocumque
1968 401 2062 440 loco
2074 428 2088 448 ‚
2105 406 2216 443 Con-

1249 467 1380 501 ventu
1392 482 1406 504 ‚
1422 458 1485 496 vel
1498 456 1689 508 Collegio
1706 454 1764 496 sui
1776 457 1944 497 Ordinis
1958 484 1972 505 ,
1998 457 2215 498 Decretum

1247 516 1324 557 hoc
1360 512 1479 554 semel
1510 512 1646 553 {altem
1689 512 1848 566 singulis
1875 516 1988 554 annis
2022 515 2214 555 Kalendis

1251 571 1389 615 Martii
1409 571 1447 611 in
1462 569 1624 623 publica
1640 568 1775 611 Mensa
1790 598 1804 618 ‚
1838 571 1900 612 vel
1933 570 2030 612 alias
2045 585 2081 610 in
2098 572 2221 623 Capi-

1249 627 1338 672 tulo
1351 627 1402 668 ad
1418 629 1494 670 hoc
1511 628 1738 684 specialiter
1753 640 1983 671 convocato
1995 654 2009 675 a
2033 624 2110 682 le'gi
2144 642 2219 669 cu-

1250 695 1339 729 rent
1356 688 1431 729 una
1447 700 1536 729 curn
1553 687 1643 730 aliis
1662 689 1851 731 Decretis
1864 689 1930 737 ,δι
1945 687 2220 728 Constitutio-

1250 745 1367 787 nibus
1386 746 1624 799 Apostolicis
1638 747 1687 788 ad
1712 750 1901 790 Sanctum
1933 745 2123 788 officium
2152 747 2221 786 ln-

1249 803 1470 859 quifitionis
1498 803 1692 848 adversus
1721 806 1947 849 hareticam
1974 805 2216 859 pravitatem

1250 862 1554 918 pertinentibus
1572 866 1786 920 quotannis
1807 864 1882 920 legi
1907 864 2031 906 solitis
2059 893 2075 914 ,
2106 861 2221 918 juxta

1251 924 1479 966 Decretum
1495 919 1565 965 fel.
1580 922 1739 966 record.
1761 924 1915 967 Urbani
1935 925 2053 966 v111.
2087 923 2139 964 Et
2155 923 2219 963 in-

1247 978 1369 1034 super
1382 979 1509 1023 iidem
1532 982 1772 1036 Superiores
1798 993 2019 1024 teneantur
2047 993 2223 1032 curare,

1247 1041 1288 1082 &
1301 1038 1482 1088 efficere,
1497 1050 1540 1081 ut
1556 1039 1669 1096 hujus
1692 1040 1856 1083 Decreti
1876 1041 2061 1097 exempla
2079 1039 2220 1095 aliquo

1249 1099 1291 1142 in
1307 1098 1408 1141 loco
1422 1099 1527 1155 apud
1543 1112 1613 1142 eos
1628 1098 1798 1159 publico
1814 1098 2032 1154 affigantur
2049 1128 2062 1151 ,
2081 1099 2121 1140 δι
2134 1096 2223 1139 affi-

1250 1172 1301 1200 xa
1337 1157 1624 1202 conserventur
1641 1186 1655 1208 ‚
1686 1159 1742 1201 ita
1759 1167 1802 1200 ut
1818 1159 1868 1201 ab
1886 1158 2034 1201 iisdem
2048 1156 2221 1200 subditis

1251 1216 1467 1272 Religiofis
1484 1219 1671 1262 omnibus
1690 1216 1849 1270 videri,
1875 1232 1921 1260 ae
1941 1216 2020 1272 legi
2036 1228 2227 1260 commo-

1247 1276 1302 1318 de
1328 1285 1510 1330 queant,
1537 1277 1669 1333 deque
1689 1276 1919 1333 hujusmodi
1949 1276 2124 1319 lectione
2142 1302 2155 1325 ,
2183 1274 2225 1314 &

1251 1333 1573 1378 commonitione
1597 1335 1765 1389 publico
1799 1336 2051 1378 documento
2079 1334 2128 1375 ab
2159 1331 2225 1374 iis-

1252 1390 1350 1432 dem
1363 1392 1654 1446 Superioribus
1669 1421 1685 1443 ,
1703 1390 1973 1439 Conventus,
1990 1391 2053 1434 vel
2071 1387 2224 1432 Domfis

1251 1447 1492 1505 subscripto,
1509 1454 1667 1504 unaque
1697 1451 1747 1492 ab
1763 1450 1854 1494 aliis
1866 1449 2026 1494 duobus
2042 1448 2225 1506 Religio-

1251 1509 1298 1549 fis
1310 1506 1492 1562 ejusdem
1517 1507 1672 1552 Domsis
1688 1538 1702 1561 ‚
1734 1507 1798 1552 vel
1832 1506 2072 1552 Conventus
2095 1508 2227 1550 statim

1253 1566 1470 1609 certiorem
1488 1564 1625 1611 facere
1636 1572 1807 1622 Congre
1816 1570 2022 1622 gationcm
2037 1566 2229 1610 Sancum-

1256 1639 1326 1667 mae
1341 1626 1614 1679 inquisitionis
1642 1627 1681 1668 in
1705 1626 1815 1669 Urbe
1835 1654 1849 1678 ,
1879 1626 1942 1669 vei
1961 1626 2145 1670 locorum
2165 1629 2228 1670 ln-

1253 1685 1478 1739 quilitores,
1496 1684 1564 1726 ubi
1594 1684 1681 1727 sunt
1703 1714 1716 1728 .
1743 1685 1977 1742 statuitque
1994 1695 2224 1741 praeteres„

1256 1746 1479 1786 Decretum
1497 1744 1574 1785 hoc
1589 1774 1604 1795 ‚
1621 1742 1686 1786 seu
1703 1743 1810 1786 illius
1826 1743 2058 1800 exemplum
2070 1744 2119 1785 ad
2138 1743 2226 1787 val·

1254 1815 1323 1843 vas
1339 1801 1513 1843 Balilicae
1538 1802 1733 1857 Principis
1762 1802 2054 1857 Apostolorum
2072 1801 2124 1844 de
2139 1804 2224 1846 Ur·

1252 1861 1324 1908 be,
1341 1861 1378 1901 δι
1393 1862 1430 1902 in
1446 1861 1548 1901 Acie
1566 1860 1712 1916 Campi
1736 1861 1863 1903 Florae
1876 1860 2037 1903 affixum
2049 1889 2063 1912 ,
2076 1874 2221 1904 omnes

1250 1919 1396 1974 ubique
1410 1918 1623 1962 existentes
1639 1921 1792 1962 arssare
1812 1948 1825 1971 ‚
1848 1920 1888 1960 8ι
1901 1917 2060 1962 afficere
2074 1944 2089 1967 ‚
2125 1933 2177 1963 ac
2198 1919 2224 1963 fi

1248 1977 1466 2034 unicuique
1490 1977 1758 2034 personaliter
1773 1975 1901 2021 suiffet
1922 1978 2156 2022 intimatum
2178 2010 2191 2022 .

1307 2093 1479 2141 Exmpl.
1488 2095 1615 2135 Rome
1625 2093 1846 2151 imprefflm
1856 2093 1900 2135 in
1914 2093 2030 2136 Areb.
2035 2097 2221 2151 generali

1373 2151 1469 2195 Ord.
1485 2156 1600 2198 Arm.
1615 2154 1721 2196 Doc-
1734 2153 1989 2198 Authentica
2003 2182 2015 2196 .

1268 2379 1519 2450 TA.

349 2563 464 2609 Εὰἰο
486 2562 596 2619 huius,
613 2557 780 2607 Decreti
792 2561 886 2606 alias
901 2561 1211 2606 Kalend.Martii
1225 2563 1276 2606 ad
1292 2565 1465 2608 mensam
1482 2563 1663 2610 facienda
1675 2593 1689 2615 ‚
1704 2565 1755 2609 ad
1774 2572 1906 2611 totum
1930 2569 2039 2612 hunc
2050 2566 2223 2612 mensem

375 2622 453 2666 fuit
465 2622 715 2678 postmodum
729 2620 752 2664 fi
765 2620 980 2665 Clemente
994 2623 1294 2680 lis-prorogata
1309 2625 1487 2667 Decreto
1500 2625 1702 2682 sequenti:
1720 2627 1798 2669 Dt’e
1813 2627 2087 2678 7.1vov.1668.
2106 2628 2222 2670 Rela—

235 2687 282 2727 ta
305 2680 540 2740 Sunfflffimo
551 2682 715 2724 Domino
728 2679 865 2738 Nostro
878 2679 1072 2732 instantia*
1087 2683 1153 2723 ΡΡ.
1172 2684 1471 2726 macutum-um
1493 2685 1745 2728 Gener-alium
1773 2687 1867 2728 Ord.
1884 2689 2089 2730 minorum
2120 2687 2219 2732 de.»

241 2740 501 2798 Obseruantia
513 2766 528 2790 ,
546 2739 601 2790 ἀ·
618 2737 882 2783 eremitarum
908 2742 948 2780 s.
968 2738 1176 2794 Augustini
1188 2769 1203 2792 ,
1231 2741 1279 2790 ἐς
1297 2746 1334 2783 5.
1352 2743 1463 2785 Pauli
1472 2747 1597 2799 primi
1615 2743 1798 2789 Eremitae
1820 2749 1945 2802 Regni
1974 2746 2188 2804 Lusttanle
2203 2773 2220 2797 ,

239 2797 440 2855 Sanffitaer
459 2799 537 2839 Sua
547 2800 779 2852 prorogavit
794 2795 993 2838 temonem
1004 2797 1254 2855 Dect-etism.
1267 2815 1378 2843 naen.
1393 2804 1612 2846 Alexandri
1628 2807 1738 2861 Papae
1750 2804 1799 2850 Vl
1801 2808 1833 2849 1.
1848 2804 2071 2862 incipientis
2098 2805 2215 2849 Licet

241 2854 338 2900 alins
352 2854 602 2915 3saeiendaem
616 2854 800 2899 Kalendis
811 2856 979 2906 Martii,
984 2862 1062 2910 prr
1072 2863 1199 2899 emm
1204 2858 1440 2914 prediffim
1454 2861 1617 2918 »cufi-m
1628 2888 1640 2900 .

249 3147 308 3196 In
334 3141 455 3194 festis
490 3141 749 3210 duplicibus
775 3145 932 3198 Missas
966 3147 1200 3204 defuneto-

313 3232 420 3267 rum
456 3213 674 3285 celebrari
704 3217 916 3279 inhibet;
947 3238 1019 3271 eas
1044 3234 1198 3275 tamen

311 3282 471 3336 Missas
501 3322 516 3343 ‚
555 3303 652 3352 quae
685 3290 923 3354 quotannis
968 3293 1015 3341 in
1042 3291 1199 3346 diebus

317 3354 463 3406 obitus
480 3354 772 3416 'testatorum
788 3394 806 3418 ,
828 3361 963 3411 etiam
991 3362 1036 3410 in
1052 3361 1200 3432 dupli-

320 3425 364 3471 ci
391 3430 559 3490 majore
574 3431 876 3499 contingentis
894 3466 911 3490 ,
942 3434 1114 3484 cantari
1139 3433 1202 3486 so-

322 3492 417 3543 lent
431 3502 552 3554 ,non
572 3499 915 3571 comprehensas
948 3501 1032 3553 effe
1056 3503 1201 3557 decla-

321 3563 575 3633 rat,&per
593 3570 943 3623 celebrationem
966 3572 1109 3624 Miffae
1143 3576 1198 3628 de

323 3627 436 3681 festo
461 3651 665 3689 currente
694 3641 962 3711 obligationi
980 3643 1201 3699 Missam-2

320 3701 369 3750 in
391 3704 541 3753 Altari
560 3709 847 3781 privilegiato
860 3715 1117 3768 celebrandi
1136 3715 1201 3768 sa-

322 3769 478 3820 tisfieri
492 3772 693 3829 decernit
707 3815 720 3830 .

373 3843 475 3884 Tom·
489 3844 550 3888 VI.

592 3014 1283 3041 m—

1258 3155 1760 3206 ALEXANDER
1811 3157 2018 3206 PAPA
2066 3159 2155 3208 VI
2174 3161 2218 3229 1,

1420 3274 1721 3331 Adperpetum
1732 3276 1792 3317 rei
1817 3276 2041 3318 memoriam
2054 3301 2066 3314 .

1380 3390 1536 3436 Redite
1569 3393 1698 3437 Nobis
1731 3391 1885 3437 caelitus
1916 3390 2220 3449 dispensationis

1394 3450 1573 3494 officium
1585 3451 1799 3496 salubriter
1813 3453 1956 3507 exequi
1970 3480 1984 3503 ,
2000 3451 2218 3508 adjuvante

1262 3510 1446 3552 Domino
1457 3536 1472 3558 ‚
1491 3509 1638 3567 jugiter
1653 3511 1896 3566 satagentes,
1911 3511 1952 3552 δι
1966 3512 2223 3568 quampluri-

1259 3581 1324 3609 ma
1339 3567 1460 3610 dubia
1485 3569 1528 3610 in
1541 3568 1706 3612 diverfis
1733 3568 1876 3612 Mundi
1906 3571 2086 3625 partibus
2099 3583 2218 3622 orta,

1259 3626 1353 3668 &in
1366 3627 1692 3683 congregatione
1708 3628 2008 3673 Venerabilium
2028 3632 2217 3673 Fratrum

1260 3684 1487 3728 nostrorum
1501 3689 1542 3729 S.
1558 3685 1605 3728 R.
1621 3688 1668 3729 E.
1687 3686 1971 3731 Cardinalium
2002 3690 2134 3734 Sacris
2150 3687 2219 3729 Ri-

1260 3742 1368 3786 tibus
1399 3745 1708 3798 Praepofitorum
1725 3774 1740 3798 ,
1764 3745 1936 3790 deducta
1969 3746 2219 3790 occafione.»

1260 3804 1430 3848 Decreti
1451 3802 1630 3861 ejusdem
1647 3807 1994 3860 Congregationis
2009 3804 2075 3846 die
2092 3803 2220 3843 v.Au-

1692 3866 1868 3922 Ggs2
2084 3871 2159 3914 ΒΨ
