2444 4192
829 192 995 280 sab
1057 129 1389 280 Nicoma
1451 188 1627 273 111.

222 353 264 394 a
283 341 430 390 loculis
451 337 547 384 :fed
564 336 785 394 utrumque
798 340 977 392 perfecte
993 344 1199 399 perfectus

220 405 397 452 existens
417 429 431 453 ‚
455 410 500 443 ut
516 397 703 456 perfectis
728 425 744 449 ,
763 396 806 437 δι
825 396 1074 454 imperfectis
1102 401 1197 447 sna

223 465 332 507 viam
344 460 495 504 salutis
506 458 763 506 ostenderet,
776 456 846 510 qui
862 461 1055 516 utrosque
1070 461 1197 505 sam.

220 536 270 567 re
301 527 476 565 venerat
504 547 519 572 ,
543 517 615 575 qni
640 513 806 558 tandem
833 517 936 558 mori
965 520 1099 563 voluit
1119 532 1199 575 pro

218 579 426 639 utrisque.
587 613 590 616 ,

338 642 429 683 Nec
443 637 650 694 quitquam
661 648 713 678 ex
728 633 791 676 his
805 631 987 692 insurgat
998 634 1193 689 erronee,

217 697 328 758 quod
343 698 485 741 taliter
500 705 668 754 propter
684 696 830 739 Deum
858 695 1188 751 proprietatem..

214 758 398 803 omnium
429 756 669 799 abdicantes
691 781 711 808 ,
749 762 944 810 tanquam
973 753 1190 797 homicida

214 817 300 869 sui,
333 821 398 861 vel
413 824 642 859 tentatores
667 813 750 857 Dei
780 811 944 856 vivendi
957 811 1183 857 discrimini

216 876 259 922 se
283 875 566 921 committant:
589 872 643 919 fic
669 873 779 917 enim
801 870 841 914 se
861 871 967 930 ipsos
992 873 1184 918 commit·

214 946 310 980 tunt
337 933 495 978 Divina
523 932 802 977 Providentia
824 931 866 975 in
897 934 1108 986 vivendo,
1139 940 1190 976 ut

211 994 318 1038 viam
343 1006 428 1035 non
443 1002 705 1037 contemnant
721 990 958 1048 provisionis
974 994 1159 1035 humanae
1172 1019 1188 1044 ,

209 1054 311 1111 quin
325 1051 392 1096 vet
407 1051 460 1096 de
474 1052 538 1097 his
553 1081 567 1106 ,
579 1066 666 1111 quae
679 1051 908 1095 offeruntur
934 1052 1160 1097 liberaliter
1175 1079 1192 1103 ‚

212 1113 281 1158 vel
294 1111 348 1157 de
365 1112 430 1157 his
445 1140 461 1166 ‚
472 1127 558 1171 quae
572 1112 857 1157 mendicantur
874 1112 1103 1164 humiliter,
1122 1110 1191 1154 vel

210 1173 266 1217 de
281 1172 346 1216 his
361 1201 377 1226 ‚
392 1186 480 1231 quae
504 1172 803 1229 conquiruntur
827 1184 900 1227 per
924 1172 1161 1215 laboritium
1175 1198 1193 1222 ,

212 1231 493 1278 sustententur
517 1244 532 1276 ε
567 1230 636 1287 qui
671 1228 823 1286 triplex
851 1230 1019 1274 vivendi
1046 1229 1191 1275 modus

211 1289 467 1349 providetur
482 1290 522 1332 in
547 1288 710 1345 Regula
728 1288 917 1346 expresse
931 1319 944 1332 .

333 1347 529 1396 Profecto
542 1349 628 1404 ,ii(
645 1346 760 1403 juxta
790 1346 1021 1404 promissum
1050 1347 1193 1393 Salva·

214 1409 323 1455 toris
344 1409 368 1469 )
390 1421 598 1466 nunquam
632 1404 797 1450 deficiet
826 1407 948 1452 Fides
979 1407 1192 1463 &defin

210 1483 291 1529 per
302 1471 571 1527 consequens,
584 1479 660 1511 nec
672 1480 804 1523 opera
819 1467 926 1510 bona
946 1465 1192 1510 subtrahen-

218 1540 288 1574 mr
299 1543 314 1574 t
333 1543 385 1574 ex
400 1542 484 1587 quo
502 1525 654 1573 christi
676 1526 919 1583 pauperibus
935 1526 1068 1570 omnia
1083 1527 1190 1571 ratio

216 1587 452 1634 diffidentie
465 1585 690 1644 cujuslibet
712 1585 878 1630 videtur
907 1585 986 1630 ess’e
1005 1586 1161 1631 sublata
1172 1615 1189 1640 ,

213 1648 257 1690 δι
276 1647 459 1706 quidem,
474 1646 543 1690 ubi
566 1644 714 1703 (quod
742 1660 825 1690 non
853 1645 1021 1690 ridetur
1034 1646 1196 1701 aliqua·

213 1716 341 1752 tenua
373 1703 688 1764 praesumendum
710 1703 730 1760 )
761 1705 844 1747 baec
870 1706 1014 1749 ennea
1041 1702 1194 1749 defice·

213 1774 341 1822 πυτς
357 1766 458 1808 ficut
471 1777 550 1809 nee
568 1762 728 1808 ceteris
742 1791 758 1816 ,
779 1762 832 1807 (ic
847 1778 921 1808 nee
937 1765 1027 1821 ipiis
1043 1766 1197 1809 Fratri-

215 1826 290 1869 bus
314 1825 406 1883 jure
447 1822 532 1882 poli
554 1823 597 1866 ln
635 1831 831 1867 extreme
858 1823 1102 1868 neceffitatis
1132 1839 1196 1869 ar·

172 1900 177 1907 ·
210 1883 351 1929 uculo
363 1911 380 1937 2
392 1881 443 1927 ad
458 1879 758 1941 providendum
781 1882 1060 1927 sustentationi
1075 1894 1194 1928 natu·

216 1955 272 1986 aa
289 1970 304 1995 ,
320 1943 386 1987 via
397 1970 414 1995 ,
439 1942 630 1986 omnibus
658 1940 844 1987 extremi
861 1943 1098 1988 neceffitate
1120 1943 1198 1988 de·

220 2000 350 2044 tentia
365 1998 552 2043 conculsa
563 2025 580 2049 ‚
604 2000 898 2055 praeluditur,
910 2016 1004 2046 cum
1030 2003 1084 2047 ab
1103 2017 1194 2046 om·

222 2058 267 2103 ni
283 2057 375 2115 lege
393 2066 579 2100 extrema
591 2055 801 2099 necemus
825 2057 871 2099 stt
886 2069 1091 2114 exemptae
1105 2065 1196 2103 Nee

219 2117 349 2161 talem
376 2116 681 2160 abdicationem
709 2115 971 2171 proprietatis
991 2116 1199 2159 omnimo-

218 2174 300 2227 do,
313 2173 661 2216 renunciationem
674 2170 770 2212 usus
783 2176 920 2211 rerum
934 2176 1124 2224 cuiquam
1138 2175 1199 2213 vi-

216 2232 371 2274 deatur
401 2226 623 2278 inducere;
647 2237 743 2267 nam
757 2238 852 2266 cum
879 2227 920 2267 in
948 2229 1068 2268 rebus
1092 2237 1199 2268 tem-

215 2286 425 2349 poralibus
438 2286 486 2329 fit
505 2283 765 2328 confiderare
789 2284 1037 2340 precipuum
1053 2313 1069 2336 ,
1099 2297 1197 2341 pro·

247 2349 438 2393 rietatem
451 2373 470 2398 ,
496 2341 771 2400 poiseffionem
785 2367 802 2391 ‚
825 2340 1164 2388 usumfructum-,0
1183 2371 1199 2396 ‚

214 2422 278 2469 jus
292 2403 462 2457 utendi,
480 2402 758 2460 &iimplicem
783 2401 877 2445 sacti
894 2404 1038 2457 usum3
1067 2405 1109 2446 δι
1135 2401 1197 2445 ul·

216 2468 320 2512 timo
344 2475 540 2521 tanquam
558 2462 777 2508 neceffario
800 2474 919 2519 egeat
944 2461 1081 2519 (licet
1113 2462 1199 2518 pri·

214 2527 291 2572 mis
318 2538 463 2570 carere
494 2523 613 2581 poffit
645 2522 730 2566 vita
760 2521 1198 2580 mortalium)nuua.,

214 2585 379 2645 prorsus
394 2582 526 2641 potest
539 2581 618 2628 effe
645 2580 836 2638 proseffio
847 2609 863 2632 ,
879 2596 965 2640 quat
981 2585 1007 2628 a
1024 2581 1063 2624 se
1080 2579 1196 2624 usum

216 2643 442 2690 neceisarioe
457 2642 755 2688 sustentationis
768 2641 961 2686 excludat
978 2654 993 2682 t
1019 2641 1198 2685 verum.»

216 2703 451 2749 condecens
478 2700 556 2747 suit
587 2702 628 2747 ei
651 2699 919 2759 profeffioni‚
945 2715 1033 2760 quae
1054 2699 1198 2757 sponte

213 2764 388 2810 devovit
403 2762 614 2806 Christum
637 2775 859 2819 pauperem
890 2762 930 2804 in
952 2771 1065 2805 tanta
1099 2773 1199 2816 pau-

213 2831 380 2882 pertate
395 2821 733 2874 sectarimnium
748 2820 940 2864 abdicare
952 2821 1196 2868 dominium,

212 2885 257 2927 δι
280 2895 421 2926 rerum
458 2881 528 2924 fibi
563 2878 844 2925 conceffarum
873 2880 1098 2924 necessario
1124 2877 1196 2922 usu

214 2942 308 2987 sore
328 2950 571 2985 contentam
585 2969 599 2983 .
628 2943 718 2984 Nee
741 2953 814 2997 per
830 2941 908 2985 hoc
921 2969 937 2994 ‚
961 2940 1074 2997 quod
1094 2951 1192 2995 pro-

212 3001 437 3062 prietatem
456 2998 632 3052 usfls‚&
656 3000 718 3043 rei
734 2998 1023 3057 cuiuscumque
1051 3000 1192 3043 Domi-

213 3060 364 3108 niumi
382 3059 423 3104 so
441 3057 644 3103 abdiciffe
677 3059 878 3111 videtur,
904 3058 1072 3117 simplici
1106 3057 1192 3103 usui

217 3117 470 3167 renuntiiffe
491 3118 624 3163 omnis
638 3119 702 3164 rei
718 3117 1012 3162 convincitur:
1030 3120 1117 3176 qui,
1130 3119 1194 3161 in·

206 3193 368 3239 quam,
384 3178 474 3220 usus
494 3193 575 3222 non
590 3178 719 3235 juris,
742 3177 813 3222 sed
837 3175 928 3221 faeti
943 3188 1196 3222 tantummo-

213 3241 275 3284 do
290 3252 443 3283 nomen
461 3239 614 3282 habena
628 3267 644 3291 ‚
655 3237 769 3295 quod
784 3236 876 3280 faeti
890 3236 948 3280 est
963 3239 1161 3281 tantum..-
1179 3265 1196 3287 ‚

213 3302 257 3343 in
285 3297 446 3343 utendo
477 3299 633 3356 praebet
654 3298 866 3342 utentibus
890 3325 906 3350 ‚
931 3295 1029 3340 nihil
1065 3296 1195 3354 juris3

215 3358 404 3415 quinimo
425 3355 740 3402 neceffariarum
758 3370 897 3401 rerum
917 3366 1002 3400 tam
1025 3358 1076 3399 ad
1103 3360 1195 3400 vitae

217 3417 559 3463 sustentationem
586 3445 603 3470 ,
642 3419 766 3475 quam
789 3416 839 3460 ad
874 3415 1103 3460 officiorum
1133 3415 1192 3460 sui

215 3475 344 3521 'status
361 3478 649 3522 executionem
676 3476 888 3533 (excepto
911 3475 1020 3532 quod
1043 3475 1097 3519 de
1118 3490 1193 3531 pe-

214 3537 340 3580 mnia
366 3537 473 3580 infra
502 3536 798 3595 subjungitur)
819 3534 1059 3579 moderatus
1072 3536 1190 3585 usus,

221 3590 438 3642 fieunddm
465 3611 607 3642 eorum
633 3597 837 3653 Regulam
859 3622 874 3646 ,
903 3598 944 3639 &
972 3595 1190 3639 veritatem

226 3655 498 3699 omnimodam
525 3655 738 3700 concefl'us
751 3656 808 3700 est
838 3656 1073 3700 Fratribus:
1102 3655 1189 3712 qui.

225 3710 302 3752 bus
315 3714 431 3758 'ebm
452 3718 615 3761 Fratres
631 3715 746 3761 licite
767 3715 827 3758 uti
857 3714 1018 3772 poffunt
1034 3715 1189 3758 duran-

223 3779 269 3810 te
283 3773 544 3839 concedentis
559 3776 739 3828 licentia,
760 3776 802 3818 dt
811 3773 926 3831 juxta
939 3775 999 3827 id,
1014 3775 1124 3832 quod
1143 3777 1185 3819 in

224 3825 516 3935 praestrittsersse
528 3837 788 3882 continetur.
822 3837 914 3880 Nec
943 3836 1003 3879 his
1017 3837 1184 3880 obviare

385 3900 457 3931 orn·
492 3897 523 3937 Ι.

1259 342 1662 400 dignoscitur-‚quod
1684 338 1818 385 civilis
1839 343 2055 396 prudentia
2080 351 2118 392 in
2146 352 2222 392 hu.

1261 403 1387 445 manis
1411 401 1536 442 rebus
1564 400 1740 442 humane
1763 400 2000 455 constituit;
2027 407 2219 449 videlicet

1259 475 1341 505 non
1367 456 1476 516 poffe
1504 456 1617 501 usum
1638 486 1655 509 ,
1682 456 1748 499 vel
1774 455 2067 502 usumfructum
2091 465 2113 501 a
2134 466 2219 504 Do-

1256 520 1386 564 minio
1416 526 1621 574 perpetuo
1645 514 1851 570 separari;
1880 530 1928 558 ne
1950 519 2061 572 quod
2087 520 2222 561 domi·

1254 581 1368 623 nium
1396 576 1588 620 Dominis
1614 574 1634 630 (
1662 573 1820 630 semper
1845 573 2090 617 abscedente
2116 576 2220 634 usu)

1254 636 1504 681 redderetur
1522 634 1696 686 inutile,
1709 631 1977 688 temporalem
2001 634 2221 679 utilitatem

1248 697 1410 741 tantum
1433 697 1477 739 in
1504 692 1796 737 constituendo
1824 691 2099 748 prospiciens,
2120 693 2222 737 ista...

1248 756 1438 800 decrevit
1451 784 1464 797 .
1487 753 1687 797 Retentio
1699 765 1873 808 namque
1893 751 2066 795 dominii
2080 749 2221 794 talium

1247 829 1388 860 rerum
1409 827 1503 858 cum
1524 811 1779 857 conceffione
1794 808 1888 855 ustis
1911 810 2011 856 facta
2037 811 2223 868 pauperi-

1246 878 1324 922 bus
1345 888 1430 918 non
1461 872 1518 917 est
1543 868 1787 915 infructuosa
1815 870 2026 922 Domino,
2047 883 2141 915 cum
2176 868 2223 912 fit

1249 933 1459 981 meritoria
1486 932 1538 976 ad
1565 942 1739 984 uerna,
1758 931 1798 972 8(
1814 928 2047 986 profeffioni
2070 942 2223 986 paupe—

1250 1009 1342 1040 rum
1358 1001 1715 1052 opportunaque
1727 991 1846 1033 tanto
1861 988 1931 1032 fibi
1941 988 2127 1034 censetur
2141 989 2225 1032 uti-

1253 1056 1361 1107 lior,
1386 1053 1544 1112 quanto
1565 1060 1794 1095 commutat
1823 1049 2066 1106 temporalia
2084 1063 2158 1105 pro
2173 1062 2227 1091 a·

1253 1115 1407 1159 ternis.
1426 1111 1618 1156 Profecto
1641 1123 1722 1154 non
1737 1110 1813 1152 suit
1828 1108 2080 1153 Confeisoris
2100 1108 2227 1150 Chri·

1253 1175 1299 1218 sti
1320 1172 1522 1230 Regulam
1547 1170 1799 1214 instituentis
1830 1168 2034 1220 intentio,
2056 1182 2227 1211 rerunt..

1253 1233 1532 1293 quarumlibet
1562 1228 1674 1272 usum
1710 1226 1971 1272 neceffarium
2007 1227 2227 1275 abdicare,

1252 1294 1439 1351 quinimo
1450 1289 1706 1333 contrarium
1721 1288 1900 1332 virendo
1913 1286 2087 1330 servavit
2102 1299 2228 1340 ;cum

1251 1356 1290 1397 δι
1317 1353 1398 1410 ipse
1425 1347 1721 1406 temporalibus
1747 1347 1798 1391 ad
1833 1345 2108 1390 necellitatem
2136 1346 2227 1388 usus

1253 1411 1439 1458 fuerin&
1450 1410 1489 1451 in
1507 1408 1690 1463 pluribus
1701 1407 1803 1450 locis
1818 1405 2027 1462 inRegula
2039 1406 2150 1448 usum
2166 1415 2228 1444 ta·

1252 1472 1334 1516 lem
1346 1469 1478 1513 licere
1498 1467 1711 1510 Fratribus
1724 1464 1966 1508 manifestet.
1984 1463 2098 1507 Dicit
2111 1475 2226 1503 nam-

1249 1545 1329 1590 que
1352 1530 1392 1573 in
1422 1526 1611 1584 Regula,
1636 1523 1748 1584 quod
1772 1524 1921 1568 Clerici
1936 1522 2106 1581 faciant
2126 1520 2228 1563 divi-

1251 1604 1346 1635 num
1358 1586 1527 1646 officium
1542 1617 1559 1639 ,
1579 1600 1628 1630 en
1654 1599 1730 1642 qua
1752 1584 1896 1627 babere
1917 1592 2112 1640 poterunt
2130 1586 2229 1624 Bre-

1253 1648 1402 1693 viaria:
1415 1661 1467 1692 ea
1479 1648 1557 1691 boc
1574 1656 1766 1704 patenter
1779 1641 2110 1699 iufinuans‚quod
2131 1645 2227 1686 Fra-

1257 1721 1342 1754 tres
1374 1707 1433 1754 sui
1462 1703 1779 1751 babituriess'ent
1796 1702 1912 1748 usum
1939 1702 2165 1754 Breviarii,
2189 1702 2230 1743 δι

1257 1770 1460 1815 librorum
1472 1794 1488 1818 ,
1501 1766 1670 1824 quisunt
1686 1765 1736 1808 ad
1757 1763 1944 1808 divinum
1959 1761 2138 1805 officium
2155 1775 2233 1816 op·

1258 1829 1424 1887 portuni
1455 1840 1468 1870 :
1498 1829 1544 1869 ln
1572 1826 1655 1869 alio
1679 1837 1845 1882 quoque
1874 1822 2074 1881 Capitulo
2098 1821 2232 1870 dicit,

1258 1888 1367 1946 qaod
1375 1885 1565 1932 Mentori
1577 1913 1592 1935 ‚
1604 1884 1659 1935 ό·
1675 1883 1852 1928 casiadei
1859 1893 1938 1939 pro
1952 1878 2233 1938 necesp'tatibut

1258 1947 1506 2006 infirmnm
1520 1974 1533 1996 ‚
1548 1944 1598 1993 ὅ
1612 1944 1704 1986 alm
1719 1942 1936 1986 Fratribus
1946 1938 2149 1983 induenda
2157 1947 2232 1994 per

1257 2020 1401 2051 anteat
1423 2003 1657 2063 spirituales
1671 2002 1894 2063 sollicitam
1917 2014 2056 2045 euram
2084 2004 2233 2054 gerant

1246 2063 1470 2120 fica-adn
1486 2066 1570 2107 laea
1582 2089 1597 2113 ,
1610 2062 1659 2111 b·
1675 2072 1854 2119 tempora
1867 2092 1884 2114 ,
1899 2060 1954 2112 ῤ’
1969 2059 2148 2118 fragidas
2167 2071 2234 2098 re·

1252 2120 1388 2175 gioner
1399 2121 1529 2174 ,fient
1541 2132 1676 2161 mm
1689 2119 1900 2175 net-efficat}
1924 2120 2102 2160 viderint
2125 2127 2238 2171 expe-

1261 2179 1348 2218 dire
1374 2192 1388 2219 ε
1416 2178 1531 2219 Alibi
1557 2176 1682 2218 etiam
1718 2176 1942 2219 exhortans
1971 2178 2136 2218 Fratres
2159 2188 2235 2230 per

1259 2244 1499 2332 {3332ss
1532 2234 1683 2329 '2523‘
1715 2234 2236 2344 3:33“¹22¹¹.22‘3,5¹³2”2k’

1515 2314 1531 2337 ἱ
1675 2315 1691 2338 ἱ
1840 2314 1855 2336 5
2091 2306 2111 2331 e
2141 2306 2163 2331 0
2218 2310 2235 2324 ⁸

1258 2352 1316 2392 rit
1323 2346 1466 2405 profi,
1479 2345 1622 2404 &fiiis
1639 2345 1871 2398 Fratribus,
1883 2351 2058 2403 carparis
2071 2348 2237 2406 neeffl-

1259 2411 1328 2451 ria
1350 2408 1576 2461 recipiant:
1600 2406 1642 2448 in
1672 2404 1812 2462 aliquo
1840 2420 2008 2464 quoque
2035 2408 2237 2464 capitulo

1261 2467 1500 2510 continetur
1515 2493 1530 2517 ,
1556 2464 1670 2522 quod
1698 2465 1849 2509 vadant
1867 2475 1946 2522 pro
1958 2466 2237 2525 elemosyna-a

1259 2526 1523 2584 confidenter:
1540 2524 1717 2568 habetur
1731 2525 1856 2568 etiam
1873 2527 1911 2566 in
1930 2525 2074 2568 eadem
2093 2530 2235 2583 Regu-

1259 2586 1300 2630 la
1311 2614 1327 2638 ‚
1341 2584 1452 2642 quod
1466 2584 1804 2640 inpedientium
1815 2613 1830 2636 ‚
1847 2597 1968 2640 quain
1986 2586 2234 2645 fraer-etja-

1258 2648 1372 2690 ct'unt
1385 2674 1402 2697 ‚
1414 2643 1506 2702 fine
1534 2648 1764 2687 examinata
1777 2673 1792 2696 ,
1818 2643 1874 2696 ὰ
1888 2644 1995 2702 casta
2013 2659 2143 2687 eorum
2154 2647 2234 2688 elo·

1258 2709 1358 2762 qula
1369 2734 1384 2758 ,
1401 2705 1457 2746 ad
1468 2705 1691 2747 utilitum
1703 2733 1720 2756 ‚
1739 2704 1788 2753 ὅ
1802 2703 2099 2762 edificationem
2110 2715 2235 2764 popu-

1257 2765 1290 2808 11·
1301 2779 1319 2818 ς
1332 2763 1605 2807 annuntiando
1616 2768 1671 2807 eit
1685 2765 1787 2807 vieta
1800 2764 1855 2815 ά·
1868 2766 2038 2808 virtuter
2048 2792 2064 2815 ‚
2075 2775 2234 2820 penam

1258 2827 1314 2876 0¹
1332 2822 1535 2882 gloriam.
1561 2824 1644 2868 Sed
1673 2822 1858 2868 constans
1883 2824 1941 2869 est
1969 2852 1985 2876 ,
2009 2825 2117 2882 quod
2148 2826 2234 2867 haec

1257 2887 1571 2942 praesupponunt
1600 2884 1808 2928 scientiam
1827 2912 1843 2935 ‚
1868 2883 2034 2928 scientia
2058 2884 2233 2942 requirit

1257 2945 1456 2993 studium,
1469 2944 1715 2988 exercitium
1731 2943 1831 2987 vero
1846 2944 1963 2988 (ludii
1981 2945 2234 2988 convenien-

1256 3015 1325 3049 ter
1340 3003 1475 3047 haberi
1490 3017 1572 3047 non
1588 3002 1720 3060 potest
1734 3004 1815 3046 [ine
1838 3002 1906 3046 usu
1926 3002 2126 3047 librorum
2139 3016 2155 3056 3
2170 3004 2231 3044 Ex

1253 3065 1403 3122 quibus
1432 3064 1621 3107 omnibus
1646 3062 1737 3106 satis
1752 3062 1877 3106 claret
1891 3075 1941 3106 ex
1958 3063 2118 3118 Regula
2133 3091 2147 3113 ,
2177 3060 2231 3103 ad

1256 3126 1407 3167 vietum
1421 3151 1438 3174 ,
1456 3122 1647 3166 vestitum
1662 3152 1678 3176 ,
1704 3123 1887 3165 divinum
1914 3120 2073 3166 cultum
2087 3149 2101 3172 ‚
2115 3123 2152 3163 &
2172 3120 2230 3162 sa-

1255 3182 1455 3240 pientiale
1469 3182 1647 3225 studium
1660 3209 1675 3232 ‚
1688 3180 1948 3226 neceffarium
1961 3195 2098 3226 rerum
2116 3177 2229 3223 usum

1258 3242 1474 3286 Fratribus
1488 3240 1568 3285 effe
1583 3240 1813 3285 concess'um
1829 3270 1841 3282 .
1869 3241 1985 3285 Patet
2012 3242 2153 3296 itaque
2169 3238 2230 3282 sa-

1256 3300 1645 3359 neintelligentibus
1667 3315 1719 3344 ex
1745 3300 1942 3358 praedietis
1956 3330 1972 3353 ‚
1999 3300 2197 3355 Regulam
2212 3326 2227 3348 ,

1254 3361 1386 3419 quoad
1401 3362 1706 3405 abdicationem
1724 3360 1982 3417 hujusmodi,
1999 3374 2080 3402 non
2094 3358 2225 3404 solt‘tm

1254 3419 1578 3471 observabilem,
1614 3420 1838 3477 poffibilem
1857 3448 1870 3472 ,
1892 3419 2103 3463 &licitam
2117 3447 2134 3472 ,
2160 3417 2227 3461 sed

1254 3481 1507 3523 meritoriam
1521 3507 1537 3532 ,
1552 3482 1592 3523 δι
1606 3479 1848 3537 perfectam:
1862 3480 1905 3523 δι
1923 3481 1976 3523 eo
1992 3480 2114 3535 magis
2141 3492 2228 3519 me—

1252 3540 1470 3592 ritoriam,
1496 3541 1582 3597 quo
1612 3553 1686 3596 per
1711 3539 1832 3595 ipsam
1850 3537 2093 3582 Profeffores
2109 3540 2223 3594 ipsius

1252 3600 1379 3655 magis
1391 3602 1415 3643 ὲ
1432 3601 1729 3654 temporalibus
1751 3609 1923 3657 propter
1936 3602 2075 3644 Deum
2089 3597 2110 3655 (
2126 3598 2222 3641 ficut

1249 3659 1488 3717 predicitur
1503 3659 1524 3715 )
1537 3659 1784 3716 elongantur
1801 3688 1814 3702 .

1750 3902 1790 3942 H
1820 3913 1845 3941 2
2079 3893 2174 3937 AR-
