2444 4192
328 142 508 252 496

268 301 410 345 tefimo
431 300 738 356 quadragesimo
752 296 886 351 primo
900 293 1104 338 Kalendas
1115 296 1237 352 Junii,

268 358 540 406 pontificatus
550 359 814 412 noitri‚Anno
830 355 968 409 primo
983 356 1136 404 editam
1149 355 1237 396 om'·

266 419 612 474 nibus&fingulis
631 409 921 459 Sacerdotibus
948 424 1031 456 tam
1062 414 1237 457 Saecula-

265 479 397 530 ribus,
423 479 543 534 quam
561 473 830 530 Regularibus
852 472 1133 516 interdiximus
1149 501 1165 525 ,
1195 474 1236 515 &

263 539 544 595 prohibuimus
558 550 636 587 ‚ne
652 532 796 587 aliquis
822 545 966 574 eorum
982 561 999 585 ,
1019 543 1137 576 extra
1167 546 1235 573 ca·

263 597 350 640 sum
364 607 552 639 extremae
567 590 805 636 necessitatis
820 618 835 641 ‚
854 591 1042 633 nimirum
1057 591 1096 633 in
1115 590 1231 647 ipfius

262 657 407 700 mortis
420 653 617 701 articulo,
638 652 679 692 &
695 647 913 692 deficiente
930 660 1026 693 tunc
1039 664 1235 707 quocum-

263 720 344 770 que
357 714 439 756 alio
455 710 676 755 Sacerdote
690 737 704 759 ,
733 708 802 762 qui
828 706 1068 752 Confessarii
1087 723 1233 751 munus

263 774 382 816 obire
400 770 514 827 poffit
525 797 540 819 ,
553 766 851 812 Conseffionem
866 766 1233 813 aeramentalems

261 831 438 887 personae
460 827 675 883 complicis
697 827 737 869 in
769 838 945 882 peccato
973 829 1086 885 turpi
1112 837 1234 884 atque

258 888 492 938 inhonesto,
514 897 660 929 contra
688 885 844 929 sextum
863 887 1062 944 Decalogi
1085 900 1234 943 praece·

259 958 377 1003 ptum
393 945 800 1002 commiflo,excipere
814 946 998 999 auderet3
1015 950 1076 988 ita
1093 957 1138 988 ut
1158 946 1231 987 ab·-

259 1006 440 1056 solutio,
456 1005 481 1047 fi
503 1018 623 1062 quam
639 1004 942 1062 impertivisset,
961 1006 1072 1049 nulla
1085 1033 1098 1055 ‚
1111 1015 1230 1060 atque

258 1066 375 1108 irrita
401 1067 571 1108 omnino
595 1062 689 1107 effet
701 1091 716 1113 ,
742 1074 945 1121 tamquam
966 1066 1172 1120 impertita
1203 1066 1228 1107 a

258 1123 503 1172 Sacerdote,
518 1124 586 1181 qui
618 1122 889 1178 jurisdictione
902 1152 917 1175 ,
940 1125 981 1165 8ι
992 1121 1227 1167 facultate.-

255 1183 308 1224 ad
335 1183 469 1226 valide
497 1181 785 1225 absolvendum
815 1180 1031 1226 necessaria
1060 1182 1128 1236 ipfi
1156 1194 1228 1236 per

255 1246 350 1285 Nos
367 1242 508 1297 vigore
518 1240 690 1295 ejusdem
705 1241 1014 1284 constitutionis
1040 1237 1229 1296 adempti

255 1302 319 1356 pri
328 1311 441 1344 ratus
453 1302 657 1349 existeret,
669 1301 711 1342 δι
721 1300 962 1356 aliis,prout
976 1301 1018 1342 in
1034 1313 1228 1342 memora·

257 1359 302 1401 td
316 1361 629 1410 Constitutione,
643 1359 758 1415 cujus
774 1369 955 1402 tenorem
969 1358 1224 1415 praesentibus

255 1432 335 1473 pro
351 1418 522 1473 plene&
546 1417 787 1461 sufficienter
811 1415 990 1473 expreffo
1016 1418 1058 1459 &
1074 1415 1227 1460 inserto

257 1477 399 1521 haberi
415 1478 600 1519 volumus
614 1504 630 1527 ‚
654 1475 818 1520 uberius
835 1476 986 1519 dicitur
1002 1475 1220 1517 contineri.

374 1539 482 1579 Cum
512 1540 599 1577 Nos
622 1534 791 1575 subinde
805 1533 973 1587 superea
987 1532 1100 1572 dietae
1115 1534 1229 1572 Con·

255 1594 478 1635 stitutionis
493 1602 610 1646 parte
620 1616 635 1638 ,
649 1603 734 1646 quae
748 1591 893 1631 mortis
908 1588 1128 1630 articulum
1144 1588 1229 1644 res·

255 1650 357 1705 picit
373 1678 388 1701 ,
413 1649 689 1692 dubitationes
716 1646 906 1704 quasdam
934 1655 1100 1689 exortas
1116 1643 1227 1688 suiffe

258 1709 486 1764 accepimus
507 1736 520 1759 ,
546 1721 724 1766 quarum
751 1703 1038 1748 resolutionem
1066 1706 1228 1763 privato

254 1766 444 1824 cujusque
457 1765 605 1822 judicio
620 1764 943 1823 relinquendam,
956 1765 1122 1808 minime
1140 1765 1227 1807 exi-

254 1825 476 1877 stimamus,
490 1840 538 1869 ne
553 1829 636 1870 Lex
649 1825 815 1867 incertis
831 1824 1070 1881 conjecturis
1082 1825 1226 1881 &opi-

253 1885 445 1928 nionibus
470 1884 612 1940 jactata
638 1885 677 1927 in
694 1882 819 1926 sensus
840 1884 863 1924 ὰ
881 1894 1013 1927 mente
1044 1884 1224 1928 Nostra-1

254 1943 410 1988 alienos
436 1940 601 1986 forsitan
630 1942 907 1996 distrahatur,
928 1943 1087 2000 ejusque
1106 1945 1225 1998 vigor

251 2002 450 2058 paulatim
465 2002 653 2057 langueat
664 2030 681 2052 ,
708 2011 831 2058 atque
845 2012 1068 2045 enervetur
1084 2015 1098 2047 t
1117 2005 1222 2044 Hinc

255 2059 314 2103 est
327 2090 342 2113 ‚
356 2060 464 2116 quod
483 2062 571 2102 Nos
584 2072 749 2102 omnem
763 2059 979 2102 dubitandi
1001 2059 1224 2111 rationem,

251 2120 452 2176 quantum
465 2133 559 2164 cum
578 2119 754 2163 Domino
767 2117 967 2176 poffumus
978 2148 994 2173 ,
1022 2118 1075 2163 de
1089 2119 1224 2173 medio

252 2177 414 2222 auferre
425 2178 635 2235 cupientes
648 2205 663 2228 ,
680 2189 791 2221 motu
805 2178 972 2234 proprio
983 2206 996 2229 ,
1006 2193 1053 2222 ac
1067 2193 1119 2223 ex
1136 2193 1223 2222 cer-

252 2249 295 2280 ta
312 2236 477 2280 scientia
494 2263 508 2287 ,
529 2238 566 2279 8<
582 2236 741 2280 matura
754 2236 1051 2282 deliberatione
1066 2238 1222 2290 nostris,

252 2298 388 2353 deque
403 2296 643 2353 Apostolicae
654 2296 860 2353 potestatis
880 2296 1134 2353 plenitudine
1145 2312 1223 2341 me-

251 2367 452 2399 moratam
470 2356 814 2399 Constitutionem
827 2357 1002 2399 nostram
1018 2371 1113 2400 cum
1133 2371 1224 2400 om-

250 2416 371 2461 nibus
385 2415 424 2457 &
440 2414 600 2471 lingulis
615 2415 652 2458 in
666 2429 712 2458 ea
730 2416 932 2460 contentis
963 2427 1106 2460 tenore
1119 2430 1224 2472 prae-

251 2474 426 2519 sentium
440 2500 455 2523 ,
480 2484 674 2530 qnatenus
686 2488 787 2531 opus
801 2474 846 2518 fit
859 2502 875 2525 ,
904 2473 1191 2520 confirmamus
1206 2504 1223 2527 ,

254 2534 447 2590 illamque
462 2533 620 2591 integre
633 2562 648 2586 ‚
665 2534 825 2591 penitus
838 2535 878 2578 δι
889 2536 1058 2579 omnino
1074 2565 1089 2589 ‚
1105 2544 1227 2592 atque

252 2595 303 2635 ab
322 2589 469 2644 illis,ad
483 2606 585 2649 quos
597 2587 800 2648 spectant&
817 2608 892 2651 pro
905 2604 1088 2648 tempore
1099 2608 1227 2650 quan·

253 2652 484 2706 documque
497 2651 703 2707 spectabit,
715 2652 1070 2704 inviolabiliter,&
1083 2654 1224 2695 incon·

252 2708 365 2752 cesse
390 2710 597 2751 observari
621 2706 1220 2766 precipimur,&mandamus.

381 2768 576 2810 preterea
602 2767 738 2809 habita
767 2767 879 2823 ssiper
914 2767 975 2809 hit
1008 2781 1102 2811 cum
1138 2768 1222 2812 Vc·

254 2825 422 2869 nerabiii
453 2826 580 2868 Fratri
598 2826 748 2868 Nostro
765 2826 1000 2875 Vincentio,
1018 2824 1219 2882 Episcopo

252 2882 518 2934 Praenetiino,
530 2885 678 2926 Sancta·
695 2885 886 2927 Romane
920 2884 1104 2928 Ecclefiae
1117 2889 1223 2929 Car-

254 2941 381 2986 dinali
399 2943 517 2986 Petra
532 2952 784 2998 nuncupato,
797 2943 1111 2987 Poenitentiario
1134 2947 1223 2987 No·

254 3003 336 3044 stro
351 2999 499 3056 Maiori
513 3026 528 3050 ,
553 3014 601 3043 ae
620 3000 774 3044 dilectis
800 3002 910 3046 Filiit
925 3001 1059 3047 officii
1084 3002 1222 3048 Poeni·

252 3060 446 3104 tentiariae
461 3058 701 3115 Apostolicae
716 3060 932 3111 Ministrit,
946 3063 1015 3119 qui
1031 3076 1117 3106 rem
1133 3060 1221 3119 jus-

253 3120 293 3162 su
316 3118 465 3162 Nostro
477 3118 634 3163 mature
656 3121 987 3176 perpenderunt.
1016 3120 1220 3165 delibera-

254 3181 365 3221 tione
379 3207 394 3230 ,
410 3189 521 3221 motu
535 3205 551 3229 ‚
566 3178 726 3221 scientia
742 3205 756 3230 ,
768 3180 808 3221 ἀ
822 3179 1027 3237 potcstatis
1042 3180 1221 3238 plenitu-

252 3239 346 3280 dine
362 3240 524 3294 psribut
536 3236 734 3281 edicimus
745 3264 760 3290 ‚
784 3252 830 3282 ac
845 3239 1098 3284 declaramus
1111 3266 1125 3290 ,
1155 3253 1220 3285 en-

252 3296 345 3339 dem
362 3295 666 3340 Constitutione
683 3295 858 3352 lingulis,
871 3310 917 3343 ut
932 3297 1059 3354 supra,
1075 3304 1218 3344 Sacer·

254 3355 416 3398 dotibus
430 3385 443 3407 ,
455 3355 797 3413 quemadmodum
828 3357 1085 3401 interdictum
1102 3372 1213 3403 notu

255 3414 310 3455 ess
342 3416 379 3458 in
395 3417 541 3458 mortis
552 3414 726 3458 articulo
753 3414 959 3471 personam
975 3418 1012 3460 in
1033 3416 1216 3473 predicto

254 3475 363 3529 turpi
380 3484 549 3530 peccato
560 3473 807 3530 complicem
822 3475 1087 3520 confitentem
1102 3476 1217 3519 audi-

254 3543 327 3582 re,
351 3544 466 3588 atque
492 3533 543 3575 ab
571 3531 796 3590 hujusmodi
812 3547 974 3592 quoque
989 3534 1108 3592 culpa
1138 3535 1217 3579 rite

252 3591 475 3632 contritam
492 3589 723 3645 absolvere,
746 3590 964 3639 deficiente
993 3604 1090 3639 tunc
1115 3608 1218 3653 quo·

254 3659 429 3705 cumque
444 3649 525 3691 alio
542 3650 781 3702 Sacerdote,
793 3653 863 3708 qui
876 3650 1117 3699 Conscii'arii
1133 3667 1222 3699 mu·

777 137 941 256 Sub
1001 134 1398 223 Benedicffo
1459 137 1552 222 X
1574 133 1740 224 JV.

1300 308 1412 346 vere,
1431 304 1476 337 ut
1491 296 1515 338 fi
1530 296 1634 340 alius
1646 297 1789 353 aliquis
1806 297 2006 342 Sacerdos
2023 311 2106 342 non
2121 294 2267 340 desae-³
2356 342 2361 345 ,

1295 355 1349 395 rit
1363 380 1378 403 ,
1403 355 1549 398 etiamti
1566 354 1676 398 forte
1701 357 1768 397 iste
1781 358 1882 398 alius
1896 356 2067 412 .fimplex
2082 350 2266 400 tan'tum-

1296 411 1421 454 modo
1434 415 1632 458 Sacerdos
1649 413 1771 456 fuerit
1785 442 1800 466 ,
1826 415 1905 454 five
1929 416 2024 460 alias
2041 417 2091 459 ad
2105 413 2265 459 confes-

1295 473 1421 513 siones
1435 475 1654 517 audiendas
1673 487 1756 515 non
1781 471 2027 528 approbatus
2041 504 2058 525 ,
2072 475 2185 530 poffit
2200 475 2264 516 ni-

1296 529 1515 575 hilominus
1540 532 1621 588 ipse
1642 533 1843 574 Sacerdos
1868 530 2030 586 fimplex
2050 532 2265 575 consenio-

1292 603 1386 633 nem
1402 592 1604 647 excipere,
1617 605 1663 634 ac
1678 589 1976 634 absolutionem
1992 591 2238 645 impertite,
2253 601 2268 630 ε

1294 650 1425 691 Porro
1439 678 1455 701 ‚
1465 650 1490 692 fi
1505 650 1619 692 casfis
1640 650 1820 704 urgentis
1833 648 2025 704 qualitas,
2035 650 2074 690 &
2088 663 2267 694 concur-

1293 718 1428 751 rentes
1442 709 1749 753 circumstantiae
1762 738 1778 759 ,
1811 720 1895 763 quae
1918 707 2042 750 vitari
2072 719 2156 749 non
2167 708 2263 764 pos-

1294 767 1367 809 fint
1379 795 1397 817 ,
1412 766 1609 824 ejusmodi
1625 766 1774 810 suerint
1789 792 1803 815 ,
1820 776 1863 806 ut
1879 765 1982 809 alius
1997 765 2196 810 Sacerdos
2209 766 2262 810 ad

1293 825 1531 868 audiendam
1547 827 1771 869 constituta:
1786 825 1827 867 in
1843 826 1954 867 dicto
1981 824 2158 867 articulo
2173 837 2263 880 per·

1294 884 1398 927 sonae
1413 882 1699 929 confeffionem
1719 884 1855 927 vocari
1868 911 1883 935 ,
1912 894 1984 928 aut
1996 883 2198 927 accedere
2211 886 2263 926 fi-

1294 957 1343 985 ne
1359 946 1476 997 gravi
1493 942 1627 1000 aliqua
1649 945 1855 986 exoritura
1866 940 2028 985 infamia
2040 972 2056 994 ,
2070 943 2135 985 vel
2149 942 2262 985 scan-

1288 1002 1387 1043 dalo
1403 1013 1573 1058 nequeat
1590 1032 1604 1054 ‚
1620 1012 1716 1045 tunc
1732 1003 1856 1045 alium
1886 1003 2152 1045 Sacerdotem
2166 1016 2261 1057 per-

1290 1060 1384 1103 inde
1398 1061 1536 1103 haberi
1550 1090 1566 1111 ,
1601 1060 1833 1117 censerique
1854 1058 1959 1117 poffe
1971 1090 1987 1112 ,
2017 1075 2062 1102 ac
2078 1062 2105 1102 st
2121 1075 2262 1104 revera

1288 1116 1439 1162 abeiset
1458 1148 1474 1171 ,
1500 1130 1623 1175 atque
1645 1118 1841 1163 deficeret
1857 1148 1873 1171 ,
1899 1134 1946 1163 ae
1964 1119 2142 1175 proinde
2155 1120 2194 1163 in
2206 1133 2262 1163 eo

1289 1192 1428 1221 rerum
1458 1179 1561 1222 statu
1590 1192 1670 1222 non
1697 1180 1904 1235 prohiberi
1933 1179 2045 1222 socio
2083 1178 2262 1222 criminis

1289 1238 1502 1281 Sacerdoti
1534 1237 1834 1283 absolutionem
1866 1237 2085 1294 poenitenti
2114 1239 2165 1281 ab
2210 1251 2263 1281 eo

1288 1311 1452 1355 quoque
1467 1297 1634 1339 crimine
1646 1297 1974 1351 impertiri.Sciat
1987 1306 2124 1339 autem
2140 1309 2258 1339 com-

1288 1356 1381 1413 plex
1405 1354 1600 1413 ejusmodi
1630 1356 1830 1399 Sacerdos
1846 1384 1861 1407 ,
1891 1357 1931 1398 δι
1961 1354 2065 1398 serio
2077 1355 2260 1398 animad-

1289 1424 1422 1458 vertat
1435 1444 1450 1465 ,
1467 1413 1555 1457 fore
1569 1413 1608 1457 se
1624 1428 1670 1455 re
1685 1414 1769 1468 ipsa
1794 1428 1935 1456 coram
1954 1416 2067 1462 Deo,
2081 1414 2152 1468 qui
2166 1414 2260 1456 irri-

1289 1473 1377 1514 deri
1392 1485 1474 1513 non
1487 1470 1644 1526 potest,
1657 1484 1772 1512 reum
1784 1472 1922 1524 gravis
1948 1471 2142 1514 adversus
2157 1485 2258 1526 prte-

1287 1528 1435 1570 dietam
1460 1528 1636 1569 nostram
1652 1527 2004 1577 constitutionem
2020 1530 2263 1574 inobedien-

1288 1587 1377 1637 tiae,
1392 1584 1562 1641 latisque
1575 1585 1619 1630 in
1635 1600 1681 1628 ea
1697 1587 1832 1642 poenis
1849 1587 2068 1632 obnoxium
2083 1615 2097 1639 ,
2117 1591 2142 1631 fi
2159 1603 2261 1645 prae.

1286 1645 1401 1688 dietae
1415 1642 1584 1688 infamiae
1595 1674 1611 1698 ‚
1623 1654 1692 1688 aut
1710 1646 1882 1689 scandali
1910 1647 2088 1701 pericula
2111 1649 2180 1691 fibi
2197 1649 2260 1692 ul*-

1287 1715 1353 1748 tro
1376 1705 1458 1761 ipse
1475 1701 1679 1761 confingat
1693 1734 1711 1756 ,
1724 1706 1793 1748 ubi
1806 1719 1889 1748 non
1902 1704 1995 1749 sunt
2007 1719 2021 1748 ε
2036 1708 2256 1751 imointel·

1286 1764 1416 1820 ligat,
1435 1764 1560 1806 teneri
1578 1762 1616 1806 se
1639 1763 1822 1820 graviter
1845 1763 2075 1822 hujusmodi
2094 1767 2260 1821 pericu-

1286 1823 1326 1867 la
1341 1852 1356 1876 ,
1369 1825 1620 1880 quantumin
1634 1822 1673 1865 se
1686 1824 1767 1866 erit
1779 1852 1795 1872 ,
1807 1828 2071 1867 antevertere
2088 1851 2103 1874 ,
2119 1825 2183 1868 vel
2198 1838 2261 1868 re·-

1288 1895 1456 1926 movere
1479 1882 1725 1938 opportunis
1749 1882 1938 1925 adhibitis
1968 1884 2110 1926 mediis
2125 1883 2261 1933 ..unde

1284 1941 1353 1984 fiat
1369 1971 1384 1994 ,
1398 1951 1445 1985 ut
1458 1940 1579 1983 alteri
1594 1941 1743 1993 ,cuivis
1758 1942 1974 1986 Sacerdoti
1989 1943 2256 1999 loeus-pateat

1284 2001 1394 2045 illius
1406 1999 1657 2043 confessionis
1673 1999 1819 2057 absque
1835 2000 1943 2044 illius
1970 1999 2135 2045 infamia
2149 2028 2165 2052 ,
2187 2001 2255 2045 vel

1283 2058 1478 2106 seandalo
1504 2058 1732 2102 audiendae.
1760 2062 1825 2102 Ita
1840 2059 1948 2103 enim
1980 2058 2106 2117 ipsum
2123 2058 2257 2105 teneri

1286 2121 1429 2176 vigore
1444 2130 1678 2162 memoratae
1691 2118 1832 2163 nostroe
1852 2121 2169 2164 Constitutionis
2181 2118 2258 2163 de·

1284 2178 1481 2222 claramus
1494 2191 1510 2232 3
1521 2179 1563 2220 &
1575 2192 1683 2221 nunc
1696 2179 1860 2236 quoque
1873 2179 1932 2221 ita
1943 2180 2011 2237 ipsi
2025 2179 2257 2223 faciendum

1283 2238 1361 2281 eise
1393 2238 1571 2281 districte
1602 2237 1838 2280 mandamus
1853 2266 1869 2290 ,
1898 2238 1956 2280 &⁷
1966 2240 2216 2295 precipimus
2237 2265 2250 2280 .

1282 2297 1412 2353 Quod
1427 2296 1451 2339 fi
1468 2296 1576 2339 idem
1590 2295 1794 2341 Sacerdos
1815 2305 1885 2339 aut
1899 2299 2042 2354 quovis
2058 2296 2184 2341 modo
2201 2298 2258 2340 se·

1283 2358 1321 2400 se
1349 2355 1461 2400 nulla
1487 2357 1600 2412 gravi
1626 2354 1856 2399 necestitate
1879 2356 2110 2412 compulsus
2125 2354 2257 2412 inges-

1283 2414 1408 2468 serit,
1422 2424 1491 2458 aut
1508 2414 1576 2458 ubi
1593 2413 1762 2458 infamiae
1776 2444 1790 2467 ,
1812 2413 1876 2459 vel
1891 2414 2069 2458 scandali
2093 2408 2254 2472 pe'ricu·

1287 2475 1372 2519 lum
1392 2476 1562 2518 timetur
1574 2500 1590 2524 ,
1607 2473 1632 2517 fi
1648 2473 1816 2517 alterius
1835 2473 2071 2519 Sacerdotis
2098 2487 2255 2532 opert.»

1289 2534 1530 2592 requirenda
1545 2536 1619 2585 fit,
1643 2533 1726 2589 ipse
1746 2533 1796 2576 ad
1820 2532 1860 2575 id
1915 2533 2111 2576 ericulum
2141 2546 2258 2579 aver-

1288 2593 1461 2637 tendum
1484 2604 1663 2645 congrua
1690 2591 1825 2634 media
1849 2603 1873 2632 a
1907 2590 2051 2634 hibere
2065 2592 2118 2634 de
2134 2590 2257 2635 indu-

1285 2651 1379 2694 stria
1394 2649 1649 2706 neglexerit,
1678 2658 1796 2704 atque
1819 2649 1875 2690 ita
1900 2649 2075 2705 persone
2092 2650 2131 2692 in
2145 2649 2255 2693 dieto

1282 2709 1455 2752 crimine
1484 2706 1698 2764 complicis
1712 2734 1726 2758 ,
1743 2722 1766 2752 e
1821 2720 1871 2751 ue
1902 2707 1942 2750 in
1973 2708 2149 2752 articulo
2161 2733 2175 2758 ,
2206 2716 2253 2760 ut

1281 2766 1493 2824 prefertur
1508 2795 1525 2819 ,
1540 2764 1764 2810 constitute
1806 2766 2118 2818 aeramentalem
2149 2780 2251 2813 conv

1286 2826 1490 2871 sessionem
1505 2825 1696 2880 excipere
1710 2853 1725 2877 ,
1738 2823 1789 2868 ab
1801 2838 1931 2882 eoque
1943 2825 2118 2871 crimine
2136 2822 2250 2869 abso·

1283 2885 1486 2929 lurionem
1513 2882 1650 2939 largiri
1674 2881 1818 2935 nullst,
1840 2882 1938 2930 ficut
1962 2885 2251 2943 premittitur,

1282 2942 1492 2988 necessaria
1503 2940 1622 2986 causi
1636 2952 1806 2999 cogente
1814 2942 2248 3003 presumpserinquam·

1283 3004 1342 3047 vis
1375 3001 1601 3060 hujusmodi
1624 3002 1824 3047 absolutio
1855 3002 1988 3047 valida
2020 3001 2155 3048 futura
2185 3001 2249 3053 fit.

1281 3062 1509 3107 dummodo
1522 3075 1572 3106 ex
1586 3071 1700 3118 parte
1724 3061 1960 3117 poenitentis
1975 3060 2249 3120 dispositiones

1280 3123 1305 3167 ὃ
1324 3122 1489 3167 Christo
1507 3120 1686 3165 Domino
1699 3120 1750 3164 ad
1775 3122 2024 3166 sacramenti
2041 3122 2253 3167 Poeniten·

1283 3181 1349 3224 tie
1366 3181 1545 3226 valorem
1575 3180 1768 3238 requiiitae
1786 3194 1868 3226 non
1895 3178 2127 3226 defuerint:
2153 3183 2250 3225 Non

1279 3240 1529 3284 intendimur
1557 3251 1694 3284 autem
1724 3254 1797 3298 pro
1821 3237 2084 3285 formidando
2109 3239 2249 3283 mortis

1279 3299 1457 3345 articulo
1471 3297 1603 3344 eidem
1618 3298 1845 3348 Sacerdoti,
1857 3299 2114 3357 quantumvis
2141 3297 2249 3341 indi-

1280 3373 1378 3417 gno,
1394 3357 1648 3404 necessariam
1663 3356 1981 3417 jurisdinionem
1994 3354 2155 3402 auferre
2166 3386 2182 3408 ,
2197 3369 2246 3399 ne

1280 3417 1355 3461 hac
1374 3417 1457 3476 iptfi
1471 3417 1682 3463 ocealione
1704 3416 1847 3476 aliquit
1862 3427 1996 3476 pereat
2009 3428 2026 3470 ;
2038 3415 2248 3460 nihilomi-

1279 3492 1350 3521 nus
1364 3475 1567 3523 Sacerdos
1583 3476 1664 3535 ipse
1678 3476 1837 3522 tiolntoe
1858 3473 1951 3521 auiis
1965 3471 2161 3532 ejusmodi
2183 3482 2249 3519 te-

1282 3537 1454 3581 merario
1481 3536 1599 3594 Legis
1620 3548 1758 3593 poentr
1783 3546 2030 3591 nequaquam
2050 3532 2244 3591 effugiet3

1282 3610 1328 3639 ac
1345 3606 1560 3654 propterea
1584 3594 1707 3640 latam
1723 3594 1762 3638 in
1775 3592 1880 3637 dicta
1905 3593 2246 3639 Constitutione-a

1283 3655 1476 3709 maiorem
1509 3651 1968 3698 excommunicationem
1984 3681 1998 3704 ,
2025 3651 2247 3708 eodemque

257 3719 327 3748 nus
340 3708 455 3750 obire
473 3706 583 3762 pom:
601 3734 614 3757 ,
629 3712 681 3751 ita
698 3711 887 3755 interdici
906 3728 949 3757 re
967 3712 1044 3771 ips-i
1063 3715 1100 3756 δε
1117 3727 1213 3768 pro·
1276 3714 1395 3768 plane
1411 3712 1654 3769 mod02qtto
1668 3710 1816 3755 ibidem
1832 3711 2082 3765 decernitur,
2102 3710 2245 3763 Nobis,

255 3765 590 3826 bibetipraedieto
604 3768 725 3811 modo
741 3780 836 3814 tunc
864 3772 1001 3818 audire
1023 3773 1062 3815 δι
1083 3770 1211 3819 absol·
1272 3775 1313 3818 δι
1339 3775 1432 3834 huic
1460 3773 1611 3819 sanet:
1641 3769 1738 3817 Sedi
1763 3769 2008 3817 reservatam
2032 3771 2212 3815 incurrat
2228 3794 2243 3820 .

2068 3836 2190 3886 prout
