2444 4192
640 191 802 275 Sub
863 191 1297 275 Innocentio
1362 188 1405 270 I
1421 189 1528 275 V.

102 346 165 398 fi,
179 344 244 388 vel
260 358 332 399 per
346 342 544 398 proprios
555 340 721 383 nuntios
742 339 901 385 solvere
917 340 1073 383 malue—

101 407 217 455 rint,
244 403 517 459 praesentare:
540 401 580 443 &
605 398 746 442 taliter
777 398 1072 453 praesentatusi

102 464 308 511 Fratribus
327 475 410 504 non
424 461 479 504 est
494 471 634 505 eorum
649 459 831 510 nuntius,
846 460 946 502 licet
969 471 1069 512 pra·—

100 521 277 565 sentetur
291 520 341 562 ab
357 519 445 576 iplis
458 547 474 569 ‚
489 517 552 561 sed
567 516 674 559 illius
697 517 851 573 potius,
869 518 982 571 cujus
997 530 1068 558 au·

95 578 287 624 'etot-itate
308 577 559 622 solutionem
588 572 713 624 facit,
742 574 805 617 seu
833 575 1067 630 recipientis

98 642 310 682 eamdem:
334 638 436 680 &ad
453 635 612 693 ipsum(
629 632 654 675 fi
672 629 807 676 soluto
833 642 978 688 emptae
1007 634 1067 675 rei

93 697 228 754 pretio
251 697 303 740 de
321 694 546 752 hujusmodi
573 693 830 747 eleemosyna
859 703 1067 735 remaneat

74 755 247 812 ‘aliquid
269 756 374 812 apud
404 754 531 811 eum)
556 749 712 810 poii'unt
747 751 873 794 etiam
904 754 1067 795 Fratres

95 829 175 870 pro
189 814 262 856 suis
276 814 564 858 neceffitatibus
581 841 595 863 ,
621 811 684 854 vel
710 811 939 853 commodis
956 811 1067 853 licite

93 876 244 917 habere
270 874 470 916 recursum
495 901 507 912 .
537 871 578 914 Si
604 872 700 914 vero
730 884 803 925 pro
840 870 931 912 aliis
969 871 1066 912 Fra·

97 941 205 976 trum
221 931 534 979 necessitatibus,
549 939 619 974 aut
633 929 861 972 commodis
880 926 1067 971 nomine·

96 1001 168 1035 tur
187 990 334 1047 aliquis
348 1017 363 1039 ,
388 990 451 1034 vel
480 991 742 1045 praesentetur
756 989 807 1032 ab
821 989 905 1037 eis,
935 988 1066 1044 potest

95 1049 167 1092 ille
181 1050 425 1094 commiss‘am
452 1049 522 1090 fibi
538 1046 852 1104 eleemosynam,
866 1047 965 1090 ficut
983 1052 1072 1090 Do-

94 1110 232 1153 minus
247 1108 486 1152 conservare
501 1136 514 1159 ,
548 1108 612 1150 vel
627 1109 732 1164 apud
756 1108 1034 1164 spiritualem..
1053 1133 1068 1156 ‚

93 1168 160 1212 vel
187 1167 428 1210 familiarem
453 1166 626 1209 amicum
657 1170 845 1209 Fratrum
880 1167 1065 1207 nomina-

93 1236 208 1279 tum,
227 1224 293 1268 vel
321 1239 402 1268 non
431 1225 681 1267 nominatum
713 1227 764 1268 ab
780 1225 865 1280 iplis
880 1224 1066 1279 depone-

95 1299 140 1330 re
154 1315 170 1338 ,
184 1299 253 1342 per
271 1299 364 1328 eum
382 1284 503 1335 loco,
518 1284 556 1325 &
574 1292 782 1340 tempore,
798 1297 873 1342 pro
888 1284 1065 1338 ipsorum

93 1343 392 1389 neceffitatibus
423 1371 439 1394 ,
474 1344 514 1384 &
538 1345 769 1386 commodis
794 1369 808 1392 ,
835 1342 935 1386 ficut
967 1345 1066 1386 Fra-

98 1414 181 1448 tres
195 1401 388 1459 expedire
403 1401 582 1444 viderint
595 1433 610 1454 ‚
636 1400 937 1458 dispensandam
950 1430 965 1453 ,
999 1401 1066 1446 seu

93 1463 216 1507 etiam
241 1461 292 1505 ad
322 1459 537 1505 Personam
554 1489 569 1512 ‚
603 1461 666 1505 vel
694 1463 785 1504 loca
798 1462 876 1505 alia
894 1460 1066 1505 transse-

95 1522 262 1567 rendam
279 1550 291 1562 .
307 1521 369 1564 Ad
384 1533 483 1576 quos
497 1520 621 1563 etiam
647 1522 807 1564 Fratres
833 1535 912 1577 pro
930 1520 1064 1573 hujus-

97 1580 211 1624 modi
239 1579 533 1624 neceliitatibus
561 1609 577 1631 ,
616 1578 680 1623 stu
716 1580 945 1625 commodis
974 1578 1065 1623 sani

94 1638 340 1683 eonstientia
355 1651 571 1682 recurrere
598 1648 820 1695 poterunt:
850 1639 1023 1681 maxime
1043 1640 1069 1680 li

96 1696 351 1753 negligentes
381 1694 558 1750 fuerint,
591 1697 657 1741 vel
689 1696 969 1748 neceffitares,
1000 1707 1069 1742 aut

96 1756 358 1800 incommoda
374 1756 655 1812 ignoraverint
670 1756 896 1803 eorundem
913 1787 929 1809 ,
957 1758 997 1799 δι
1012 1766 1068 1801 ta-

96 1816 194 1860 liter
205 1817 404 1859 nominati
420 1843 436 1868 ,
467 1815 532 1860 vel
549 1815 774 1876 presentati
789 1817 809 1860 i
827 1817 1037 1860 Fratribus
1052 1845 1067 1868 ‚

98 1873 281 1919 nonsunt
298 1888 443 1918 eorum
454 1875 589 1919 nuntii
603 1903 618 1926 ,
633 1873 700 1919 seu
725 1875 955 1932 depositarii
970 1890 982 1919 ε
1000 1875 1066 1919 sed

97 1932 282 1985 illorum,
295 1935 320 1979 ὲ
332 1934 474 1990 quibus
489 1936 678 1989 pecunia,
693 1935 759 1979 vel
778 1936 932 1980 denarii
949 1949 1065 1979 com-

101 1991 319 2032 mittuntur
330 2005 346 2032 s
358 2005 429 2033 nec
444 1995 604 2041 Fratres
617 2008 690 2047 per
703 1994 760 2044 se,
774 1994 840 2040 vel
853 2010 923 2050 per
938 1997 1068 2038 inter·

105 2045 255 2104 politas
271 2045 455 2102 personas
468 2074 484 2097 ‚
505 2047 691 2089 denarios
704 2073 719 2094 ‚
741 2050 806 2091 vei
825 2054 1072 2101 pecuniam-0

98 2107 303 2160 recipiunt
332 2105 607 2151 nominando,
623 2115 694 2147 aut
710 2105 987 2158 praesentando
1020 2107 1070 2146 fic

97 2165 256 2216 aliquos
271 2189 286 2212 ‚
301 2166 366 2202 stru
380 2159 431 2199 ad
449 2158 678 2211 hujusmodi
705 2161 938 2198 nominatos
952 2183 966 2204 ‚
1001 2161 1065 2199 vel

93 2218 350 2278 praei‘entatos
374 2217 518 2258 taliter
540 2213 822 2265 recurrendo;
857 2228 952 2257 cum
980 2227 1065 2257 non

22 2297 24 2305 >
94 2279 144 2323 iit
158 2274 394 2321 intentionis
406 2286 551 2319 eorum
565 2302 581 2326 ‚
593 2283 639 2317 ut
667 2272 720 2315 de
734 2272 913 2328 ipsorum
928 2274 1065 2316 aueto-

98 2338 219 2383 ritate
234 2333 463 2392 hujusmodi
480 2333 663 2384 denarii,
691 2331 755 2376 vel
773 2332 942 2388 pecunia
962 2345 1067 2374 con-

98 2395 333 2448 serventur,
361 2402 432 2436 aut
461 2394 511 2436 ab
526 2393 583 2435 eis
614 2392 777 2436 nomine
794 2391 965 2446 depofiti
982 2392 1069 2434 exi-

101 2466 270 2515 ganturt
289 2452 389 2497 licet
403 2452 585 2501 nunciis,
608 2450 672 2495 vel
699 2450 957 2507 depolitariis
980 2451 1071 2507 ipsis

99 2515 408 2560 committantur
439 2526 514 2569 pro
532 2509 760 2555 necestitate
776 2537 791 2559 ,
823 2510 889 2553 vel
911 2510 1073 2553 incom-

106 2573 232 2617 modo
244 2570 477 2617 eorumdem
488 2600 499 2612 .

102 2660 111 2671 .
150 2633 183 2684 ἦ
197 2642 240 2685 ς’.
298 2630 454 2674 Etcum
478 2630 517 2673 in
541 2630 646 2673 dic'ta
671 2628 831 2684 Regula
857 2627 1071 2685 subjunga-

101 2703 200 2744 tur,
222 2691 333 2748 quod
364 2704 438 2745 pro
463 2689 762 2735 neceffitatibus
785 2685 1041 2733 infirmorum
1058 2715 1072 2737 ,

101 2753 139 2796 δι
159 2750 248 2793 aliis
263 2749 469 2795 Fratribus
484 2748 699 2793 induendis
714 2777 728 2800 ,
746 2763 816 2804 per
832 2747 986 2790 amicos
1001 2745 1074 2801 spi-

101 2808 272 2854 rituales
285 2807 456 2852 Ministri
479 2810 635 2853 tantum
649 2837 665 2860 ,
685 2811 725 2852 &
746 2807 944 2851 Custodes
958 2806 1072 2850 solli-

78 2863 80 2869 ’
106 2869 227 2913 citam
241 2882 378 2911 curam
395 2877 538 2922 gerant
549 2897 564 2919 ,
577 2867 729 2912 debent
744 2866 813 2910 alii
832 2869 993 2910 Fratres
1005 2880 1072 2908 cu-

101 2941 190 2973 ram
206 2926 454 2983 hujusmodi,
481 2940 568 2981 quae
586 2925 763 2981 praefatis
781 2926 969 2970 Ministris
983 2955 998 2978 ,
1028 2927 1068 2968 δι

105 2986 350 3034 Custodibus
370 3000 420 3029 ex
437 2984 594 3041 Regula
619 2983 813 3042 praecipue
837 2986 1038 3031 incumbit
1054 3013 1069 3035 ,

74 3100 78 3102 v
107 3059 198 3093 eum
214 3045 282 3089 fibi
310 3045 358 3086 ab
380 3045 462 3088 illis
481 3043 687 3088 eommiffa
699 3043 823 3088 suerit
840 3073 856 3098 ,
881 3059 1070 3103 gerere.)

107 3104 330 3160 diiigenter
349 3132 363 3143 .

83 3207 85 3209 ¹
159 3164 242 3217 §.4
295 3163 482 3206 Dicimus
510 3163 699 3217 insuper,
722 3163 866 3221 quod,
889 3178 982 3208 cum
1001 3164 1072 3207 itt-³

51 3220 88 3270 [²25
110 3220 187 3287 ipsa
197 3223 457 3267 contineatur
467 3222 654 3278 expressi:
668 3252 681 3273 ,
704 3223 818 3278 quod
834 3225 998 3266 Fratres
1013 3223 1074 3264 ni·

51 3250 91 3332 {J
112 3280 169 3326 hil
194 3280 261 3326 fibi
279 3282 570 3339 approprient,
596 3296 668 3328 nec
700 3283 867 3326 domum
883 3311 898 3332 ,
917 3296 993 3325 nec
1017 3281 1075 3324 lo-

83 3331 97 3386 ἶ
116 3351 202 3382 eum
214 3367 230 3392 ,
245 3355 316 3384 nec
333 3340 506 3398 aliquam
520 3355 606 3383 rem
622 3367 637 3391 ,
668 3356 743 3384 nec
771 3342 810 3384 in
834 3340 1072 3387 communi,

95 3403 242 3454 :meque
266 3399 305 3442 in
330 3399 494 3455 speciali
515 3401 664 3466 debent
694 3401 982 3456 proprietatem
1009 3400 1075 3440 ha-

120 3481 121 3484 =
150 3469 209 3505 re
221 3486 239 3509 ,
252 3457 324 3506 sed
337 3460 520 3502 locorum
533 3486 548 3508 ‚
573 3462 612 3502 &
625 3459 840 3502 domorum
855 3487 869 3508 ,
894 3473 937 3501 ac
959 3468 1072 3501 uten-

109 3534 111 3537 ·
182 3523 184 3526 ’
205 3530 270 3565 tn,
295 3518 338 3561 ἅ
361 3517 588 3571 librorum,
616 3521 811 3562 &eorum
833 3519 1071 3566 mobilium,

127 3583 207 3627 qut
222 3574 316 3620 licet
339 3577 512 3629 habere,
540 3578 661 3622 Ordo
685 3576 798 3623 usum
830 3580 1001 3629 habeat3
1032 3577 1073 3618 &

126 3629 277 3697 Psatrer
285 3633 501 3680 necandum
514 3638 626 3694 quod
643 3638 880 3688 Generalis,
898 3637 960 3679 vel
978 3638 1076 3678 Pro·

127 3690 308 3753 vineales
336 3696 505 3740 Ministri
532 3695 827 3752 disponendum
857 3697 1043 3739 duxerint
1060 3720 1074 3741 a

121 3758 177 3787 ⁶¹⁸
191 3753 475 3804 “matta-nnec
491 3755 609 3800 vendi
623 3756 771 3801 debent
788 3756 896 3806 loca,
912 3755 1074 3805 domus,

122 3803 186 3846 Vel
204 3804 600 3872 mobilii'ihujusmodi
613 3846 630 3868 ,
654 3815 718 3862 seu
743 3825 859 3861 extra
875 3815 1073 3860 Ordinem

1933 221 2038 302 23

1134 341 1412 390 commutari,
1437 351 1508 382 aut
1533 339 1704 383 alienari
1730 352 2058 400 quoquomodo,
2091 350 2113 392 a

1131 398 1436 453 quibuscunque
1450 398 1632 453 personis
1644 402 1694 442 ad
1725 401 1839 442 usum
1858 407 2078 451 Fratrum,
2097 436 2113 459 ,

1128 458 1298 504 donata,
1316 460 1504 508 vendita,
1517 469 1746 512 permutata
1760 489 1774 510 ‚
1790 459 1856 502 seu
1870 475 2111 517 quocunque

1129 515 1236 573 justo
1263 517 1393 557 modo
1411 517 1477 559 vel
1495 517 1691 559 translata
1711 517 1785 558 lint
1802 545 1816 568 ,
1847 520 1915 561 vel
1939 519 2068 562 suerin
2078 534 2111 571 t,

1128 575 1196 618 nifi
1213 575 1449 628 Apostolica
1465 576 1590 619 Sedes
1604 605 1618 627 ,
1651 576 1715 619 vel
1750 577 1937 619 Eccleiiae
1955 579 2113 620 Roma·

1129 648 1186 677 nae
1200 634 1438 677 Cardinalis
1453 663 1468 686 ,
1485 636 1554 691 qui
1571 649 1648 690 pro
1675 646 1862 691 tempore
1890 634 2012 678 fuerit
2028 639 2110 679 Or-

1127 692 1233 735 dinis
1252 695 1535 746 Gubernator,
1551 695 1747 738 Generali
1764 723 1778 746 ,
1793 692 1861 738 seu
1876 695 2117 737 Provincia-

1128 752 1236 795 libus
1252 753 1447 795 Ministris
1463 756 1748 797 auctoritatem
1781 752 1899 810 super
1931 755 2009 796 hoc
2023 768 2116 809 prae.

1129 813 1276 860 buerit,
1294 811 1358 853 vel
1377 812 1598 866 affensum3
1614 827 1707 856 cum
1726 824 1808 854 tam
1826 814 2115 862 immobilium,

1127 875 1246 926 quam
1259 871 1476 914 mobilium
1494 870 1723 928 hujusmodi
1737 870 1798 927 jus
1812 900 1826 923 ,
1854 873 2107 929 proprietas,

1127 932 1167 972 δι
1179 929 1411 973 dominium
1429 931 1448 987 (
1465 931 1546 974 illis
1562 930 1657 974 solis
1673 932 1852 988 exceptis
1866 961 1881 983 ,
1908 932 1949 974 in
1963 933 2111 988 quibus

1131 988 1315 1043 expresse
1330 990 1570 1039 donatores,
1586 990 1651 1034 seu
1669 991 1937 1035 translatores
1951 991 2020 1034 fibi
2038 1003 2116 1046 ρο-

1132 1049 1315 1092 testatem
1328 1080 1342 1100 ‚
1355 1051 1397 1092 δι
1411 1050 1640 1093 dominium
1667 1048 1885 1094 reservasse
1917 1049 2117 1094 constite-

1130 1109 1219 1166 rit)
1246 1108 1365 1151 nullo
1397 1108 1524 1153 modo
1552 1109 1604 1152 ad
1636 1109 1854 1153 Ecclesiam
1879 1109 2003 1166 ipsam
2031 1107 2117 1163 spe-

1127 1169 1234 1210 ctent
1248 1181 1262 1210 τ
1278 1169 1344 1212 cui
1360 1167 1507 1211 domus
1525 1197 1539 1221 ,
1551 1170 1591 1211 ἃ.
1605 1169 1697 1213 loca
1714 1168 1900 1225 pra-‚dicta
1915 1182 2011 1212 cum
2029 1170 2111 1211 Ec-

1129 1225 1278 1278 clefiis‚
1294 1229 1334 1270 &
1348 1229 1503 1271 caeteris
1519 1228 1592 1271 suis
1611 1228 1866 1285 pertinentiis
1881 1227 1901 1284 (
1915 1241 2002 1284 quae
2017 1240 2111 1270 om·

1129 1287 1191 1328 nia
1208 1287 1247 1329 in
1261 1286 1323 1343 jus
1336 1314 1351 1335 ,
1383 1288 1423 1330 δι
1435 1289 1732 1344 proprietatem
1757 1287 1871 1331 Beati
1900 1286 2013 1330 Petri
2042 1285 2108 1329 su-

1126 1344 1339 1402 scipimus)
1355 1348 1524 1389 omnino
1541 1358 1621 1389 tam
1636 1349 1676 1390 in
1692 1346 2111 1403 spirituralibus,quim

1128 1405 1427 1460 temporalibus
1440 1406 1681 1450 immediate
1709 1403 1857 1449 subeffe
1871 1402 2116 1446 noscuntur.

1129 1466 1193 1507 De
1209 1463 1354 1506 vilibus
1368 1472 1502 1505 autem
1518 1465 1737 1507 mobilibus
1753 1492 1768 1515 ,
1798 1462 1861 1506 vel
1881 1477 2024 1518 parum
2047 1474 2116 1502 va·

1129 1522 1306 1565 lentibus
1325 1522 1420 1564 licet
1436 1524 1646 1566 Fratribus
1663 1523 1827 1578 pietatis
1844 1550 1858 1572 ,
1892 1520 1959 1564 seu
1976 1521 2111 1564 devo·

1131 1582 1257 1624 tionis
1273 1582 1422 1624 intuitu
1438 1610 1454 1632 ,
1488 1583 1552 1626 vel
1567 1597 1644 1638 pro
1660 1583 1739 1626 alia
1758 1581 1923 1625 honesta
1940 1608 1954 1630 ,
1986 1581 2027 1622 δι
2046 1593 2112 1622 ra·

1131 1640 1321 1683 tionabili
1337 1639 1483 1696 causa(
1499 1640 1674 1685 obtenta
1690 1643 1800 1697 prius
1817 1643 1937 1696 super
1956 1641 2034 1681 hoc
2050 1639 2115 1680 su-

1130 1701 1335 1757 periorum
1365 1700 1527 1743 suorum
1555 1701 1887 1754 licentii)extra
1908 1699 2111 1744 Ordinem

1129 1759 1220 1802 aliis
1236 1758 1402 1816 elargiri
1420 1789 1432 1801 .

1201 1819 1238 1869 ξ.
1254 1830 1295 1868 5.
1369 1819 1480 1863 Illud
1511 1834 1675 1877 quoque
1710 1820 1878 1877 Reguloe
1911 1816 2108 1874 pradiaae

1130 1877 1373 1934 Capitulum
1387 1907 1400 1930 ,
1416 1879 1483 1921 ubi
1497 1880 1621 1922 dicit:
1637 1890 1683 1923 ut
1707 1881 1733 1922 si
1748 1882 1816 1936 qui
1844 1882 2031 1922 Fratrum
2049 1878 2116 1924 inq

1130 1936 1302 1992 stigante
1329 1939 1494 1982 humani
1521 1940 1684 1995 generis
1712 1940 1880 1982 inimico
1894 1967 1908 1988 ,
1924 1933 2114 1979 mortali-

1130 2007 1198 2039 ter
1213 1998 1478 2053 peccaverint
1491 2029 1507 2050 ,
1522 2013 1599 2053 pro
1614 2000 1694 2043 illis
1710 1998 1892 2056 peccatis
1906 2023 1920 2043 ‚
1953 1995 2006 2037 de
2021 1992 2114 2050 qui-

1133 2056 1210 2095 bus
1233 2056 1476 2099 ordinatum
1505 2056 1630 2102 fuerit
1647 2062 1753 2102 inter
1771 2061 1936 2102 Fratres
1950 2081 1965 2104 ,
1994 2064 2038 2095 ut
2054 2066 2117 2096 re·

1134 2117 1324 2148 curratur
1351 2110 1401 2149 ad
1431 2111 1541 2152 solos
1569 2117 1778 2157 ministros
1802 2112 2081 2157 provinciales
2098 2139 2116 2162 ,

1133 2172 1354 2204 teneantur
1369 2168 1545 2226 praedieti
1568 2170 1731 2213 Fratres
1762 2169 1811 2212 ad
1828 2182 1902 2212 eos
1919 2182 2113 2211 recurre-

1128 2229 1173 2258 re
1187 2243 1202 2266 ,
1217 2223 1461 2269 quamcitius
1476 2230 1673 2272 poterunt
1689 2229 1771 2264 fine
1787 2239 1900 2266 mora
1917 2253 1933 2273 ‚
1958 2225 2010 2266 ad
2028 2241 2115 2267 ma·

1127 2274 1264 2317 nifeila
1280 2275 1439 2317 tautum
1452 2302 1465 2324 ,
1482 2277 1523 2318 dt
1539 2279 1703 2332 publica
1718 2282 1900 2337 pertinet
1924 2293 1936 2322 :
1952 2282 2118 2336 poffunt

1129 2344 1265 2377 tamen
1295 2334 1430 2377 eidem
1445 2337 1621 2380 Ministri
1646 2353 1722 2394 pro
1754 2342 1947 2383 Fratrum
1962 2340 2118 2384 labori·

1134 2394 1212 2436 bus
1228 2421 1242 2445 ,
1255 2394 1295 2435 δι
1309 2393 1545 2448 periculosis
1571 2396 1815 2440 discursibus
1838 2398 2040 2442 evitandis
2053 2429 2068 2453 ,
2085 2402 2113 2442 si

1135 2452 1329 2509 expedire
1345 2452 1524 2495 viderint
1541 2483 1555 2505 ,
1571 2456 1816 2499 Culiodibus
1831 2484 1846 2508 ,
1874 2457 1914 2498 δι
1928 2457 2018 2500 aliis
2034 2460 2118 2502 dis-

1134 2513 1261 2556 cretis
1279 2514 1494 2556 Fratribus
1512 2514 1904 2572 Presbyterissuper
1930 2516 1977 2557 iis
1992 2531 2111 2560 com-

1134 2572 1301 2615 mittere
1329 2572 1438 2615 vices
1453 2571 1566 2617 suas.
1579 2577 1782 2620 Volumus
1799 2586 1936 2618 autem
1950 2602 1965 2623 ,
1982 2586 2027 2618 ut
2043 2576 2113 2632 ipfi

1135 2630 1306 2674 Ministri
1330 2632 1577 2676 constituant
1602 2665 1618 2687 ,
1656 2636 1720 2679 vel
1748 2634 1936 2678 constitui
1961 2633 2114 2678 saciant

1134 2700 1200 2736 tot
1218 2705 1290 2746 per
1306 2691 1562 2742 Provincias,
1576 2704 1677 2751 quot
1696 2694 1747 2737 ad
1763 2697 1839 2738 hoc
1868 2692 2122 2737 neceffarioe

1134 2751 1324 2794 noverint
1338 2751 1390 2794 de
1415 2754 1700 2798 maturioribus
1715 2781 1729 2802 ,
1748 2756 1784 2796 St
1801 2752 2111 2797 discretioribus

1137 2810 1349 2854 Fratribus
1377 2812 1674 2856 Sacerdotibus
1691 2844 1706 2866 ,
1733 2813 1802 2869 qui
1829 2812 1949 2868 super
1981 2812 2115 2870 hujus·

1135 2869 1246 2912 modi
1263 2871 1468 2925 peccatis,
1481 2886 1573 2914 cum
1597 2874 1764 2915 occulta
1778 2902 1793 2924 ‚
1818 2872 1885 2916 vel
1916 2872 2108 2928 privata..

1131 2930 1289 2974 fuerint
1305 2929 1496 2981 ,audiant
1514 2933 1759 2985 poenitentes
1773 2958 1788 2980 ,
1808 2932 1877 2974 nifi
1894 2932 2110 2985 Ministris,

1133 3000 1200 3032 aut
1216 2990 1461 3032 Custodibus
1475 2989 1550 3034 suis
1563 2991 1613 3033 ad
1629 2991 1719 3034 loca
1732 3004 1876 3035 eorum
1890 2990 2109 3035 declinan-

1134 3050 1241 3091 tibus
1255 3048 1474 3091 maluerint
1490 3048 1708 3094 confiteri.

1163 3109 1249 3158 §.6.
1266 3108 1329 3150 Ad
1346 3108 1427 3150 haec
1440 3123 1517 3165 pro
1529 3109 1705 3164 eo,quod
1725 3109 1930 3165 iuRegula
1945 3108 2114 3155 dicitur,

1135 3178 1178 3210 ut
1205 3165 1438 3211 decedente
1453 3169 1649 3212 Generali
1665 3170 1853 3211 Ministro
1868 3179 1883 3219 ,'
1900 3171 1919 3212 a
1939 3168 2111 3212 Provin-

1134 3226 1305 3268 cialibus
1323 3226 1520 3270 Ministris
1536 3254 1550 3277 ,
1579 3229 1620 3269 δι
1644 3228 1892 3271 Custodibus
1917 3227 1956 3269 in
1982 3226 2109 3280 Capi-

1134 3284 1224 3327 tulo
1238 3285 1495 3328 Pentecostes
1510 3284 1580 3328 fiat
1593 3286 1741 3329 electio
1756 3284 2017 3338 Succefforis3
2033 3286 2111 3327 Di-

1135 3344 1287 3395 cimus,
1301 3345 1411 3399 quod
1428 3343 1670 3400 lingularum
1696 3346 2007 3388 Provinciarum
2022 3346 2110 3386 Cu-

1133 3402 1264 3445 stodes
1280 3417 1406 3446 unum
1419 3418 1468 3446 ex
1485 3405 1523 3446 se
1546 3404 1790 3448 constituant
1808 3430 1822 3452 ,
1840 3418 1958 3459 quem
1981 3418 2108 3447 cum,

1133 3460 1204 3503 suo
1232 3463 1483 3506 Provinciali
1503 3463 1687 3506 Ministro
1702 3477 1776 3518 pro
1797 3461 1883 3518 ipfis
1897 3462 1948 3504 ad
1975 3463 2103 3516 Capi-

1133 3522 1264 3563 tulum
1287 3522 1463 3578 dirigant
1484 3549 1499 3572 ,
1532 3536 1651 3565 voces
1681 3522 1768 3565 suas
1799 3521 2106 3566 committentes

1136 3580 1267 3623 eidem
1289 3610 1301 3621 .

1195 3638 1278 3689 §.7.
1341 3643 1394 3682 Et
1420 3653 1512 3682 cum
1526 3638 1640 3694 juxta
1667 3640 1834 3696 Regulae
1857 3638 2031 3696 praefatae
2050 3647 2109 3679 te·

1134 3712 1296 3749 norem,
1312 3698 1413 3741 nulli
1438 3701 1629 3742 Fratrum
1645 3699 1767 3744 liceat
1782 3699 1939 3755 populo
1964 3696 2107 3753 praedi-

1136 3772 1252 3808 care,
1270 3758 1336 3800 nisi
1350 3761 1373 3802 a
1386 3757 1578 3812 Magistro
1594 3759 1788 3802 Generali
1818 3757 1939 3800 fuerit
1954 3754 2107 3796 exami-

1137 3828 1253 3860 natus
1267 3843 1280 3867 a
1296 3819 1336 3860 &
1348 3819 1614 3875 approbatus,
1628 3822 1666 3862 &
1686 3818 1755 3862 fibi
1771 3815 1947 3859 officium
1961 3809 2107 3909 pez-:rdi-
