2444 4192
870 124 1052 205 Sub.
1094 127 1167 208 S.
1211 124 1347 208 Pio
1414 121 1518 205 V·

207 279 299 318 *aste
311 269 443 317 nostra
453 263 524 324 pcr
538 263 745 310 censuram
761 266 1087 320 Ecclesiaflieam,
1103 283 1169 324 ap·
1201 267 1206 272 ”
1230 273 1361 312 lurnus
1374 298 1389 320 ,
1403 272 1444 311 δε
1456 268 1595 311 eadem
1611 262 1844 318 Apostolica
1857 272 2091 317 auctoritate
2107 279 2180 319 des

1948 151 2117 234 279

215 330 431 391 pellatione
452 325 662 381 postposita
673 351 690 376 ,
720 324 1004 377 compescendo
1019 353 1034 376 ,
1053 329 1169 367 invo—
1228 327 1432 366 cernimus
1445 350 1462 372 ,
1473 323 1583 378 quod
1599 322 1843 362 monitiones
1856 350 1868 372 ‚
1884 331 2174 382 requisitiones,

213 400 305 433 cato
332 386 454 429 etiam
483 385 535 427 ad
562 385 650 434 hoc,
665 383 691 425 si
717 394 817 436 opus
830 379 950 422 fuerit
965 410 979 432 ,
1010 384 1165 426 auxilio

212 445 363 490 brachii
395 441 588 486 saecularis
604 470 618 492 ,
645 443 683 484 δι
704 437 961 482 nihilominus
976 440 1163 493 legitimis

211 504 324 559 super
338 503 397 544 his
415 517 485 558 per
506 515 577 545 vos
592 497 781 544 habendis
794 495 955 539 servatis
968 497 1156 551 procem-

208 564 280 605 bus
297 591 310 614 ‚
326 561 418 604 illos
432 588 445 611 ,
462 575 564 618 quos
580 559 761 603 censuras
788 557 828 597 δι
853 568 994 612 poenas
1012 552 1153 606 praefa-

208 632 332 670 tas,ac
346 620 536 675 alias-,per
553 633 622 661 vos
630 620 707 673 pro
722 626 901 669 tempore
913 612 1165 663 latas,incur-

207 678 295 722 risse
321 679 434 720 vobis
450 677 672 720 constiterit
683 703 698 726 ‚
714 687 778 717 eas
806 671 1010 715 incurrisle
1026 669 1161 713 decla-

111 780 123 791 ,
207 739 309 780 retis
323 764 337 787 ,
357 751 403 779 ac
423 736 596 779 censuris
621 733 804 790 ἀρα-πίε
825 730 1159 787 praedietis,quo-

206 797 284 839 ties
297 810 396 851 opus
414 794 562 847 fuerit,
581 795 702 837 etiam
727 791 880 834 iteratis
908 789 1062 833 vicibus
1087 802 1155 845 ag-

207 867 371 909 gravare
386 865 534 896 curetis
547 883 558 895 .

320 914 541 961 Caetert‘im,
556 912 580 954 si
611 924 682 967 per
706 905 1157 952 sirmmariaminsorms-

203 970 357 1013 tionem
383 985 453 1026 per
482 984 552 1013 vos
574 970 686 1027 super
709 970 754 1012 iis
767 967 1018 1016 habendam,
1037 965 1157 1008 etiam

201 1030 317 1072 vobis
343 1029 598 1080 constiterit,
619 1028 726 1086 quod
751 1028 802 1070 ad
818 1027 931 1075 loca,
961 1025 1156 1081 inquibus

199 1088 531 1141 molestatores‚&
547 1089 794 1145 injuriatores
810 1083 1047 1140 hujusmodi,
1061 1097 1159 1126 nec·

201 1160 286 1190 non
299 1155 463 1189 caeteros
481 1175 497 1198 ,
526 1160 628 1204 quos
661 1145 870 1203 presentes
902 1143 1048 1186 litterae
1064 1156 1156 1185 con·

200 1214 404 1255 cernunt,
425 1218 501 1260 pro
527 1214 711 1260 tempore
725 1203 871 1246 morari
901 1202 1123 1256 contigerit
1139 1230 1155 1251 ,

228 1277 277 1306 ro
290 1261 577 1304 monitionibus
590 1290 604 1314 ‚
622 1260 943 1317 requisitionibus
957 1287 972 1310 ,
995 1261 1036 1300 Bt
1048 1259 1153 1300 inhi-

243 1321 422 1365 tionibus
443 1319 563 1375 ipsis,
588 1333 636 1362 sc
660 1317 919 1361 citationibus
946 1318 999 1360 de
1027 1317 1085 1359 eis
1099 1316 1156 1357 sa·

201 1379 353 1424 ciendis
366 1389 479 1422 tutus
493 1391 577 1423 non
593 1387 731 1437 pateat
744 1374 909 1420 accessus
922 1404 939 1428 ,
969 1380 1060 1420 Nos
1083 1386 1155 1416 vo-

200 1440 263 1483 bis
293 1438 538 1482 monitiones
555 1466 570 1491 ‚
599 1435 903 1494 requisitiones,
931 1435 972 1477 Sc
990 1431 1154 1479 citatio·

201 1513 297 1547 nes,
317 1510 364 1540 ac
376 1496 639 1539 inhibitiones
663 1494 889 1553 quaslibet,
915 1505 998 1536 tant
1010 1501 1155 1535 eontra

205 1555 408 1612 injudicio
438 1553 671 1612 praes‘entcs,
699 1553 818 1611 quim
839 1553 941 1596 alios
954 1552 1151 1610 quoscun-

203 1629 281 1671 que
300 1613 366 1658 sua
388 1613 699 1671 quomodolibet
726 1610 908 1656 intereffe
939 1620 1155 1668 putantes,

200 1675 241 1716 Gt.
265 1686 502 1730 quacunque
530 1674 766 1716 aneton-itate
788 1699 803 1722 ‚
836 1673 914 1713 five
955 1670 1154 1724 dignitate

200 1729 483 1791 proesulgentes
500 1760 516 1782 ,
542 1731 581 1773 in
599 1730 798 1778 decreto,
820 1727 887 1773 seu
913 1729 1155 1771 executione

195 1791 314 1834 dicte
331 1791 533 1834 citationis
548 1817 563 1840 ‚
583 1789 659 1834 sive
677 1789 924 1833 inhibitionis
948 1788 1156 1830 nominan-

203 1848 431 1901 dos‚etiam
443 1846 518 1891 sub
534 1848 678 1893 eisdem
696 1846 872 1892 censuris
885 1875 902 1899 ‚
927 1847 1068 1890 aesliis
1092 1860 1155 1888 ar·

189 1908 332 1964 ¹bitrio
374 1907 504 1950 vestro
545 1905 795 1964 imponendis
833 1909 874 1949 δι
903 1904 1153 1960 applicandis

204 1966 335 2022 poenis
352 1992 366 2016 ,
379 1962 502 2008 etiam
521 1963 778 2020 pecuniariis,
792 1964 915 2005 etiam
942 1976 1014 2017 per
1029 1962 1157 2004 edicta

204 2024 366 2081 publica
382 2052 397 2076 ,
414 2022 512 2068 locis
536 2022 731 2080 affigenda
746 2022 941 2076 publicis,
971 2021 1011 2061 δι
1036 2018 1156 2073 parti-

206 2081 380 2127 bus-illis
414 2081 554 2126 vicinis
580 2110 594 2134 ,
634 2082 686 2125 de
709 2082 852 2136 quibus
883 2081 928 2121 sit
966 2077 1157 2121 verisimi-

204 2141 254 2184 lis
281 2140 544 2198 conjefiiura,
575 2140 684 2195 quod
711 2140 760 2181 ad
778 2138 950 2194 ipsorum
979 2138 1157 2179 monito·

203 2211 322 2249 rum,
338 2195 644 2253 requisitorurn,
670 2196 943 2238 &citatorum
972 2195 1157 2235 notitiam

199 2257 414 2313 pervenire
431 2252 588 2298 valcant
599 2281 613 2305 ,
625 2251 798 2296 faciendi
814 2255 873 2304 ,δι
888 2251 1157 2301 decernendi,

201 2314 346 2372 eosqtte
362 2312 543 2365 citandi,
569 2327 618 2355 ac
633 2311 781 2356 eisdem
798 2310 1124 2354 molestatoribus
1138 2338 1154 2360 ,

204 2372 504 2431 injuriatoribus
518 2401 532 2424 ,
545 2370 924 2423 contradictoribus,
937 2372 979 2412 δι
990 2368 1152 2413 rebelli-

201 2433 276 2476 bus
289 2461 305 2483 ,
333 2433 372 2474 δι
393 2431 480 2474 aliis
496 2432 625 2487 poenis
639 2459 654 2483 ,
681 2430 804 2473 etism
822 2429 1062 2486 pecuniariis
1086 2426 1155 2471 suo

204 2491 371 2535 arbitrio
386 2489 645 2533 moderandis
660 2517 674 2539 ,
689 2489 895 2531 inhibendi
910 2516 925 2539 ,
938 2486 1080 2544 easque
1095 2488 1155 2529 in-

200 2550 359 2594 currisse
372 2548 493 2592 modo
506 2545 700 2604 premisso
722 2546 986 2597 declarandi,
1013 2560 1155 2602 aggra-

199 2608 350 2662 sandi,
372 2608 414 2651 δι
434 2607 625 2651 auxilium
647 2607 800 2649 brachii
829 2604 1021 2651 secularis
1037 2606 1154 2648 invo-

151 2717 154 2719 ,
201 2666 317 2722 candi
342 2678 359 2720 ;
399 2680 558 2710 necnon
583 2663 719 2709 causas
741 2690 759 2717 ,
793 2666 832 2708 &
857 2664 1152 2709 controversias

199 2725 862 2836 2:¹³iiaiq5‘fffit’ffifizffl
876 2724 1152 2827 ’giiii-'iffi’

860 2812 876 2834 2
1139 2811 1154 2834 2

203 2856 250 2885 ac
272 2841 439 2884 aliarum
465 2841 719 2897 personarum
749 2841 1003 2896 praesatarum
1038 2842 1154 2896 super

201 2900 399 2958 quibusvis
424 2899 538 2943 rebus
572 2900 610 2940 δε
641 2899 837 2953 negotiis,
849 2910 977 2942 motas
1004 2901 1042 2942 δι
1070 2912 1153 2940 mo-

204 2959 352 3003 vendas
380 2987 396 3010 ,
423 2957 552 3000 active
576 2958 617 2998 δι
640 2954 785 3012 passivis
809 2986 824 3009 ‚
849 2973 940 3002 cum
966 2957 1153 3001 omnibus

99 3020 102 3023 ⁴
122 3045 123 3050 =
201 3019 243 3060 δι
257 3016 413 3072 singulis
425 3030 565 3059 eorum
581 3014 850 3059 incidentibus
861 3045 874 3068 ,
884 3016 1155 3072 dependenti·

202 3077 276 3121 bus
289 3106 304 3129 ,
325 3077 365 3118 &
382 3074 676 3131 emergentibus
694 3100 709 3124 ,
731 3075 892 3118 annexis
905 3105 921 3127 ,
940 3076 982 3118 δι
1009 3088 1154 3118 conne-

202 3136 287 3187 xis,
311 3135 435 3178 modo
461 3130 677 3191 praemisso,
697 3135 736 3175 &
772 3142 853 3176 tam
879 3133 1154 3188 conjunctim,

122 3211 123 3214 ¹
209 3194 324 3260 quam
345 3192 501 3238 divisim
526 3219 541 3242 ‚
582 3192 749 3235 arbitrio
776 3192 908 3237 vestro
934 3188 1151 3240 audiendi,

207 3252 474 3309 cognoscendi
498 3280 513 3304 ,
542 3250 757 3295 decidendi
780 3281 795 3305 ,
815 3254 854 3295 δι
880 3251 919 3293 in
945 3250 1020 3294 suis
1050 3250 1151 3293 flatu

209 3309 249 3350 ἃ
263 3311 442 3355 terminis
467 3308 727 3354 reassumendi
741 3337 756 3362 ,
775 3312 816 3353 δι
837 3308 917 3352 fine
941 3308 1084 3352 debito
1106 3306 1155 3351 fi·

213 3365 343 3412 aiensi
372 3399 388 3424 ,
417 3372 456 3412 δι
480 3368 728 3414 terminandi
754 3381 768 3412 ε
805 3381 965 3413 necnon
993 3370 1152 3410 senten·

211 3425 288 3467 tias
311 3439 384 3482 per
410 3442 480 3471 vos
518 3428 701 3472 serendas
731 3457 746 3481 ,
776 3429 981 3485 postquam
1011 3424 1152 3469 transi·

214 3482 345 3544 verint
362 3487 402 3528 in
426 3501 511 3531 rem
537 3487 758 3544 judicatam
773 3516 788 3539 ,
811 3488 875 3530 vel
892 3487 989 3530 alias
1003 3483 1153 3542 dejure

211 3543 436 3586 executioni
450 3545 559 3589 locus
577 3543 696 3590 suerit
712 3576 727 3598 ‚
752 3545 890 3590 debite
903 3542 1157 3601 exequendi,

207 3601 249 3641 ’δι
266 3601 489 3645 executioni
509 3604 803 3656 demandandi,
837 3605 1024 3662 plenam,
1047 3606 1088 3646 &
1109 3602 1158 3645 li.

211 3659 345 3722 beram
361 3685 377 3708 s
390 3662 618 3706 earumdem
634 3674 777 3707 tenore
794 3662 1040 3721 praesentium
1059 3676 1157 3706 con-

213 3715 390 3759 cedimus
409 3715 637 3764 facultatem
660 3723 699 3765 ει
728 3724 957 3778 potestatem
978 3755 988 3763 .
1005 3726 1065 3765 Ac
1081 3735 1154 3763 vo-

1220 383 1437 423 citationes
1451 405 1467 427 ‚
1496 378 1758 419 inhibitiones
1789 381 1839 419 sic
1858 381 1960 423 factae
1978 386 2026 424 hu
2031 387 2176 439 jusum,

1222 439 1287 489 di,
1300 433 1403 490 ipsos
1419 435 1596 476 monitos
1608 461 1624 484 ,
1639 436 1844 489 requisitos
1855 465 1870 486 ,
1884 440 2033 482 citatos
2047 445 2108 491 ,&
2123 446 2181 485 in-

1218 495 1365 538 hibitos
1379 496 1530 534 arflent
1546 492 1711 545 perinde
1724 518 1740 540 s
1767 509 1812 534 ac
1830 494 1853 534 fi
1871 496 1927 537 eis
1943 495 2051 539 factat
2064 526 2078 547 ,
2095 490 2181 542 infi-'

1218 562 1347 595 nuata:
1362 579 1375 602 ,
1388 553 1425 592 δι
1443 552 1633 592 intimate
1646 553 1912 606 personaliter
1935 555 2153 598 extitissent
2166 585 2178 598 .

1225 612 1374 665 sicque
1388 610 1427 651 in
1451 611 1645 665 praemissis
1663 613 1858 654 -omnibus
1874 614 1912 654 δι
1927 612 2085 668 singulis
2109 630 2181 670 per

1221 669 1482 726 quoscunque
1499 669 1683 725 judices,
1695 672 1733 712 δι
1752 669 2067 723 Commissarios,
2082 687 2181 727 qua·

1219 731 1279 771 vis
1307 728 1544 771 auctoritate
1567 726 1778 783 fungentes
1793 760 1807 783 ,
1832 731 1957 773 etiam
1972 730 2176 776 causarum

1218 787 1363 832 Palatii
1392 785 1614 843 Apostolici
1647 788 1869 832 Auditores
1894 816 1908 839 ,
1932 804 1978 832 ac
2006 795 2047 835 S.
2062 790 2108 833 R.
2129 794 2177 833 E.

1220 846 1460 891 Cardinales
1474 874 1488 896 ,
1505 844 1659 888 sublata
1675 848 1732 888 eis
1748 876 1761 899 ,
1776 851 1815 890 δι
1830 863 1974 892 corum
1987 850 2173 898 cuilibet,

1248 909 1359 948 navis
1382 906 1504 947 aliter
1533 903 1738 950 iudicandi
1764 934 1781 958 ,
1810 910 1850 950 δι
1881 908 2177 964 interpretandi

1218 922 1411 1010 iiacultate
1425 992 1438 1016 ,
1450 965 1491 1006 &
1502 963 1741 1007 auctoritate
1754 964 1924 1021 judicari
1939 997 1954 1018 ,
1968 969 2009 1008 δι
2031 966 2178 1011 desini·

1218 1026 1442 1075 ridebere,
1468 1023 1689 1066 acirritum
1713 1025 1752 1064 &
1777 1027 1893 1069 inane
1907 1028 2102 1082 quidquid
2120 1024 2178 1069 se·

1220 1098 1288 1128 cus
1302 1084 1419 1139 super
1433 1083 1494 1125 his
1510 1082 1749 1139 iquoquam
1765 1110 1782 1136 ,
1805 1086 1943 1141 quavis
1957 1088 2177 1129 auctorita-

1218 1154 1258 1186 tc
1283 1172 1298 1195 ‚
1323 1144 1491 1186 scienter
1523 1141 1584 1183 vel
1602 1142 1837 1195 ignoranter
1865 1146 2086 1201 contigerit
2113 1154 2176 1186 at-

1217 1204 1367 1244 tentari
1384 1229 1395 1240 ·
1410 1204 1504 1243 Non
1521 1201 1768 1244 obstantibus
1786 1214 1868 1246 tam
1882 1203 2012 1247 felicis
2027 1218 2096 1247 rec
2104 1217 2175 1246 or-

1214 1260 1387 1303 dationis
1403 1257 1596 1302 Bonifatii
1611 1260 1724 1317 Papa
1744 1264 1861 1305 vul.
1878 1261 2177 1306 Praedecefforis

1217 1319 1370 1369 nostri,
1399 1331 1476 1372 qua
1504 1328 1673 1360 cavetur
1693 1349 1709 1370 ,
1734 1333 1785 1360 ne
1806 1320 1893 1374 quis
1904 1331 2020 1363 extra
2036 1325 2178 1364 suarna

1216 1376 1449 1419 Civitatem
1480 1377 1519 1417 δι
1546 1376 1787 1425 Dioecesim,
1818 1377 1886 1419 nisi
1914 1379 1953 1419 in
1969 1384 2091 1420 certis
2108 1392 2180 1419 ex·

1217 1449 1266 1478 ce
1295 1436 1349 1478 tis
1370 1434 1520 1477 casibus
1533 1459 1547 1480 ‚
1560 1434 1748 1477 &inillis
1765 1435 1875 1478 ultra
1889 1450 2008 1479 unam
2025 1438 2177 1480 dietam

1215 1495 1239 1538 ὶ
1289 1492 1420 1538 nesut
1449 1492 1642 1536 Dioecesis
1669 1494 1720 1536 ad
1737 1492 1932 1548 judicium
1956 1506 2180 1547 evocetur,

1218 1551 1286 1595 seu
1315 1567 1367 1596 ne
1387 1552 1549 1609 judices
1585 1552 1605 1592 i
1639 1552 1744 1595 Sede
1783 1554 1968 1608 proedieia
1995 1556 2177 1610 deputati

1215 1622 1328 1656 extra
1345 1612 1568 1654 Civitatem
1584 1610 1623 1651 δι
1642 1611 1874 1665 Dioecefim‚
1885 1615 1923 1656 in
1947 1616 2089 1670 quibus
2103 1615 2176 1655 de-

1218 1672 1349 1727 putati
1367 1669 1514 1714 fiterint
1525 1697 1541 1720 ‚
1564 1681 1705 1712 contra
1719 1672 1973 1728 quoscunque
1987 1673 2178 1728 procede·

1217 1744 1260 1773 re
1274 1758 1289 1780 ,
1302 1741 1370 1772 aut
1389 1730 1456 1780 alii
1474 1757 1488 1780 ,
1502 1728 1566 1771 vel
1579 1728 1668 1770 aliis
1699 1730 1804 1771 vices
1820 1732 1900 1772 suas
1918 1733 2178 1774 committere

1216 1789 1452 1844 praesumant
1471 1815 1485 1837 ,
1500 1789 1541 1829 δι
1553 1787 1606 1828 de
1620 1788 1773 1829 duabus
1796 1789 1915 1831 dietis
1931 1790 1970 1831 in
1986 1790 2179 1832 Concilio

1216 1847 1412 1890 Generali
1430 1845 1535 1889 edita
1552 1871 1567 1894 2
1593 1845 1817 1888 dummodo
1829 1847 1937 1889 ultra
1953 1859 2036 1890 tres
2051 1848 2178 1889 dietas

1215 1906 1359 1962 aliquis
1388 1905 1528 1963 vigore
1555 1903 1808 1960 presentium
1824 1905 1872 1947 ad
1889 1905 2082 1959 judicium
2100 1918 2179 1947 non

1216 1968 1428 2014 tcahatur,
1452 1964 1517 2004 seu
1539 1963 1649 2017 quod
1677 1963 1730 2005 de
1741 1963 1856 2012 aliis,
1873 1966 1993 2021 quim
2009 1962 2176 2006 manife-

1219 2021 1283 2062 stis
1309 2020 1468 2073 injuriis
1494 2020 1534 2060 δι
1560 2020 1794 2068 violentiis,
1812 2035 1858 2063 ae
1876 2022 1963 2064 aliis
1980 2051 1994 2072 ,
2019 2022 2179 2078 quaeju·

1218 2078 1407 2121 dicialem
1431 2091 1511 2120 non
1543 2079 1750 2133 requirant
1763 2078 1989 2134 indaginem
2002 2107 2016 2129 ‚
2046 2080 2180 2135 poenis

1219 2139 1258 2180 in
1278 2151 1371 2184 eos,
1388 2138 1457 2192 qui
1472 2135 1581 2178 secus
1601 2137 1779 2190 egerint,
1792 2137 1885 2180 &in
1902 2137 1941 2179 id
1956 2150 2179 2193 procuran-

1218 2206 1281 2237 tes
1306 2194 1469 2248 adjectis
1494 2220 1510 2242 ‚
1535 2195 1858 2237 conservatores
1883 2196 1919 2239 sc
1946 2196 2178 2240 nullatenus

1219 2253 1510 2299 intromittant,
1525 2254 1646 2308 quim
1666 2253 1754 2294 aliis
1775 2255 2074 2309 quibuscunque
2086 2269 2181 2297 con·

1217 2311 1495 2354 stitutionibus
1526 2310 1545 2352 ὲ
1574 2311 1766 2354 Romanis
1794 2311 2060 2356 Pontificibus
2077 2317 2179 2357 Pte·

1214 2371 1483 2414 decessoribus
1499 2369 1643 2412 nostris
1660 2397 1674 2419 ‚
1689 2380 1771 2412 tam
1784 2371 1837 2414 de
1850 2371 2053 2429 judicibus
2063 2372 2179 2416 delc-

1217 2431 1349 2487 gatis,
1380 2431 1499 2487 quam
1526 2428 1702 2483 personis
1733 2429 1839 2472 ultra
1865 2442 2024 2474 eertum
2039 2446 2177 2474 nume-

1218 2502 1308 2532 rum
1334 2490 1383 2533 ad
1413 2487 1609 2545 judicium
1641 2502 1724 2531 non
1755 2489 1973 2538 vocandis,
1998 2501 2065 2532 aut
2080 2491 2176 2534 alias

1216 2547 1337 2590 editis
1352 2575 1367 2595 ,
1398 2560 1484 2603 qut
1499 2546 1634 2589 vestra:
1661 2547 1700 2588 in
1728 2548 1800 2589 hac
1817 2559 1928 2603 parte
1943 2548 2095 2603 possent
2112 2548 2174 2603 ju.

1215 2606 1431 2661 risdietioni
1450 2617 1520 2649 aut
1535 2604 1899 2664 potestati,ejusque
1911 2607 2045 2650 libero
2061 2622 2173 2649 exer·

1213 2666 1317 2708 citio
1344 2665 1654 2722 quomodolibet
1679 2668 1847 2710 obviare
1875 2678 1890 2709 :
1928 2665 2173 2725 Qodque„

1215 2726 1302 2766 Vos
1319 2753 1334 2774 ,
1363 2724 1456 2767 filii
1482 2724 1710 2771 canonici,
1735 2723 1942 2768 officiales
1969 2726 2173 2768 &vicarii

1214 2798 1293 2826 non
1307 2783 1388 2826 sitis
1410 2783 1464 2826 de
1476 2780 1656 2840 personis
1671 2810 1684 2833 ‚
1698 2797 1786 2839 quae
1808 2784 1995 2841 deputari
2018 2783 2171 2840 possunt

1214 2843 1255 2884 in
1269 2841 1586 2885 conservatores
1601 2869 1612 2881 .
1629 2842 1855 2899 Privilegiis
1865 2855 2025 2898 quoqne
2040 2843 2175 2884 indul·

1214 2901 1266 2941 tis
1280 2925 1296 2948 ,
1328 2899 1527 2943 &litteris
1558 2898 1802 2953 Apostolicis
1818 2926 1833 2948 ,
1853 2914 1898 2942 sc
1913 2902 2173 2955 exemptioni-

1213 2959 1314 3006 bus,
1336 2958 1627 3006 facultatibus,
1649 2958 1691 2999 δι
1716 2958 1806 3001 aliis
1831 2958 2171 3006 conservatoriis,

1215 3032 1286 3071 per
1298 3020 1407 3065 Nos,
1422 3027 1491 3061 aut
1506 3013 1669 3059 eosdem
1699 3011 2005 3059 Praedeceffores
2017 3015 2170 3057 nostros

1215 3078 1422 3117 Romanos
1430 3070 1641 3117 Pontifices
1654 3074 1855 3129 quibusvis
1872 3073 2024 3116 Ecclesi
2034 3074 2168 3122 is,Mo·

1212 3133 1392 3177 nasteriis
1407 3159 1421 3181 ,
1450 3131 1726 3186 Hospitalibus
1738 3163 1754 3185 ,
1776 3135 1817 3175 δι
1832 3132 1917 3174 aliis
1941 3132 2043 3174 locis
2061 3134 2136 3188 piis
2151 3160 2165 3183 ,

1213 3206 1372 3237 necnon
1387 3191 1612 3233 Ordinibus
1624 3217 1639 3241 ,
1654 3188 2052 3248 congregationibus
2065 3219 2078 3242 ‚
2092 3192 2170 3232 Mi—

1214 3251 1310 3293 litiis
1331 3250 1755 3299 ,Communitatibns2
1778 3254 1818 3294 δι
1846 3249 1932 3292 aliis
1950 3250 2170 3306 collegiis,

1215 3325 1260 3352 ac
1288 3309 1621 3353 Universitatibus
1646 3312 1768 3353 etiam
1794 3308 2015 3350 studiorum
2046 3321 2169 3363 gene*—

1213 3368 1360 3412 raiium
1381 3399 1396 3422 ,
1409 3369 1656 3413 Civitatibus
1674 3398 1689 3420 ,
1703 3367 1848 3411 Castris
1865 3365 2040 3419 ,Terris,
2052 3369 2092 3409 δι
2106 3369 2167 3412 lu·

1214 3429 1272 3471 cis
1287 3454 1300 3476 ,
1318 3443 1364 3471 ac
1387 3428 1564 3484 personis
1578 3436 1659 3468 tam
1675 3425 1955 3470 Ecclesiasticis
1970 3453 1984 3476 ,
2012 3429 2167 3482 quam.)

1214 3489 1474 3530 Secularibus
1486 3514 1500 3534 ,
1516 3484 1784 3542 cujuscunque
1800 3482 2007 3539 dignitatis
2021 3511 2034 3533 ‚
2048 3487 2167 3528 etiam

1218 3545 1482 3589 Patriarchali
1497 3573 1512 3595 ,
1536 3544 1875 3600 Archiepiscopali
1895 3571 1911 3594 ,
1928 3544 2164 3599 Episcopali,

1216 3605 1256 3645 &
1271 3605 1344 3645 alia
1361 3603 1502 3656 majori
1517 3601 1731 3657 dignitate,
1745 3604 1810 3646 seu
1822 3603 2060 3644 auetoritate
2075 3602 2163 3644 sun·

1221 3663 1424 3715 gentibus,
1438 3675 1483 3702 ac
1497 3661 1712 3715 capitulis,
1730 3662 2032 3710 conventibus,
2047 3659 2163 3700 Duci-

1219 3721 1289 3761 bus
1303 3751 1317 3771 ‚
1338 3723 1374 3762 δι
1391 3718 1480 3761 aliis
1501 3719 1679 3764 Dominis
1703 3720 2015 3776 temporalibus,
2041 3720 2159 3761 etiam

2039 3786 2110 3829 per
