2444 4192
801 206 981 289 *Sub
1044 207 1472 289 Innocentio
1531 201 1632 285 Χ.

256 341 489 398 immedidte
528 346 835 407 praecedentium
863 350 998 392 habita
1024 353 1181 398 ratione
1194 384 1209 407 ,

254 429 301 456 ac
314 415 496 456 detrafio
508 410 616 452 omni
631 406 805 463 eo,quod
818 408 1052 460 grandines,
1065 412 1207 454 sterili-

254 481 360 513 tates
381 498 395 522 ,
410 469 679 526 reparationes
692 493 708 517 ,
719 467 758 506 &
771 464 839 506 alii
852 463 961 506 casus
977 466 1206 521 hujusmodi

255 529 466 572 absorbere
487 527 615 570 solent
625 554 642 579 ,
669 521 876 566 consuetas
901 523 996 564 item
1022 525 1204 566 eleemo-

252 587 368 642 synas
382 614 397 636 ‚
431 590 470 630 &
484 584 746 629 obventiones
759 595 775 624 e
799 582 900 624 Item
925 578 1047 621 vietus
1062 607 1076 629 ‚
1094 581 1206 622 vesti-

257 646 325 689 tus
346 674 361 698 ,
375 660 419 688 ac
443 643 754 693 medicinalium,
769 638 914 681 &alias
938 638 1204 693 quascumque

257 716 342 747 tam
359 704 582 747 ordinarias
598 730 614 754 ,
637 701 750 757 quam
763 696 1103 741 extraordinarias
1131 710 1204 738 ex-

252 762 396 821 pensas
408 789 424 811 ,
455 763 540 805 aeris
552 774 710 818 quoque
721 758 839 801 alieni
853 782 868 804 ⁵
894 769 1052 798 necnon
1071 753 1203 797 Miffa-

250 835 344 866 tum
371 820 702 864 celebrandarum
714 845 729 870 ,
760 815 956 865 fabrice,
983 815 1174 858 Sacristiae
1188 842 1203 865 ‚

256 892 477 923 annuarum
492 879 783 934 pnaestationum
797 902 812 925 ‚
824 873 1172 919 contributionum
1188 902 1203 925 ,

253 953 302 981 ac
316 938 649 993 procurationum
661 964 676 988 ,
689 934 816 978 aliave
844 930 1015 990 cujusvis
1042 934 1204 989 generis

256 995 614 1052 onera‘diligentei·
626 1022 643 1045 ‚
654 1008 697 1037 ac
711 993 871 1036 mature
883 992 1173 1048 recognoscant
1186 1019 1202 1044 ,

255 1068 382 1111 eaque
394 1055 526 1100 omnia
538 1055 581 1098 in
592 1054 828 1109 scripturam
842 1049 1024 1106 redigant
1035 1077 1050 1101 ‚
1076 1051 1207 1107 expri-

255 1123 410 1157 mentes
441 1112 561 1170 ipfius
579 1109 806 1157 Monasterii
824 1108 989 1153 titulum
1003 1139 1017 1163 ,
1051 1110 1118 1154 seu
1133 1109 1205 1152 de·

253 1173 570 1215 nominationem
583 1185 600 1223 ·,
630 1171 724 1214 item
738 1168 1001 1225 capacitatem
1016 1183 1061 1212 ac
1086 1169 1205 1212 situa-

254 1230 409 1272 tionem
423 1258 437 1281 ,
453 1228 665 1278 videlicet,
680 1228 719 1269 in
733 1241 811 1282 qua
825 1228 1015 1278 Dioecefi,
1028 1229 1068 1270 δι
1079 1242 1128 1270 an
1143 1228 1205 1270 in·

257 1298 321 1331 tra
336 1288 485 1329 moenia
508 1284 700 1328 Civitatis
711 1310 727 1332 ‚
756 1283 819 1326 vel
833 1283 983 1338 Oppidi
994 1311 1007 1335 ,
1035 1299 1138 1328 anve
1166 1286 1209 1327 in

257 1345 380 1402 Pagis
395 1373 410 1398 ,
425 1344 487 1388 seu
506 1344 652 1395 Villis,
676 1342 740 1384 vel
757 1342 796 1383 iu
814 1341 960 1391 Silvis,
984 1350 1053 1384 aut
1070 1355 1205 1384 nemo·

258 1405 398 1454 ribus,
425 1404 465 1445 δι
486 1402 679 1460 quantum
704 1399 820 1442 distet
834 1398 970 1445 alocis
982 1395 1207 1458 frequenti-

259 1463 334 1506 bus
354 1489 368 1514 ,
395 1463 436 1503 δι
462 1460 688 1518 populosis:
716 1461 819 1502 Item
831 1461 853 1503 a
865 1472 948 1515 quo
980 1468 1208 1514 tempore-a

257 1519 468 1564 fundatum
481 1520 627 1571 fuerit,
642 1531 770 1574 quave
795 1516 1038 1560 auctoritate
1053 1543 1068 1567 ,
1083 1518 1125 1559 δι
1141 1530 1210 1558 eu·

262 1578 328 1637 jus
357 1579 580 1635 sumptibus
595 1590 612 1631 3
640 1579 758 1618 Anve
772 1603 786 1628 ,
807 1576 847 1616 δι
871 1576 895 1620 ὲ
918 1589 1000 1631 quo
1026 1587 1210 1618 numerus

258 1637 559 1695 Religiosoruni
572 1637 613 1679 in
631 1651 681 1678 eo
696 1633 816 1676 suerit
837 1634 935 1678 alias
948 1633 1127 1690 prefixus
1144 1659 1159 1683 2
1172 1634 1214 1675 δι

260 1704 361 1752 quot
375 1694 428 1738 ibi
445 1693 660 1750 Religiofi,
679 1694 719 1734 δι
749 1691 970 1735 servientes
995 1694 1034 1735 in
1048 1690 1213 1748 praesen-

258 1754 314 1798 tia
328 1752 494 1811 degant,
511 1749 742 1808 specificatis
755 1748 1054 1806 uniuscujusque
1082 1750 1213 1793 nomi-

264 1825 341 1864 ne,
365 1811 602 1867 cognomine
616 1837 630 1862 ,
651 1810 692 1851 8ι
740 1809 842 1851 atria
856 1835 872 1860 ,
895 1808 1213 1866 scripturamque

266 1871 319 1914 fic
335 1869 554 1912 confectam
567 1866 704 1925 propri
742 1880 860 1910 manu
871 1865 1216 1919 subscribantmie·

264 1929 338 1972 dio
351 1927 574 1986 juramento
586 1926 819 1969 attestantes
841 1939 932 1968 vera
953 1923 1030 1969 ess'e
1058 1930 1218 1978 omnia,

265 2000 351 2044 quae
370 1987 407 2029 in
422 2000 468 2029 ea
484 1986 740 2028 continentur
752 2011 766 2035 ,
785 1982 1058 2040 consuetoque
1086 1985 1219 2040 sigillo

267 2042 634 2100 obssgnatam,insra
647 2054 820 2102 quatuor
832 2041 987 2086 menses
1000 2046 1023 2087 a
1039 2043 1216 2098 publica·

266 2105 380 2147 tione
396 2101 658 2160 praesentium,
674 2102 714 2143 in
728 2101 800 2144 bac
814 2100 929 2142 Alma
948 2101 1057 2145 Urbe
1073 2101 1218 2153 nostra,

263 2160 614 2213 utinfra,facienda
630 2161 919 2215 computandos
931 2158 1219 2208 transmittant,

266 2219 331 2264 seu
347 2219 576 2274 consignent
592 2218 851 2261 Procurator-i
865 2217 1054 2259 Generali
1070 2216 1126 2260 sui
1138 2218 1216 2258 Oi·-

265 2279 369 2321 dinis
396 2278 437 2319 in
466 2276 576 2320 Urbe
588 2275 883 2328 commoranti,
909 2276 977 2331 qui
994 2275 1070 2318 una
1086 2289 1218 2316 cum.)

267 2334 464 2393 aliquibus
487 2334 740 2391 gravioribus
771 2332 980 2389 Religiosis
993 2335 1015 2377 a
1029 2337 1219 2388 Congre-

266 2396 430 2452 gatione
442 2392 714 2451 praedissorum
740 2391 1017 2435 Cardinalium
1034 2420 1048 2443 ,
1060 2393 1101 2434 δι
1115 2396 1220 2435 Prae-

268 2456 446 2501 latorum
460 2452 511 2495 ad
530 2453 608 2495 hoe
622 2446 847 2506 specialiter
861 2451 1101 2506 deputandis
1117 2479 1131 2502 ,
1148 2465 1219 2493 ne-

267 2513 392 2570 goeio
403 2511 565 2555 mature
581 2511 773 2567 perpenso
785 2534 800 2558 ‚
822 2523 869 2552 ac
881 2511 1126 2565 computatis
1142 2511 1218 2552 hu·

267 2570 436 2630 jusmodi
453 2568 679 2612 redditibus
689 2596 703 2618 ‚
717 2566 978 2624 eleemosynis
991 2595 1006 2619 ,
1019 2568 1060 2608 δι
1070 2567 1222 2610 obven-

271 2629 451 2673 tionibus
475 2627 661 2671 univerfis
675 2656 690 2679 ‚
717 2638 839 2684 atque
850 2627 1040 2669 oneribus
1053 2655 1069 2678 ,
1089 2638 1131 2669 ut
1159 2625 1221 2666 su-

269 2687 341 2742 pra
353 2713 369 2736 ‚
382 2685 570 2745 detractis
584 2712 599 2736 ,
614 2686 751 2730 sedulo
763 2687 1009 2737 examinent,
1019 2695 1119 2741 quot
1136 2686 1222 2728 Re-

271 2743 401 2799 ligiofi
421 2743 603 2786 homines
613 2769 628 2793 2
642 2745 940 2786 connumeratis
953 2744 1079 2787 etiam
1092 2743 1221 2791 laicis,

275 2801 440 2859 aliisque
457 2798 672 2844 neceffariis
697 2799 963 2843 servientibus
988 2801 1027 2844 in
1042 2814 1223 2857 unoquo-

276 2874 359 2917 que
374 2858 616 2903 Monasterio
631 2885 647 2911 ,
676 2861 896 2902 Conventu
910 2886 925 2909 ,
936 2859 1127 2914 Collegio
1139 2886 1154 2909 ,
1182 2859 1221 2899 8:

274 2920 409 2961 Domo
437 2915 642 2971 Regulari,
656 2915 870 2973 quamvis(
884 2927 926 2958 ut
941 2917 1222 2973 premittitur,

277 2980 323 3021 fit
337 2974 581 3031 Hospitium,
595 2973 664 3018 seu
678 2974 841 3018 alterius
857 2976 1084 3019 Monasterii
1095 2989 1219 3019 mem·

283 3034 437 3092 brum)
462 3032 573 3090 juxta
598 3033 749 3090 proprii
764 3033 940 3077 Instituti
955 3047 1108 3077 morem
1121 3061 1137 3082 ‚
1164 3035 1224 3078 vi·

280 3097 409 3141 etum,
423 3093 463 3134 &
478 3091 664 3136 vestitum
677 3120 692 3143 ,
719 3105 763 3134 ac
793 3092 1043 3135 medicinalia
1059 3093 1100 3134 in
1115 3107 1226 3134 com-

277 3154 386 3197 muni
403 3150 826 3200 habentes,commode
840 3151 998 3194 valeant
1010 3149 1232 3206 sustentari,

280 3210 542 3265 omnibusque
558 3209 775 3265 diligenter
790 3208 979 3260 discuffis,
996 3207 1229 3252 familiaecu-

290 3269 421 3325 jusque
447 3266 679 3311 Monailerii
694 3295 707 3318 ,
731 3267 972 3311 Conventus
988 3295 1002 3318 ,
1027 3268 1203 3322 Collegii
1214 3296 1229 3319 ‚

290 3341 335 3371 ac
353 3324 501 3370 Domus
518 3325 729 3384 Regularis
759 3326 980 3383 hujusmodi
996 3326 1034 3368 in
1049 3327 1230 3381 qualibet

287 3384 498 3429 Provincia
509 3413 524 3436 ,
540 3385 603 3428 vel
615 3386 941 3441 Congregatione
954 3412 969 3435 ‚
991 3393 1144 3427 certum
1161 3399 1231 3427 ea-

291 3455 381 3485 rum
402 3444 556 3488 tantum
581 3442 840 3499 personarum
873 3456 1083 3487 numerum
1102 3441 1233 3498 praefi-

295 3507 392 3554 gat,
415 3513 499 3555 quae
515 3501 744 3546 *redditibus
758 3531 772 3554 ,
797 3501 1054 3557 eleemosynis
1066 3530 1082 3554 ‚
1105 3503 1145 3543 δι
1159 3504 1233 3546 ob-

296 3557 548 3601 ventionibus
571 3588 588 3612 ,
611 3570 657 3604 ut
685 3562 796 3617 supra
820 3592 836 3614 ,
861 3570 1143 3617 competenter
1177 3562 1232 3604 ali

296 3614 437 3669 POffiflt
451 3642 464 3666 s
477 3615 614 3672 easque
624 3621 777 3663 numeri
792 3619 1038 3676 praefixiones
1052 3620 1127 3661 una
1142 3634 1232 3664 cum

292 3672 549 3729 originalibus
561 3674 761 3732 scripturis
790 3681 906 3734 super
922 3679 1020 3721 statu
1044 3677 1229 3735 cujusque

291 3730 525 3772 Monasteril'
538 3757 554 3780 ω
573 3745 620 3774 ac
646 3735 798 3779 Domus
820 3738 1029 3793 Regularis
1052 3737 1073 3778 a
1101 3740 1227 3793 Supe-

290 3788 459 3891 rioribps
473 3814 487 3836 2
501 3791 781 3891 uppraesertur,
791 3797 998 3850 confectis,
1010 3795 1111 3840 infra
1125 3798 1224 3841 alios

441 3860 515 3889 om.
571 3877 585 3893 .

1268 364 1444 408 quatuor
1459 352 1610 395 menses
1625 350 1756 391 eidem
1781 352 2098 406 Congregationi
2121 361 2222 402 Car.

1268 411 1462 452 dinalium
1480 434 1496 456 ‚
1522 422 1564 450 ac
1581 409 1843 450 Praelatorum
1863 411 2050 450 exhibeat
2065 437 2079 458 ,
2101 425 2145 454 ut
2173 419 2222 457 ab

1267 481 1314 510 ea
1333 465 1738 519 recognoscantur,&
1751 469 2044 516 approbentur.
2057 471 2182 522 Quod
2197 472 2222 512 si

1267 524 1477 566 memorati
1495 524 1728 575 superiores
1744 550 1757 571 ,
1780 533 1827 562 ac
1845 525 2088 565 Procurator
2101 527 2224 568 Ordi-

1266 582 1325 624 nis
1339 581 1447 621 intra
1462 578 1666 634 praefixum
1683 578 1896 622 terminum
1914 579 2132 636 adimplere
2153 596 2223 626 ne.

1264 638 1461 697 glexerint
1476 663 1490 685 ,
1509 638 1752 693 privationis
1769 639 1873 682 vocis
1889 640 2023 682 aeiivae
2038 666 2051 687 a
2064 641 2103 681 δι
2116 639 2225 695 paffi—

1266 712 1322 742 vae
1335 725 1350 749 ,
1366 709 1522 739 necnon
1535 695 1762 738 officiorum
1781 723 1796 744 a
1821 711 1907 752 quae
1922 706 2016 739 tunc
2031 700 2226 753 temporis

1266 756 1585 806 obtinebunt,&
1601 756 1866 798 inhabilitatis
1880 759 1929 798 ad
1946 756 2014 798 illa
2029 783 2043 805 ‚
2064 756 2128 800 vel
2151 757 2229 799 alia

1267 816 1515 870 inposterum
1547 814 1767 856 obtinenda
1794 826 2030 871 perpetuam
2063 829 2227 873 poenam

1264 871 1401 929 eoipso
1417 872 1561 928 absque
1591 871 1668 914 alia
1696 874 1968 916 declaratione
1997 875 2230 926 incurrant,

1266 932 1597 978 rehabilitatione
1625 932 1781 983 Nobis,
1809 936 1850 976 8ι
1882 934 1975 977 sedi
1991 934 2231 990 Apostolicae

1268 988 1468 1037 reservata
1480 1017 1494 1031 .
1511 992 1668 1033 Interea
1689 992 1788 1032 vero
1803 994 2058 1045 prohibemus
2072 1021 2087 1044 ,
2116 994 2155 1035 &
2170 993 2233 1034 in·

1268 1050 1507 1096 terdicimns
1519 1050 1709 1092 omnibus
1723 1050 1763 1092 δι
1780 1050 1941 1107 singulis
1956 1051 2180 1105 Capitulis,
2190 1051 2230 1092 δι

1269 1109 1674 1165 congregationibus
1690 1110 1957 1153 Generalibus
1969 1139 1983 1161 ,
2002 1108 2234 1152 Provincia-

1270 1170 1376 1214 libus
1390 1169 1456 1217 ,δι
1471 1167 1819 1213 Conventualibus
1832 1195 1846 1218 ,
1867 1182 2027 1212 necnon
2049 1166 2234 1224 Superio-

1270 1229 1379 1273 ribus
1396 1238 1480 1270 tam
1493 1226 1761 1271 Generalibus
1776 1257 1791 1281 ,
1815 1230 1934 1285 quim
1966 1225 2234 1272 Provincialii

1268 1290 1369 1334 bus,
1397 1286 1439 1328 δι
1453 1286 1668 1329 Localibus
1684 1287 1892 1330 antedit‘tis
1911 1317 1924 1339 ,
1956 1301 2006 1329 ne
2039 1285 2233 1339 deinceps

1268 1357 1512 1402 quemquam
1535 1343 1586 1385 ad
1616 1346 1812 1387 Habitum
1836 1347 1910 1388 suae
1928 1344 2154 1398 Religionis
2170 1355 2235 1383 re-

1267 1403 1420 1459 cipiant
1434 1426 1450 1450 ‚
1461 1415 1534 1444 nec
1551 1401 1628 1456 jam
1642 1412 1830 1457 receptos
1844 1429 1859 1450 ,
1890 1412 1957 1443 aut
1991 1399 2236 1454 inposterum

1269 1471 1410 1505 contra
1424 1458 1650 1516 hujusmodi
1666 1461 1984 1515 prohibitionem
2012 1456 2143 1501 forsan
2170 1473 2237 1502 re-

1271 1517 1479 1575 cipiendos
1494 1517 1544 1559 ad
1559 1515 1847 1563 Proseffionem
1861 1518 2235 1571 admittant,donee

1272 1576 1478 1632 scripture
1491 1575 1713 1630 praedic'tae,
1740 1580 1781 1620 sc
1802 1577 2055 1633 prefixiones
2079 1575 2242 1620 numeri

1273 1634 1435 1677 familiae
1447 1631 1634 1689 cujusque
1649 1636 1879 1679 Monasterii
1894 1666 1909 1689 ,
1923 1651 1969 1680 ac
1983 1635 2134 1678 Domus
2152 1638 2240 1678 Re·

1280 1693 1424 1751 gularis
1451 1689 1676 1748 hujusmodi
1704 1722 1719 1745 ‚
1744 1696 1878 1738 eidem
1912 1693 2238 1751 congregationi

1275 1750 1556 1797 Cardinalium
1578 1780 1593 1803 ,
1618 1753 1658 1794 δι
1674 1754 1937 1798 Praelatorum
1968 1754 2134 1797 realiter
2151 1782 2165 1804 ,
2199 1753 2240 1793 δε

1277 1826 1371 1855 cum
1387 1810 1525 1853 effectu
1540 1807 1686 1853 fuerint
1701 1814 1886 1856 exhibitae
1902 1842 1916 1865 ,
1929 1827 1976 1855 ac
1991 1812 2136 1855 deinde
2150 1823 2239 1852 me-

1283 1871 1430 1913 morati
1461 1870 1694 1924 Superiores
1722 1872 1921 1911 licentiam
1935 1868 2157 1922 recipiendi
2189 1866 2240 1909 ad

1278 1930 1475 1973 Habitum
1490 1956 1506 1976 ,
1518 1929 1558 1967 δι
1575 1925 1863 1970 Prosessionem
1888 1926 1938 1968 ab
1952 1926 2094 1969 eadem
2123 1927 2241 1968 Con-

1278 1986 1515 2042 gregatione
1532 1985 1783 2027 obtinuerint
1799 2014 1811 2027 .

1396 2041 1589 2096 Alioquin
1622 2043 1877 2096 receptiones
1909 2050 1993 2084 tam
2025 2041 2075 2084 ad
2108 2043 2241 2086 Habi-

1282 2112 1395 2151 tum,
1419 2100 1537 2154 quim
1568 2098 1616 2142 ad
1650 2099 1931 2143 Proseffionem
1952 2100 2072 2142 aliter
2104 2098 2239 2151 faetae,

1282 2160 1356 2203 fint
1387 2157 1474 2215 ipso
1506 2158 1594 2212 jure
1618 2159 1763 2210 nullas,
1790 2158 2019 2214 nullamque
2047 2157 2243 2202 inducant

1278 2218 1570 2273 obligationem
1585 2217 1635 2258 ad
1655 2218 1907 2272 Religionem
1934 2218 1973 2259 in
1991 2216 2116 2271 specie
2130 2245 2144 2266 ,
2178 2217 2240 2260 vel

1276 2277 1316 2319 in
1331 2289 1497 2331 genere,
1512 2286 1580 2317 aut
1596 2276 1634 2317 in
1650 2276 1748 2318 alios
1762 2274 2039 2332 quoscumque
2059 2277 2238 2319 effectus.

1279 2337 1332 2377 Et
1350 2334 1613 2376 nihilominus
1628 2337 1977 2378 contravenientes
2004 2333 2242 2378 sententiam

1279 2393 1715 2436 excommunicationis
1746 2392 1979 2446 incurrant,
2009 2397 2031 2435 a
2060 2408 2139 2450 qua
2170 2407 2244 2448 per

1279 2453 1401 2495 alium
1415 2480 1429 2504 ,
1444 2456 1563 2509 quam
1580 2466 1652 2508 per
1669 2455 1780 2500 Nos,
1793 2455 1832 2494 δι
1851 2454 2079 2495 Romanum
2103 2453 2244 2497 Ponti-

1280 2511 1397 2554 ficem
1412 2525 1488 2565 pro
1505 2521 1690 2567 tempore
1704 2512 1938 2554 existentem
1953 2540 1967 2564 ,
1995 2513 2065 2553 nisi
2081 2513 2120 2552 in
2135 2525 2245 2553 mor-

1281 2570 1333 2612 tis
1363 2569 1541 2612 articulo
1563 2570 1788 2622 constituti,
1802 2570 1952 2614 absolvi
1980 2583 2060 2611 non
2073 2568 2245 2626 poilintf.

1283 2631 1379 2671 Non
1395 2627 1662 2678 obstantibus,
1679 2630 1813 2685 quoad
1835 2626 2022 2684 praemiffa
2035 2627 2188 2679 omnia,
2204 2628 2243 2669 δι

1282 2686 1432 2742 singula
1464 2687 1826 2730 Constitutionibus
1850 2686 2244 2731 &Ordinationibus

1282 2745 1531 2800 Apostolicis
1548 2745 1586 2787 in
1600 2742 1780 2788 favorem
1794 2759 2135 2804 quarumcumque
2149 2759 2245 2801 per-

1280 2803 1492 2854 sonarum,
1518 2814 1642 2859 atque
1673 2804 1875 2847 Ordinum
1903 2813 1986 2847 tam
2011 2805 2243 2848 Mendican·

1280 2862 1382 2904 tium
1396 2891 1413 2912 ,
1441 2864 1561 2915 quim
1577 2875 1656 2902 non
1674 2863 1989 2904 Mendicantium
2006 2889 2020 2911 ‚
2056 2868 2247 2917 Congre-

1281 2920 1487 2975 gationum
1501 2946 1514 2969 ,
1530 2919 1784 2961 societatum
1795 2946 1809 2968 ,
1832 2920 1871 2960 &
1884 2920 2059 2974 cujusvis
2072 2920 2242 2963 alterius

1286 2978 1461 3021 instituti
1474 3004 1489 3027 ,
1511 2977 1634 3020 etiam
1657 2977 1873 3018 Societatis
1893 2976 1983 3031 Jesu
1999 3006 2014 3026 ,
2039 2980 2078 3019 &
2095 2982 2244 3021 Mona-

1286 3036 1495 3078 steriorum
1523 3060 1539 3084 ‚
1570 3038 1858 3077 Conventuum
1888 3061 1904 3085 ,
1934 3034 2214 3089 collegiorum
2230 3063 2246 3086 ‚

1294 3097 1546 3144 Domorum,
1576 3106 1623 3135 ac
1655 3091 1837 3136 locorum
1862 3092 2119 3148 Regularium
2145 3108 2247 3150 quo·

1291 3165 1585 3208 rumcumque,
1617 3165 1771 3195 necnon
1797 3152 1988 3203 illorum,
2002 3152 2122 3195 etiam
2137 3152 2247 3208 jura-

1291 3219 1429 3254 mento
1444 3238 1459 3261 ‚
1471 3208 1777 3254 confirmatione
1792 3214 1825 3253 A
1832 3211 2023 3266 postolica
2034 3240 2050 3264 ,
2065 3211 2130 3255 vel
2151 3227 2248 3268 qua-

1290 3271 1350 3313 vis
1365 3267 1554 3312 firmitate
1576 3269 1654 3311 alia
1667 3272 1868 3314 roboratis
1883 3270 2057 3321 statutis,
2069 3270 2134 3314 vel
2148 3285 2248 3314 con·

1288 3327 1702 3379 suetudinibus‚etiam
1716 3328 2248 3380 immemorabilibus,exem.

1289 3387 1496 3443 ptionibus
1515 3380 1677 3445 quoque
1708 3388 1873 3430 indultis
1889 3416 1903 3439 ,
1927 3389 1963 3429 &
1992 3389 2214 3445 privilegiis
2230 3416 2245 3440 ‚

1290 3446 1414 3489 etiam
1425 3460 1477 3489 ex
1489 3443 1604 3490 eausa
1617 3475 1632 3498 ,
1644 3449 1684 3490 ἃ.
1704 3447 1828 3489 titulo
1840 3445 2012 3489 oneroso
2022 3474 2039 3495 ,
2067 3449 2131 3492 vel
2145 3449 2184 3490 in
2200 3446 2247 3489 ii.

1293 3506 1398 3547 mine
1413 3504 1690 3555 fundationis,
1722 3507 1844 3548 etiam
1872 3507 1911 3547 iii
1943 3506 2047 3548 Mari
2068 3510 2218 3562 Magno
2232 3532 2247 3555 ‚

1293 3562 1358 3604 seu
1373 3563 1487 3606 Bulla
1502 3577 1622 3606 aurea
1636 3592 1650 3615 ,
1664 3574 1734 3606 aut
1757 3564 1878 3606 aliter
1890 3566 2148 3621 nuncupatis,
2177 3563 2245 3604 sub

1292 3620 1604 3678 quibuscumque
1636 3632 1774 3664 tenore
1804 3623 1844 3665 δι
1873 3621 2016 3666 formis
2039 3654 2056 3676 ,
2083 3626 2124 3666 &
2155 3634 2244 3663 cuin

1289 3678 1493 3736 quibusvis
1518 3681 1640 3723 etiam
1658 3681 2000 3735 derogatoriarum
2028 3684 2246 3733 derogato·

1285 3739 1355 3782 riis
1385 3765 1400 3786 ‚
1430 3737 1592 3795 aliisque
1622 3738 1919 3784 efficacioribus
1950 3771 1965 3793 ‚
1997 3743 2037 3782 &
2068 3734 2237 3780 insolitis

1283 3797 1482 3852 clausulis,
1495 3811 1647 3842 necnon
1661 3799 1914 3842 irritantibus
1926 3793 2247 3842 Decretis,etiam

1754 3860 1785 3901 F
1799 3856 1852 3899 ff
2074 3857 2188 3891 motu
