2444 4192
684 174 849 285 Sub
911 184 1307 288 Bom'fizcio
1369 181 1526 264 IX.

160 333 368 387 ffiumiliter
394 327 687 386 supplicatum,
714 336 760 370 ut
780 329 940 371 litteras
962 344 1038 386 per
1051 329 1124 371 fel.

159 409 238 444 rec.
252 387 518 437 benedictum
534 389 682 445 Papam
696 387 774 429 XI.
790 386 1125 432 Praedecessorem

160 451 337 501 nostrum
352 446 467 490 vobis
482 443 684 491 conceffas
696 472 711 495 ,
726 458 812 502 quae
831 445 1037 503 incipiunt
1048 461 1124 490 ve-

158 509 301 557 tustate
313 505 790 563 consumi2quorumque
815 512 1003 548 tenorem
1028 505 1122 552 de..-

154 568 280 615 verbo
310 566 362 610 ad
390 567 560 614 verbum
578 564 746 609 fecimus
772 565 987 614 annotari,
1002 565 1123 607 inno-

152 641 246 674 vare
257 627 310 670 de
328 625 580 683 benignitate
593 621 827 682 Apostolica
841 622 1120 679 dignaremur,

151 701 321 746 quarum
335 684 566 730 litterarum
585 692 707 727 tenor
730 682 824 726 talis
849 683 932 724 est:
954 681 1121 725 Benedi-

149 746 234 792 nus
262 744 468 802 Epistopus
494 747 635 789 servus
655 744 866 786 Servorum
881 741 984 785 Dei.
1001 741 1123 783 Dite-

148 803 224 851 etis
240 806 357 849 Fims
367 833 382 857 ,
398 802 582 847 Generali
597 830 612 854 ,
625 800 679 853 ὰ
696 801 1007 845 ProoInciah'bus
1031 803 1120 843 Me·-

150 863 287 923 m'strlr
298 889 312 912 ,
327 876 373 906 ac
384 861 574 920 universis
589 860 804 906 Fratribus
829 861 993 903 Orde'nls
1009 862 1117 904 Fra-

151 934 264 970 trum
280 924 484 965 minorum
492 920 697 979 ,filatemss
710 920 759 970 δ’
773 919 1033 977 Apostolicam
1046 924 1122 962 Be·

148 981 404 1027 maimonem
424 1008 437 1021 .
472 983 583 1024 Inter
609 988 763 1024 caeteros
792 978 957 1023 Ordt‘nes
984 1009 998 1032 ,
1029 993 1122 1035 quos

149 1038 305 1101 celestis
324 1039 522 1093 Agricola
551 1052 684 1083 amma
703 1037 926 1097 benignitas
948 1040 992 1082 in
1005 1038 1121 1082 horto

142 1095 356 1159 plantavit
386 1099 498 1141 Ecce«.-
509 1111 592 1149 ιι,
602 1097 774 1157 sacrum
803 1099 975 1159 vestrum
1001 1098 1120 1142 Ordi-

149 1170 239 1204 nem
251 1158 338 1210 &c-
356 1156 465 1201 Vide
477 1154 596 1214 supra
609 1156 684 1201 fol.
699 1158 723 1210 8
729 1171 768 1201 a.

271 1219 359 1261 Nos
386 1214 513 1270 igitur
543 1215 789 1272 hujusmodi*
813 1216 1125 1276 supplicationi-

75 1274 80 1279 “
158 1279 233 1323 bus
253 1273 468 1322 inclinati,
482 1272 608 1316 dietas
624 1273 813 1328 litteras,
841 1290 939 1332 quas
958 1278 998 1318 in
1013 1278 1123 1319 Can·

157 1333 323 1381 cellaria
339 1332 480 1377 nostra
510 1331 581 1375 ins
600 1332 651 1375 ici
684 1330 853 1377 fecimus
866 1335 1093 1392 diligenter
1107 1362 1124 1386 ‚

152 1391 390 1439 austeritate
411 1390 562 1449 Aposto
582 1392 670 1445 ica,
700 1403 844 1436 tenore
873 1393 1123 1451 presentium

137 1455 390 1510 *innovamus
405 1479 421 1504 ‚
446 1452 486 1494 &
500 1448 703 1509 praesentis
726 1451 868 1510 scripti
891 1452 1125 1510 patrocinio

150 1511 447 1558 communimus
465 1540 477 1553 .
508 1511 589 1555 Per
618 1511 698 1554 hoc
719 1522 858 1557 autem
882 1512 1043 1557 nullum
1062 1510 1124 1568 jus

150 1573 203 1616 de
235 1582 343 1616 novo
365 1569 520 1628 acquiri
548 1569 765 1620 volumus,
790 1571 857 1615 sed
875 1573 1125 1628 antiquum...

150 1629 438 1675 tantummodo
453 1628 686 1675 conservari
702 1659 715 1672 .
733 1630 851 1674 Nulli
872 1644 973 1686 ergo
985 1632 1066 1674 &c.

264 1689 419 1732 Datum
437 1688 573 1731 Romae
587 1687 695 1744 apud
711 1690 902 1734 Sannum
919 1691 1128 1732 Petrum..-

157 1747 290 1797 Nonis
301 1744 704 1807 Junii,Pontificau⁴is
719 1748 845 1792 nostri
861 1752 982 1795 Anno
999 1747 1126 1792 sexto.

222 1851 346 1930 Arch-
371 1867 606 1912 Vaticanum
632 1882 679 1910 ex
688 1866 1129 1928 lib.5.fi›1.143.Wad-

204 1949 209 1956 ·
283 1926 539 1985 Magnana-9.
557 1928 703 1972 Annal-
708 1924 817 1984 fil.4
819 1943 891 1985 33.

156 2160 395 2215 Fratribus
408 2157 673 2208 Minoribus
684 2192 702 2216 ,
718 2160 984 2220 Ordinariis
1003 2162 1129 2210 loco-

221 2245 329 2282 rum
353 2224 629 2295 prastntatis
658 2259 675 2284 ,
702 2225 1002 2276 confeffiones
1034 2231 1128 2276 Sae-

221 2299 451 2352 cularium
468 2294 628 2346 audire
644 2330 661 2355 ,
695 2294 745 2348 δι
763 2293 932 2365 absque
960 2297 1126 2348 litteris

223 2366 634 2423 commendatoriis
648 2401 665 2426 ,
696 2365 1012 2435 eleemosynas
1028 2369 1126 2420 col-

227 2443 373 2513 ligere
396 2437 610 2510 indulget
625 2472 640 2489 .

226 2566 658 2624 BONIFACIUS
691 2570 1061 2629 EPISCOPUS

343 2690 519 2733 Senvus
552 2688 811 2733 Snavoiwu
845 2691 959 2734 Der.

89 2786 98 2795 ’
154 2805 327 2858 nileffus
344 2803 449 2863 fims
465 2832 482 2856 ‚
495 2804 681 2861 mustra
698 2807 952 2863 Franz-ciali,
973 2809 1028 2862 <5-
1043 2814 1126 2854 cu-

205 2862 416 2926 stodibus,
447 2875 494 2906 ac
507 2864 725 2909 fratribus
749 2866 847 2908 ord.
862 2872 1016 2914 Minor.
1033 2872 1128 2912 Pro.

218 2927 357 2969 vincla
396 2920 599 2977 Austri-e,
614 2923 834 2982 secundulus
857 2942 1002 2972 uorem
1026 2928 1131 2987 ejus²

215 2984 301 3028 dens
331 2980 524 3034 ordinis,
539 2981 719 3040 filiam
740 2982 796 3035 ό·
822 2989 1130 3048 ΛμβοΙίεαηι..

215 3040 517 3089 benedmeonem
534 3069 548 3084 .

303 3159 503 3204 Duberes
529 3157 713 3212 fruetus,
742 3174 847 3218 quos
873 3160 985 3209 sacer
1009 3168 1129 3213 Ordo

320 3218 449 3262 vester
462 3219 541 3262 διε.
555 3220 737 3277 praefidio
759 3220 964 3267 foveamus
977 3253 990 3267 .
1025 3227 1130 3273 Sane

172 3276 414 3334 adnostrum
429 3291 558 3336 nuper
571 3277 654 3324 fide
667 3279 798 3337 dignis
822 3281 1023 3329 relatibus
1036 3294 1134 3344 per..¹

169 3337 278 3382 venit
301 3337 517 3392 auditum,
540 3339 651 3394 quod
677 3338 780 3382 licet
802 3340 1011 3386 Fratribus
1035 3346 1134 3390 dieti

175 3393 362 3447 ordinis,
388 3395 505 3455 juxta
531 3396 705 3442 formam
720 3400 1035 3446 constitutionis
1060 3404 1132 3450 fel.

178 3455 495 3519 req-clementis
520 3458 634 3513 Papae
655 3459 709 3502 V.
725 3459 1030 3505 Praedecefforis
1058 3477 1134 3506 no·

178 3507 270 3565 stri,
287 3513 333 3580 jn
344 3515 539 3582 Concilio
557 3517 745 3561 Vienenfi
760 3518 877 3574 super
897 3522 976 3564 hoe
991 3510 1134 3577 editam

177 3577 1134 3697 323313531332{gangmfipgsfggfflggggg

179 3683 233 3727 ad
256 3683 333 3726 hoe
353 3686 536 3758 idoneis,
560 3709 635 3751 per
663 3710 808 3740 eorum
822 3700 1057 3755 Superiores
1070 3700 1135 3744 lo-

178 3753 325 3789 corum
345 3745 564 3797 ordinariis
578 3753 823 3810 praesentatis
837 3785 852 3809 ,
877 3772 957 3814 pro
977 3754 1136 3804 confes-

1925 215 2087 296 119

1184 346 1276 374 rum
1290 324 1605 373 ordinariorum
1621 327 1830 371 audiendis
1846 357 1862 380 ,
1885 332 2003 377 iidem
2020 340 2146 382 Ordi-

1183 388 1284 432 narii
1300 415 1314 437 ‚
1329 386 1535 440 postquam
1550 386 1669 439 super
1685 388 1763 427 hoc
1778 388 1985 431 humiliter
2000 392 2147 440 fuerint

1183 444 1363 502 requiliti
1375 472 1389 495 ‚
1421 443 1594 499 petitam
1614 444 1820 485 licentiam
1847 443 2020 491 faciendi
2050 465 2145 504 prae.

1183 504 1292 549 milia
1306 502 1516 555 exhibere,
1529 501 1662 560 eisque
1674 502 1725 545 ad
1739 503 1929 558 praemiisa
1945 506 2148 551 licentiam

1184 564 1417 609 concedere
1433 563 1696 618 neglexerint
1712 590 1726 613 ,
1738 564 1777 604 &
1794 561 2087 616 recusaverint,
2101 582 2151 609 ex

1184 634 1283 668 tunc
1296 626 1465 667 Fratres
1480 624 1553 679 ipfi
1568 621 1619 664 fic
1630 623 1781 677 praesen
1790 621 1864 664 tati
1880 621 2009 664 libere
2035 625 2072 664 &
2102 625 2153 667 li-

1182 683 1266 726 cite
1291 682 1555 727 confeffiones
1581 682 1651 726 fibi
1679 679 1868 724 confiteri
1898 682 2154 727 volentium

1181 742 1350 796 audire,
1384 744 1426 785 δι
1450 742 1629 799 ipsorum
1642 740 1955 784 confeffionibus
1973 740 2023 782 fic
2039 742 2154 782 audi·

1181 803 1235 847 tis
1249 832 1266 854 ,
1288 804 1347 846 eis
1371 815 1450 858 pro
1478 800 1694 845 commistis
1717 800 1980 844 absolutionis
2001 798 2157 842 benefi-

1180 864 1287 907 cium
1315 860 1550 918 impendere
1563 890 1578 913 ,
1606 862 1660 905 de
1676 863 1711 903 A
1718 861 1919 917 postolicae
1947 858 2156 916 potestatis

1182 922 1443 980 plenitudine
1458 922 1622 964 valeant
1636 948 1650 972 ,
1667 934 1713 962 ac
1729 919 1941 976 injungere
1956 919 2157 975 poeniten-

1183 983 1260 1026 tias
1275 981 1469 1025 salutares
1483 1010 1495 1022 .
1527 978 1711 1037 Qidam
1726 990 1859 1024 tamen
1888 979 2046 1022 temere
2069 973 2159 1020 sen-

1182 1043 1337 1087 tientes
1351 1070 1367 1094 ,
1393 1042 1433 1083 &
1448 1041 1500 1083 ad
1513 1039 1781 1084 sobrietatem
1808 1040 1950 1095 sapere
1973 1037 2158 1082 nescien-

1184 1111 1247 1147 tes
1258 1133 1272 1155 ,
1287 1099 1568 1159 imprudenter
1584 1097 1827 1157 praesumunt
1841 1097 2007 1142 asserere
2021 1126 2036 1150 ,
2050 1095 2154 1153 ipsos

1170 1165 1367 1212 Fratres,
1387 1169 1752 1219 quantumcunque
1766 1172 1839 1215 per
1853 1158 2067 1214 predictos
2082 1168 2155 1199 eo-

1184 1237 1275 1266 rum
1289 1222 1530 1278 Superiores
1544 1218 1781 1263 Ordinariis
1797 1216 2031 1275 hujusmodi
2048 1245 2065 1268 ,
2095 1215 2161 1272 ju-

1186 1293 1253 1326 xta
1274 1280 1448 1325 formam
1465 1277 1777 1324 Constitutionis
1810 1286 2045 1322 memoratae
2070 1273 2162 1317 fue-

1186 1343 1270 1386 rint
1288 1340 1543 1397 praesentati,
1567 1338 1715 1394 absque
1746 1338 2063 1382 ordinariorum
2085 1349 2162 1377 eo-

1185 1401 1373 1444 rumdem
1389 1402 1506 1455 super
1521 1399 1599 1440 hoc
1616 1396 1770 1440 litteris
1794 1394 2131 1439 testimonialibus
2144 1420 2161 1444 ,

1186 1457 1254 1504 seu
1275 1455 1667 1506 commendatoriis,
1696 1452 1887 1510 praemiffa
1913 1452 2051 1495 facere
2079 1465 2164 1494 non

1185 1518 1294 1577 posse
1310 1550 1324 1571 ,
1350 1531 1484 1575 neque
1508 1513 1612 1570 ipsos
1628 1515 1796 1556 Fratres
1825 1513 1877 1557 fic
1904 1510 2161 1568 presentatos

1188 1578 1295 1624 infra
1309 1578 1512 1622 Civitates
1525 1576 1567 1619 δι
1583 1573 1793 1617 Dioeceses
1811 1572 2020 1629 predictas
2035 1596 2050 1619 ‚
2077 1567 2165 1612 abs-

1187 1655 1267 1695 que
1281 1633 1677 1693 hujusmodilitteris,
1695 1631 1961 1676 confeffiones
1976 1629 2046 1673 libi
2059 1642 2158 1672 con·

1190 1699 1300 1743 fiteri
1315 1696 1544 1741 volentium
1557 1692 1702 1736 audire
1717 1721 1733 1744 ‚
1762 1694 1803 1734 δι
1828 1690 1907 1733 alia
1935 1690 2050 1747 juxta
2068 1686 2165 1730 dieti

1188 1758 1338 1802 indulti
1355 1756 1527 1800 formam
1544 1780 1558 1804 ,
1582 1752 1729 1807 exequi
1745 1752 1994 1806 permittunt
2009 1777 2022 1790 .
2055 1745 2163 1791 Nos-

1188 1834 1266 1876 que
1281 1817 1541 1861 attendentes
1553 1838 1567 1861 ‚
1593 1811 1706 1868 quod
1724 1812 1751 1852 sn
1769 1811 1859 1867 ipsis
1876 1807 2089 1853 fratribus
2113 1803 2167 1848 fic

1191 1877 1439 1932 praesentatis
1456 1870 1680 1928 exequendi
1697 1866 1892 1925 premissa
1917 1864 2065 1922 absque
2090 1865 2168 1906 hu-

1190 1936 1365 1997 jusmodi
1384 1931 1538 1978 litteris
1568 1943 1649 1972 non
1673 1925 1825 1971 adeffet
1839 1924 2049 1976 facultas,
2077 1920 2169 1965 fru-

1190 1996 1376 2040 stratoria
1401 1989 1536 2050 quoad
1567 1990 1648 2031 hoc
1681 1987 1896 2032 videretur
1908 1981 2165 2027 Constitutio

1189 2052 1391 2094 antedieta
1410 2079 1424 2092 .
1467 2046 1672 2093 Nonnulli
1701 2048 1828 2091 etiam
1858 2060 1909 2091 ex
1936 2039 2168 2099 hujusmodi

1190 2106 1425 2151 Ordinariis
1443 2134 1459 2155 ,
1471 2106 1511 2146 δι
1527 2104 1804 2147 Ecclefiarum
1820 2104 2007 2147 Praelatis
2023 2131 2037 2153 ‚
2068 2113 2170 2142 con-

1188 2179 1252 2210 tra
1282 2165 1471 2207 Instituta
1501 2158 1725 2217 Regularia
1759 2160 1859 2203 dieti
1886 2158 2060 2202 Ordinis
2089 2170 2166 2213 per

1189 2224 1338 2267 Sedem
1362 2220 1592 2274 praedictam
1609 2222 1866 2273 approbata,
1890 2217 2054 2261 frivolis
2080 2215 2170 2272 opi-

1190 2279 1380 2325 nionibus
1395 2275 1570 2318 afferunt
1594 2283 1718 2328 atque
1734 2276 1992 2326 pra-tendunt
2012 2302 2027 2325 ,
2051 2273 2166 2329 quod

1189 2339 1306 2384 vobis
1320 2337 1361 2379 &
1375 2335 1463 2378 aliis
1480 2331 1685 2376 Fratribus
1699 2331 1797 2374 dieti
1811 2331 1983 2374 Ordinis
1996 2357 2010 2380 ,
2022 2332 2172 2387 quibus

1190 2411 1325 2444 tamen
1344 2410 1395 2440 ex
1409 2391 1569 2447 Regula
1583 2390 1742 2433 incerta
1755 2389 2002 2433 mendicitas
2019 2390 2170 2434 victum

1190 2458 1370 2503 tribuere
1396 2452 1500 2496 solet
1516 2480 1530 2503 ,
1560 2463 1642 2492 non
1669 2448 1794 2492 liceat
1808 2463 1879 2506 per
1893 2448 2102 2492 Civitates
2124 2450 2168 2491 δε

1189 2518 1281 2562 loca
1295 2516 1317 2560 ἃ
1332 2512 1502 2557 subditis
1513 2508 1834 2552 Ordinatiorum
1846 2506 2104 2562 hujusmodi,
2122 2508 2164 2549 δι

1189 2577 1277 2621 aliis
1292 2568 1642 2618 christifidelibus
1668 2566 1980 2623 eleemosynas,
2011 2565 2074 2608 vel
2090 2566 2168 2609 alia

1189 2634 1402 2681 charitatis
1417 2628 1586 2674 subfidia
1616 2641 1694 2684 pro
1707 2629 1801 2671 vitae
1816 2626 2167 2670 sustentationm,

1188 2706 1333 2754 petere
1348 2692 1439 2747 ,nifi
1457 2688 1771 2734 Ordinariorum
1786 2682 2019 2744 hujusmodi
2036 2684 2167 2727 licen·

1186 2757 1272 2806 tia,
1300 2770 1347 2798 ac
1379 2751 1532 2796 litteris
1562 2747 1932 2796 testimonialibus,
1958 2745 2025 2790 seu
2052 2757 2162 2786 com-

1184 2813 1458 2860 mendatoriis
1483 2808 1598 2870 prius
1627 2808 1770 2866 petitis
1791 2835 1806 2860 ,
1831 2805 1990 2864 pariter
2017 2804 2060 2846 δι
2086 2803 2165 2846 ob·

1189 2875 1312 2919 tentis
1328 2904 1341 2917 .

1307 2937 1395 2978 Nos
1408 2930 1535 2987 igitur
1550 2925 1788 2970 affertiones
1812 2931 1897 2968 tam
1918 2922 2158 2966 temerarias

1188 2994 1349 3052 penitus
1376 2984 1594 3033 confutare
1609 2985 1794 3028 volentes
1808 3011 1824 3036 ,
1847 2980 2164 3039 praediffiquea

1189 3047 1494 3098 Praedecefforis
1526 3044 1568 3088 in
1596 3046 1672 3087 hac
1687 3053 1807 3100 parte
1833 3040 2008 3095 vestigiis
2037 3040 2160 3082 inhae-

1189 3113 1348 3163 tendo,
1374 3104 1568 3150 univerfis
1591 3106 1632 3147 δι
1656 3100 2019 3157 fingulislocorum
2034 3095 2163 3140 Ordi-

1188 3172 1313 3215 nariis
1324 3198 1338 3221 ,
1350 3164 1515 3222 aliisque
1530 3161 1803 3207 Ecclefiarum
1817 3158 1998 3204 Praelatis
2021 3158 2062 3200 δι
2076 3157 2159 3198 Re-

1191 3229 1367 3273 &oribus
1381 3254 1396 3278 ,
1424 3224 1475 3265 ad
1489 3236 1592 3280 quos
1604 3220 1819 3274 praesentes
1846 3218 1995 3261 littera,-
2013 3227 2158 3270 perve-

1194 3289 1354 3338 nerint,
1382 3297 1453 3340 per
1468 3279 1703 3338 Apostolica
1716 3278 1867 3335 scripta
1883 3302 1898 3325 ‚
1924 3276 1967 3317 δι
1990 3273 2061 3315 sub
2087 3286 2160 3315 ex-

1195 3340 1576 3392 communicationis
1592 3353 1744 3396 poena,
1769 3350 1888 3395 quam
1908 3343 2054 3376 contra
2068 3330 2157 3374 sen..

1194 3409 1340 3452 tientes
1353 3404 1564 3446 incurrere
1578 3398 1764 3442 volumus
1778 3394 1863 3451 ipso
1877 3391 1982 3436 facto
1994 3418 2010 3442 ‚
2023 3390 2156 3433 distri-

1192 3467 1256 3511 ἂὲ
1281 3460 1552 3523 praecipiendo
1577 3458 1841 3506 mandamus,
1866 3461 2059 3509 quatenus
2074 3452 2156 3493 Or-

1193 3526 1342 3569 dinarii
1358 3549 1537 3566 .......
1568 3516 1765 3560 videlicet
1794 3510 2023 3568 hujusmodi
2052 3511 2154 3553 Fra-

1193 3594 1280 3629 tres
1292 3584 1340 3627 ad
1356 3585 1436 3626 hoc
1448 3577 1690 3622 sufficientes
1715 3574 1934 3616 &idoneos
1946 3600 1963 3624 ‚
1986 3570 2054 3626 qui
2080 3582 2154 3624 per

1195 3657 1336 3688 eorum
1351 3638 1584 3696 Superiores
1606 3649 1681 3691 pro
1695 3630 1922 3690 hujusmodi
1944 3627 2153 3674 confeffio-

1195 3703 1313 3748 nibus
1338 3694 1547 3742 audiendis
1574 3693 1693 3738 electi
1710 3722 1725 3746 ‚
1747 3695 1788 3736 δι
1812 3691 1905 3747 ipfis
1927 3686 2153 3733 Ordinariis

1201 3758 1438 3803 nominatim
1452 3758 1493 3799 δι
1506 3755 1545 3797 in
1562 3753 1719 3810 scriptis
1733 3750 1957 3808 praesen-tati
1973 3748 2124 3790 fuerint
2138 3768 2154 3792 2

179 3799 355 3845 fionibus
374 3800 476 3850 iufra
497 3813 702 3859 Civitates
729 3815 770 3858 δι
793 3817 1008 3864 Dioeceses
1033 3817 1141 3879 ipso-
1201 3817 1348 3876 absque
1373 3813 1603 3874 hujusmodi
1619 3813 1774 3858 litteris
1793 3805 2154 3855 testimonialibus,

2030 3862 2095 3903 seu
