2444 4192
861 186 1024 268 Sub
1085 190 1333 268 Leone
1393 181 1494 263 Χ.

190 333 431 382 ventualium
445 331 485 372 S.
504 327 699 372 Francisci
715 354 729 378 ,
753 326 865 380 juxta
894 329 1040 368 dictam
1066 339 1142 367 no-

189 400 304 440 stram
342 390 648 434 ordinationem
669 414 683 437 ‚
710 384 898 439 Magister
931 382 1143 426 Generalis

189 457 374 498 Fratrum
391 444 734 491 Conventualium
760 442 800 482 in
817 450 1057 497 perpetuum
1067 453 1140 494 ap-

185 509 325 568 pellari
339 507 497 550 debeat.
512 503 714 564 Qudque
729 501 767 542 in
783 500 942 554 lingulis
959 497 1140 540 Provin-

183 569 254 610 ciis
267 567 452 622 deputati
475 565 526 607 ad
542 563 718 620 regimen
736 561 923 601 Fratrum
942 558 1139 619 Conven-

183 625 351 669 tualium
392 624 446 667 de
478 631 621 667 caetero
651 616 826 673 Magistri
861 612 1136 677 Provinciales

182 686 374 728 Fratrum
401 679 769 726 conventualium,
801 687 894 719 cum
910 673 985 714 suis
999 668 1137 725 sigillis

179 743 349 795 vocari,
378 743 418 784 δι
447 738 674 784 ἂΜίιιὶἢι-ίς
700 731 1022 797 Provincialibus
1053 730 1139 771 Re·

185 802 335 857 gularis
370 797 643 844 Observantiae
674 796 714 838 in
740 790 969 835 Provinciis
995 796 1140 844 juxta.

186 874 343 903 morem
363 859 457 901 dic'ti
472 856 640 899 Ordinis
664 850 879 909 respective
894 863 970 905 pro
985 857 1144 900 tempo-

182 933 228 961 re
242 917 517 966 existentibus,
531 912 882 958 confirmationem
897 907 1142 951 electionum

180 978 233 1019 de
247 978 304 1020 eis
318 988 392 1032 pro
407 985 590 1030 tempore
606 972 816 1022 factarum,
830 983 881 1012 eo
893 965 1034 1014 modo,
1060 975 1144 1020 quo

185 1035 339 1078 Vicarii
365 1033 642 1078 provinciales
668 1031 768 1073 olim
792 1028 842 1071 de
865 1025 1018 1068 familia
1036 1035 1144 1065 nun-

191 1092 327 1151 cupati
355 1122 372 1146 ,
407 1095 431 1138 a
459 1102 555 1135 tunc
584 1089 768 1135 Ministris
805 1083 1147 1130 Provinciarum..

190 1155 376 1197 Fratrum
403 1149 746 1194 Conventualium
781 1155 922 1203 petere
956 1140 1145 1186 teneban-

191 1222 260 1254 tur
286 1239 301 1263 ‚
355 1209 478 1252 etiam
512 1217 656 1263 petere
695 1212 914 1248 teneantur
940 1230 952 1242 .
993 1197 1143 1265 Qud-

186 1284 266 1326 que
307 1278 390 1310 tam
424 1265 638 1309 Generalis
681 1293 696 1316 ‚
739 1265 862 1319 quam,
904 1259 1143 1301 Provincia-

189 1328 249 1371 les
274 1324 442 1370 Ministri
467 1322 621 1379 praefati
635 1352 650 1374 ,
672 1331 755 1364 tam
780 1328 902 1370 ante,
917 1317 1038 1373 quam
1056 1312 1143 1370 post

191 1384 404 1433 Generalis
433 1383 474 1424 δι
496 1381 667 1425 aliorum
683 1378 965 1435 Magistrorum
989 1370 1140 1416 confir-

191 1446 411 1488 mationem
429 1439 655 1498 hujusmodi
670 1465 685 1488 ι,
711 1446 794 1481 tam
810 1436 862 1480 de
874 1431 1072 1481 Generali
1100 1431 1140 1473 8ι

194 1499 543 1549 provincialibus,
557 1501 674 1556 quam
688 1497 777 1540 aliis
801 1494 1002 1538 Fratribus
1029 1494 1143 1557 Con-

194 1561 446 1606 ventualibus
465 1556 715 1615 hujusmodi,
741 1557 782 1598 &
794 1567 964 1604 eorum,
978 1563 1024 1593 aa
1038 1549 1144 1593 alio·

193 1635 284 1666 rum
302 1619 433 1664 Tertii
458 1617 625 1661 Ordinis
641 1619 828 1659 Fratrum
848 1615 889 1656 δι
912 1614 1147 1654 δοτοωιιυ

193 1687 518 1734 nuncupatorum
542 1704 558 1727 ,
582 1675 650 1731 qui
674 1684 842 1717 eatenus
866 1670 935 1715 sub
963 1667 1147 1732 Ministro

195 1736 387 1782 Generali
417 1733 760 1779 conventualium
786 1730 943 1774 fuerant
988 1726 1149 1781 regimi-

197 1812 249 1842 ne
266 1825 281 1851 ,
295 1794 526 1838 nullatenus
542 1791 581 1833 se
594 1791 895 1840 intromittere,
906 1796 975 1832 aut
989 1798 1060 1828 eos
1077 1797 1148 1840 per

199 1856 239 1899 se
251 1882 267 1906 ‚
285 1853 350 1898 vel
365 1852 457 1896 suos
470 1850 770 1896 commiffarios
784 1848 941 1893 vifitare
954 1877 968 1899 ‚
982 1844 1048 1886 seu
1062 1857 1152 1886 cor·

200 1915 334 1969 rigere
349 1909 494 1965 poffint
508 1934 523 1958 ‚
536 1923 610 1952 nec
624 1910 798 1964 aliquam
820 1904 1155 1963 jurisdictionem,

181 1970 269 2016 seu
310 1966 630 2025 superioritatem
658 1968 700 2009 in
731 1964 836 2022 ipsos
869 1975 1056 2007 exercere
1083 1975 1155 2003 va-

205 2033 318 2075 leant
332 2055 347 2079 ,
361 2034 627 2082 praeterquam
637 2053 652 2075 ,
676 2038 767 2066 cum
786 2022 911 2075 ipsum
934 2019 1158 2082 Ministrum

204 2085 449 2134 Generalem
468 2098 542 2140 pro
556 2093 738 2138 tempore
764 2080 998 2124 existentem
1023 2075 1073 2118 ad
1103 2088 1160 2129 ip-

203 2151 339 2193 sorum
354 2146 543 2187 Fratrum
556 2139 905 2185 conventualium
918 2138 1062 2180 domos
1078 2161 1093 2183 ‚
1119 2133 1163 2174 δι

205 2207 296 2249 loca
310 2199 516 2243 declinare
542 2198 760 2252 contigerit
781 2208 798 2246 3
820 2207 903 2249 quo
921 2195 1014 2236 casn
1037 2221 1054 2242 ,
1079 2188 1160 2246 ipse

199 2258 384 2306 Minister
397 2255 560 2299 cosdem
575 2257 735 2301 Fratres
759 2250 1062 2295 conventuales
1089 2260 1160 2302 pa·

204 2316 324 2364 terne
343 2314 498 2357 visitare
509 2342 526 2365 ,
545 2310 692 2368 ipsique
709 2313 875 2354 Fratres
891 2313 1163 2357 Conventua-

205 2378 266 2423 les
296 2373 472 2418 eundem
504 2371 731 2416 Ministrum
763 2370 1041 2416 Generalem‚
1063 2375 1163 2408 tam·

208 2449 327 2495 quam
375 2431 504 2475 totius
533 2428 718 2486 praedicti
760 2428 925 2472 Ordinis
971 2425 1164 2482 Superio-

212 2508 300 2539 rem
330 2518 346 2542 ,
377 2490 486 2533 omni
518 2501 636 2541 ,sunu
652 2487 849 2532 charitate
891 2501 938 2530 ac
979 2483 1164 2528 dileetio-

210 2568 263 2599 ne
287 2549 470 2605 recipere
497 2547 700 2599 debeant,
723 2545 948 2590 dummodo
960 2544 1067 2588 idem
1083 2541 1165 2584 Mi-

212 2612 334 2656 nister
357 2604 564 2650 Generalis
583 2618 692 2648 nunc
715 2606 756 2648 &c
781 2619 856 2660 pro
878 2615 1064 2660 tempore
1080 2600 1165 2643 exi-

213 2670 315 2714 stens
329 2666 430 2710 nihil
442 2663 691 2724 judicialiter
703 2673 848 2708 contra
875 2661 981 2719 ipsos
998 2664 1163 2705 fratres

213 2724 512 2774 conventuales
524 2749 539 2772 2
549 2736 595 2766 ac
610 2725 767 2766 Domos
781 2736 923 2766 eorum
937 2748 952 2771 ,
979 2734 1025 2763 ac
1045 2719 1165 2763 loca-a

129 2811 135 2819 ·
211 2789 254 2830 δε
266 2786 388 2829 etiam
402 2781 644 2824 Monasteria
659 2782 907 2824 Mouialium
917 2809 935 2831 ,
948 2780 1017 2822 sub
1027 2790 1169 2822 eorum

216 2857 316 2890 cura
340 2838 580 2896 degentium
598 2849 813 2890 exerceat,
839 2838 909 2880 nisi
937 2852 987 2880 eo
1013 2836 1169 2884 modo,

218 2917 303 2961 quo
320 2897 501 2944 Minister
515 2897 728 2940 Generalis
742 2908 839 2939 tunc
854 2899 1042 2940 Fratrum
1055 2899 1170 2937 Con-

221 2957 480 3007 ventualium
504 2954 623 3010 super
651 2957 812 2997 Fratres
835 2954 888 2996 de
912 2951 1104 3005 familia,
1131 2953 1173 2993 &

222 3028 364 3066 eorum
383 3019 538 3059 Domos
551 3014 695 3056 &loca
716 3041 730 3064 ,
755 3014 795 3055 &
810 3013 1052 3056 Monafleria
1083 3015 1176 3054 Mo-

223 3077 407 3126 nialium,
422 3084 607 3127 ternpore
628 3069 934 3114 convocationis
946 3070 1042 3112 diui
1060 3070 1178 3124 Capi.

224 3137 301 3182 tuli
313 3129 605 3179 Generaliffimi
616 3130 1039 3176 exercebat‚exercere
1051 3128 1180 3184 ponit.

346 3193 515 3248 Insuper
539 3188 737 3232 Generali-
755 3218 771 3240 ,
794 3190 834 3230 δι
860 3184 1181 3230 Provincialibus

232 3251 417 3296 Ministris
447 3263 523 3306 pro
533 3255 719 3303 tempore
742 3246 1016 3296 existentibus,
1030 3243 1098 3287 sub
1111 3258 1182 3286 ex·

235 3307 604 3353 communicationis
618 3306 709 3348 latae
729 3306 932 3350 sententia:
947 3301 1066 3358 poena
1082 3315 1180 3358 prae·

242 3367 402 3422 cipimus
423 3368 462 3409 δε
489 3365 749 3414 mandatnm,
780 3379 828 3407 ne
849 3364 1004 3406 directi:
1025 3361 1089 3404 vel
1119 3362 1179 3402 in-

242 3424 413 3478 cirene,
428 3425 551 3469 etiam
565 3421 706 3468 favore
732 3425 1002 3466 Dominorum
1027 3430 1181 3474 tempo-

244 3479 382 3524 ralium
393 3482 648 3532 ‚Civitatum
662 3512 677 3535 ‚
689 3485 730 3525 δι
742 3479 1083 3531 Univerfitatum,
1095 3481 1182 3533 Op·

245 3538 428 3595 pidorum
441 3569 457 3591 ,
468 3542 689 3584 Terrarum
703 3568 719 3592 ,
730 3544 769 3585 &
787 3541 1006 3591 Villarum,
1019 3553 1064 3580 ac
1089 3549 1178 3592 per-

245 3598 426 3640 sonarum
439 3597 798 3644 Ecclefiasticarnm
811 3629 826 3651 ‚
851 3600 971 3643 etiam
987 3596 1184 3642 Praelato·

245 3666 333 3696 ‘um
349 3666 670 3713 quorumcunque
682 3685 698 3708 ,
719 3658 784 3703 seu
814 3657 1092 3703 cardinalium
1106 3684 1122 3705 ,
1139 3653 1185 3694 fi-

243 3724 293 3755 ve
311 3709 392 3780 alio
410 3711 567 3764 quaefito
578 3715 718 3759 colore
734 3716 823 3770 ,vel
851 3717 1008 3771 ingenio
1027 3745 1041 3768 ‚
1063 3711 1178 3756 mali-

243 3771 371 3818 tiosos,
389 3767 492 3821 quod
505 3769 652 3816 Domus
668 3802 683 3827 ,
696 3775 842 3818 &loca
859 3779 1046 3820 Fratrum
1062 3777 1177 3818 Con-

1861 253 1865 257 .
1941 209 2093 286 231

1202 327 1454 367 ventualium
1484 348 1499 371 ,
1526 319 1591 362 seu
1620 320 1862 363 Monasteria
1889 324 2164 376 Monialium,

1202 396 1309 424 curae
1335 376 1515 433 Magistri
1557 377 1773 418 Generalis
1817 382 2167 429 conventualium

1199 436 1429 491 hujusmodi
1447 432 1620 488 subjecta
1633 462 1649 483 ,
1662 447 1749 489 quae
1767 437 1954 477 hactenus
1971 438 2041 482 sub
2055 443 2164 485 diao

1200 494 1388 540 Ministro
1401 493 1597 535 Generali
1612 494 1802 535 Fratrum
1818 495 2165 542 conventualium

1199 553 1361 597 fuerant
1376 579 1391 602 ,
1405 551 1460 593 eis
1477 550 1771 607 quoquomodo
1798 554 2054 606 auferantur,
2068 570 2164 611 pro-

1199 624 1344 655 curare
1363 610 1597 666 praesumant
1614 611 1679 651 :&
1691 610 1955 653 nihilominus
1970 614 2163 669 quicquid

1196 674 1237 713 in
1257 670 1509 712 contrarium
1526 677 1773 712 attentatum
1791 666 1919 713 fuerit
1935 699 1949 723 ,
1965 671 2008 713 fit
2024 671 2165 728 eoipso

1197 729 1362 773 irritum
1380 730 1603 780 ‚&inane:
1632 730 1788 770 Domus
1805 739 1964 782 autem,
1993 733 2034 774 δι
2049 730 2164 777 loca,

1202 803 1247 833 ac
1275 788 1519 830 Monasteria
1548 787 1787 830 Monialium
1815 790 2008 847 Magistro
2033 792 2172 833 Gene-

1202 847 1277 891 rali
1311 849 1501 889 Fratrum
1527 845 1876 889 conventualium
1902 863 1948 891 ea
1964 846 2173 904 subjecta..

1203 904 1278 950 effe
1314 904 1488 961 intelligi
1524 905 1706 947 volumus
1734 933 1749 956 ,
1789 921 1875 962 quae
1908 905 2139 963 apostolica
2154 934 2170 957 ,

1204 965 1271 1009 vel
1286 964 1366 1007 alia
1384 964 1620 1008 auctoritate
1635 963 1817 1007 Ministro
1832 967 2026 1010 Generali
2041 996 2058 1018 ‚
2072 975 2169 1008 ante

1206 1023 1526 1068 celebrationem
1540 1022 1635 1064 dicti
1651 1022 1836 1078 Capituli
1858 1024 2140 1081 generaliffimi
2156 1050 2172 1075 ,

1207 1081 1391 1140 proxime
1421 1082 1461 1124 in
1485 1081 1590 1124 dieta
1617 1083 1754 1124 Domo
1780 1083 1964 1127 Aracoeli
1980 1082 2178 1128 celebrati

1205 1142 1377 1199 subjecta
1394 1149 1506 1183 erant
1524 1168 1538 1192 ,
1563 1141 1603 1182 δι
1618 1139 1656 1182 in
1671 1154 1847 1196 quorum
1870 1141 2100 1199 possessione
2116 1141 2174 1198 ip-

1203 1201 1353 1243 setunc
1371 1197 1548 1242 Minister
1579 1200 1792 1243 Generalis
1821 1200 2174 1246 conventualium

1203 1259 1414 1309 existebat,
1429 1257 1648 1314 prasertim
1668 1261 1822 1302 Domus
1840 1289 1855 1312 ,
1877 1259 1942 1303 seu
1972 1264 2175 1305 Conven-

1204 1329 1271 1362 tus
1287 1316 1408 1360 Affifii
1424 1318 1486 1367 ,&
1504 1316 1636 1360 Sancti
1654 1317 1875 1361 salvatoris
1903 1319 1955 1362 de
1973 1319 2147 1363 Urbe-³
2161 1343 2178 1368 2

1200 1377 1364 1431 aliaeque
1381 1373 1641 1430 quamplures
1658 1376 1838 1428 Domus,
1861 1391 1907 1417 ac
1942 1376 2072 1418 multa
2089 1375 2178 1417 Mo-

1202 1434 1371 1479 nasteria
1398 1430 1638 1475 Monialium
1660 1456 1674 1479 ‚
1715 1447 1800 1489 quae
1829 1434 1963 1477 eidem
1988 1433 2169 1477 Ministro

1203 1490 1424 1541 Generali,
1453 1502 1550 1533 tunc
1577 1490 1812 1535 immediate
1840 1492 2009 1547 subjecta
2021 1502 2136 1536 erant
2152 1522 2168 1544 ,

1204 1568 1290 1612 quae
1311 1552 1445 1593 omnia
1459 1563 1507 1593 cx
1523 1563 1627 1592 nunc
1644 1552 1837 1607 Magistro
1850 1553 2044 1598 Generali
2058 1556 2171 1596 Con-

1207 1609 1456 1658 ventualium
1485 1608 1717 1653 immediate
1755 1609 1924 1668 subjecta
1970 1611 2174 1670 perpetuo

1207 1673 1283 1717 fint
1296 1666 1449 1722 ,&else
1465 1668 1730 1720 censeantur,
1753 1673 1934 1728 exceptis
1964 1672 2174 1716 Domibus

1208 1735 1249 1775 δι
1273 1730 1405 1781 locis,
1429 1743 1475 1771 ac
1507 1728 1760 1773 Monasteriis
1789 1731 2029 1775 Monialium
2042 1730 2176 1774 disto·

1210 1804 1303 1835 rum
1318 1791 1501 1832 Fratrum
1527 1787 1863 1831 Reformatorum
1878 1819 1892 1841 ,
1918 1804 1993 1846 per
2016 1791 2175 1845 priores

1212 1851 1349 1894 literas
1364 1847 1516 1890 nostras
1530 1845 1756 1901 hujusmodi
1785 1861 1911 1901 nuper
1924 1849 2049 1890 unitis
2061 1872 2076 1894 ‚
2089 1860 2177 1901 quae

1214 1904 1436 1954 Generali‚
1459 1906 1500 1946 δι
1522 1905 1846 1948 Provincialibus
1878 1906 2068 1948 Ministris
2110 1906 2183 1948 in..-

1215 1967 1294 2010 suis
1308 1963 1534 2007 Provinciis
1550 1962 1769 2020 respective
1783 1964 1823 2006 in
1836 1966 2024 2008 omnibus
2045 1962 2179 2020 subje-

1217 2026 1280 2064 ἀει
1295 2034 1499 2063 remanere
1512 2021 1696 2063 volumus
1710 2051 1723 2061 .

1337 2078 1555 2120 statuimus
1581 2078 1702 2120 etiam
1729 2105 1744 2128 ,
1769 2078 1881 2133 quod
1915 2106 1931 2131 ,
1959 2080 1985 2122 fi
2018 2082 2182 2123 Fratres

1222 2134 1531 2184 conventuales
1558 2136 1803 2192 quandoque
1827 2137 1867 2179 se
1897 2137 2178 2184 reformare-a

1220 2191 1712 2243 voluerint‚reformatio
1732 2194 1811 2250 ipsa
1836 2196 1946 2247 juxta
1973 2189 2182 2252 privilegia

1219 2249 1455 2308 Apostolica
1475 2251 1531 2292 eis
1562 2250 1742 2293 concessa
1761 2282 1776 2304 ,
1801 2265 1874 2306 per
1901 2252 1989 2296 suos
2004 2257 2187 2297 Genera·

1217 2312 1298 2356 lem
1317 2337 1331 2358 ‚
1367 2309 1407 2350 δι
1436 2309 1715 2352 provinciales
1740 2310 1954 2365 Magistros
1982 2313 2185 2356 duntaxat

1222 2368 1314 2414 fieri
1336 2366 1483 2410 debeat
1499 2397 1514 2420 ‚
1528 2368 1594 2410 nili
1609 2394 1623 2416 ‚
1641 2369 1707 2411 ubi
1737 2372 1895 2412 Fratres
1915 2370 2085 2428 alicujus
2103 2374 2189 2414 Do·

1226 2425 1311 2472 miis
1328 2452 1343 2475 ,
1359 2428 1423 2469 scu
1438 2425 1679 2471 Conventus
1695 2427 1743 2469 ad
1762 2442 1893 2470 veram
1905 2431 1947 2472 δι
1960 2430 2188 2486 regularem

1225 2486 1534 2531 Observantiam
1559 2515 1574 2538 ,
1603 2487 1643 2526 δι
1667 2486 1947 2529 omnimodam
1974 2488 2188 2531 Generalis

1217 2549 1265 2590 ·&
1279 2545 1589 2588 Provincialium
1612 2544 1887 2589 Ministrorum
1911 2547 2189 2590 obedientiam

1227 2605 1396 2654 venire,
1425 2605 1462 2646 δι
1480 2604 1670 2647 Generali
1695 2619 1740 2646 ac
1768 2604 1858 2648 aliis
1881 2605 2076 2649 Ministris
2091 2619 2188 2662 prae-

1227 2665 1320 2708 satis
1337 2662 1373 2706 se
1391 2661 1582 2717 subjicere
1594 2663 1747 2706 vellent
1762 2666 1887 2722 :Quo
1907 2664 1999 2709 casu
2012 2692 2027 2716 ‚
2050 2663 2075 2708 fi
2090 2666 2190 2708 Fra-

1228 2735 1310 2767 tres
1327 2721 1488 2765 illarum
1506 2725 1731 2767 Domorum
1743 2748 1757 2771 2
1783 2724 1823 2766 in
1836 2726 1982 2781 quibus
1995 2726 2019 2769 ὲ
2031 2723 2189 2772 decem,

1229 2785 1350 2840 usque
1363 2781 1412 2822 ad
1429 2782 1572 2838 viginti
1597 2784 1740 2834 tres,in
1754 2783 1842 2826 aliis
1858 2786 1957 2828 vero
1973 2782 2188 2830 Domibus,

1228 2843 1269 2888 iu
1283 2840 1429 2898 quibus
1452 2854 1636 2884 numerus
1657 2844 1680 2884 a
1695 2842 1836 2896 viginti
1849 2842 1971 2899 usque
1981 2841 2033 2885 ad
2048 2854 2192 2899 quem-

1229 2912 1401 2954 cumque
1414 2913 1633 2942 numerum
1644 2901 1834 2943 Fratrum
1848 2899 2192 2944 eorundemcon-

1236 2957 1484 3000 ventualium
1498 2956 1647 3005 fuerit,
1669 2956 1756 2998 duae
1778 2959 1933 3000 tantum
1950 2968 2085 3012 partes
2101 2958 2194 2999 sub-

1237 3016 1397 3073 jeffloni
1416 3044 1431 3067 ,
1453 3018 1493 3057 δι
1517 3015 1755 3057 submiffioni
1772 3014 1994 3070 hujusmodi
2023 3014 2195 3059 consen·-

1239 3076 1358 3118 serint
1374 3102 1390 3123 ,
1405 3084 1499 3115 tunc
1515 3074 1732 3116 Generalis
1743 3102 1761 3126 ,
1784 3076 1824 3117 δι
1838 3075 1903 3117 alii
1918 3074 2194 3117 Provinciales

1242 3132 1414 3176 Ministri
1446 3145 1522 3187 pro
1551 3143 1739 3188 tempore
1764 3134 1975 3176 existentes
2001 3162 2014 3185 ,
2040 3133 2193 3174 Domos

1243 3194 1432 3234 Pratrum
1470 3190 1701 3245 subjectioni
1735 3194 1775 3234 δι
1799 3191 2035 3235 submiffioni
2062 3187 2197 3246 hujus·

1242 3248 1350 3292 modi
1371 3249 1517 3299 ,modo
1530 3247 1723 3306 praemiffo
1745 3249 2092 3300 consentientium,
2102 3260 2197 3304 qua-

1242 3320 1416 3361 cumque
1429 3308 1752 3351 contradictione
1772 3323 1854 3352 non
1878 3309 2063 3352 obstante
2077 3333 2092 3356 ‚
2107 3309 2196 3348 Do-

1240 3380 1331 3409 mos
1350 3367 1538 3410 Fratrum
1553 3368 1899 3410 conventualium
1915 3396 1930 3418 ‚
1951 3368 1992 3409 δι
2003 3367 2197 3409 illarum..

1243 3427 1404 3468 Fratres
1420 3424 1648 3481 hujusmodi
1669 3427 1797 3470 libere
1819 3425 1988 3468 &licite
2013 3425 2197 3480 recipere

1241 3484 1387 3538 poffint
1405 3498 1424 3525 a
1446 3488 1600 3527 Domos
1617 3488 1716 3528 vero
1729 3487 1919 3527 Fratrum
1935 3485 2202 3527 Conventua·

1243 3542 1342 3584 lium
1356 3570 1370 3592 ,
1382 3543 1418 3583 in
1436 3544 1582 3597 quibus
1596 3543 1729 3584 minor
1754 3556 1941 3586 numerus
1955 3570 1971 3593 ‚
1983 3542 2104 3600 quim
2129 3541 2200 3582 de-

1243 3599 1374 3642 narius
1399 3598 1518 3641 fuerit
1537 3629 1553 3652 ‚
1580 3600 1700 3642 etiam
1733 3599 1790 3643 de
1806 3602 1982 3644 omnium
2007 3604 2197 3645 Fratrum

1241 3659 1583 3701 Conventualium
1608 3658 1828 3702 earundem
1853 3662 2081 3704 Domorum
2102 3669 2200 3698 con·

1236 3717 1350 3759 sensu
1369 3742 1384 3764 2
1397 3716 1631 3761 nullatenus
1645 3718 1825 3775 recipere
1837 3718 1998 3762 valeant
2012 3745 2024 3765 ‚
2040 3716 2101 3759 sed
2119 3713 2145 3752 il
2155 3712 2198 3750 ¹ae

1235 3774 1473 3828 Generalis,
1504 3779 1545 3820 δι
1567 3777 1738 3821 aliorum
1768 3776 2086 3822 Provincialium
2114 3770 2199 3810 Ma-

2078 3826 2139 3881 εἰ·
