2444 4192
890 168 1054 250 Sub
1115 167 1334 250 Sixto
1396 161 1442 244 Ι
1461 160 1565 245 V.

237 316 344 364 cessis
372 307 499 356 libere
525 306 586 349 uti
618 301 761 363 possint
786 308 799 342 ῑ
825 306 924 344 Non
955 304 1203 347 obstantibus

234 370 510 433 quibuscumq3
528 361 774 421 Apostolicis
787 360 1119 416 suspenfionibus,
1136 376 1202 405 re·

231 426 510 479 vocationibus
524 426 564 466 &
578 418 955 467 restriaionibus,ac
975 419 1197 468 inProvin÷

233 490 400 537 cialibus
423 487 464 528 δι
479 482 749 540 synodalibus
763 478 961 521 Conciliis
988 478 1110 521 editis
1124 493 1196 534 ge-

228 548 432 594 neralibus
463 544 530 587 vel
547 539 785 600 specialibus
811 536 1199 588 constitutionibus,

228 620 385 654 necnon
404 602 624 648 Parifienfis
636 628 652 652 ‚
663 600 705 642 &
715 598 885 642 aliorum
910 595 1098 639 locorum
1113 597 1199 638 Ge-

228 677 255 712 n
266 665 441 711 eralium
456 662 674 707 studiorum
693 654 1047 708 Univerfitatibus,
1061 655 1102 697 δι
1115 655 1202 696 Cu-

225 725 295 770 riae
310 721 608 779 Vicegerentiae
624 716 921 765 Avinionenfis,
937 715 977 757 δι
993 714 1202 772 quibusvis

228 783 449 829 ordinariis
478 779 656 826 Praelatis
669 807 686 830 ,
706 790 752 819 ac
779 774 960 819 Personis
983 771 1199 826 conceffis,

226 848 268 888 δε
297 838 577 887 concedendis
590 835 738 882 litteris
754 835 794 879 s:
806 834 1047 892 privilegiis,
1061 848 1108 876 ac
1123 847 1199 890 pet·

228 903 324 946 illos
337 899 545 956 deputatis
561 898 600 941 in
623 898 678 940 eis
692 894 1048 939 Conservatoribus
1073 893 1200 950 privi-

227 961 431 1017 legiorum
448 955 669 1014 hujusmodi
684 953 943 1000 facultatibus
973 954 1014 996 &
1036 951 1202 1011 jurisdi-

217 1014 366 1064 ctione
377 1047 391 1069 ‚
404 1032 496 1062 cum
509 1011 713 1075 quibusvis
728 1011 931 1066 clausulis,
949 1013 1072 1055 etiam
1085 1011 1207 1055 dero-

228 1079 482 1138 gatoriarum
496 1074 772 1134 derogatoriis
786 1100 801 1124 s
813 1088 859 1118 ac
873 1071 1120 1116 fortioribus
1134 1101 1150 1124 ,
1165 1073 1207 1114 &

228 1138 407 1183 insolitis
422 1165 437 1189 ,
463 1137 608 1195 quibus
635 1134 826 1178 omnibus
854 1130 926 1175 illa
939 1132 1099 1175 etiamfi
1115 1131 1207 1176 dc.»

229 1200 291 1242 eis
305 1226 320 1250 ,
337 1210 560 1251 eorumque
573 1193 672 1237 totis
700 1192 909 1236 tenoribus
923 1193 961 1235 &
977 1191 1083 1234 datis
1097 1203 1207 1241 ,non

228 1272 302 1315 per
332 1252 560 1310 hujusmodi
593 1251 804 1308 generales
818 1247 1037 1302 clausulas,
1050 1250 1207 1293 etiam-1

227 1314 440 1374 specialem
453 1312 703 1356 mentionem
719 1313 990 1367 imponantes
1006 1339 1020 1359 ,
1037 1307 1103 1351 sed
1121 1307 1207 1362 spe·

229 1374 345 1420 cifiea
362 1374 403 1417 &
420 1372 654 1423 individua,
674 1384 720 1413 ac
735 1369 788 1414 de
803 1368 933 1412 verbo
953 1368 1003 1413 sd
1022 1366 1208 1416 verbum,

228 1439 298 1481 seu
309 1434 452 1488 quaevis
464 1431 544 1476 alia
557 1430 716 1474 mentio
750 1429 937 1472 habenda
958 1425 1053 1473 effet
1069 1456 1084 1480 ,
1116 1439 1208 1483 prae-

230 1494 410 1540 sentibus
438 1500 516 1548 pro
539 1489 727 1547 expressis
756 1488 952 1532 habentes
967 1518 982 1540 ,
1005 1486 1085 1531 illis
1111 1485 1207 1528 aliis

232 1556 274 1598 in
296 1553 366 1596 suo
382 1553 535 1594 robore
553 1546 822 1607 permansuris
836 1575 852 1599 ‚
883 1547 1016 1604 quoad
1035 1545 1208 1603 praemis-

233 1612 272 1657 sa
287 1641 302 1664 ,
318 1609 498 1666 specifice
510 1611 552 1652 &
563 1608 803 1652 nominatim
820 1605 1065 1662 derogamus
1075 1633 1090 1654 ‚
1105 1607 1146 1648 δι
1160 1618 1206 1647 ea

237 1669 390 1717 nemini
404 1670 445 1711 in
471 1667 748 1725 praeiudicium
761 1666 1048 1721 proemifforum
1074 1662 1208 1706 suffra-

241 1730 326 1789 gari
342 1724 448 1785 polle
465 1737 560 1780 ,aut
577 1726 728 1770 debere
742 1754 759 1777 ,
785 1739 830 1767 ac
845 1724 1008 1769 irritum
1032 1726 1072 1768 δι
1094 1722 1210 1765 inane

236 1787 428 1848 quicquid
443 1785 554 1830 secus
566 1784 785 1841 contigerit
808 1784 1033 1835 attentari,
1064 1783 1212 1826 decer-

241 1848 403 1896 nimus,
433 1859 590 1890 necnon
615 1845 800 1889 omnibus
826 1842 919 1895 illis,
941 1857 1025 1900 quae
1043 1842 1082 1885 in
1095 1841 1211 1884 dietis

246 1906 398 1950 litteris
412 1904 556 1945 nostris
578 1901 752 1958 prefatis
774 1903 996 1946 Ordinibus
1017 1899 1211 1945 concellis

203 1964 206 1970 '
241 1963 429 2009 volumus
445 1973 525 2002 non
538 1959 694 2002 obstare
706 1985 720 2007 ‚
747 1959 976 2015 caterisque
995 1960 1210 2000 contrariis

245 2020 546 2083 quibuscunque
556 2018 790 2063 &c-Vcrum
807 2015 1005 2059 διε.ΝυίΙί
1020 2027 1119 2070 ergo
1133 2015 1214 2055 &eO

242 2078 244 2081 ’
361 2083 510 2124 Datum
527 2079 665 2120 Romae
680 2075 787 2132 apud
802 2078 990 2120 Sanctum
1007 2075 1214 2117 Petrum.»

239 2146 365 2188 Anno
390 2136 682 2182 incarnationis
716 2134 934 2177 Dominicae
957 2160 972 2183 ,
996 2130 1210 2174 msslefimo

242 2191 640 2256 quadringentesimo
662 2189 950 2245 septuagesimo
977 2202 1087 2229 nono
1101 2215 1115 2236 ,
1134 2189 1212 2240 sep·

238 2259 344 2302 timo
373 2248 576 2296 Kalendas
603 2246 770 2305 Augusti
800 2273 816 2300 ,
838 2242 1105 2302 Pontificatiis
1138 2257 1217 2302 no:

247 2316 317 2362 stri
333 2317 455 2360 Anno
470 2310 627 2353 octavo
637 2334 650 2347 .

299 2428 528 2480 Bullarium
544 2430 701 2470 Roman.
716 2434 832 2484 tom-3
841 2455 852 2467 .
861 2432 977 2483 part,
987 2439 1026 2482 3.
1031 2421 1112 2478 fil.
1123 2435 1134 2465 ι
1146 2434 1214 2477 73.

359 2489 508 2547 Specul-
520 2487 624 2533 Min.
639 2485 801 2530 trena.
806 2484 964 2544 fh1.67.
998 2481 1213 2539 Waddt'ug.

357 2550 524 2603 tom-14.
539 2546 685 2590 Annal.
692 2543 776 2605 sol.
791 2555 889 2600 ²24·

246 2686 849 2711 ω·

251 2795 344 2843 FF.
364 2789 572 2838 Minores
584 2783 643 2834 ad
659 2785 786 2834 nulla
813 2781 978 2836 statuta
996 2820 1013 2845 ,
1032 2783 1217 2836 eonsue-

320 2858 533 2915 tudines,
557 2872 610 2904 ac
639 2852 966 2904 declarationes
993 2891 1009 2915 ,
1040 2859 1219 2907 etiam.»

320 2927 595 3001 Apostolica
610 2923 879 2975 austeritate
893 2923 1095 2977 firmatas
1106 2962 1121 2984 ,
1140 2925 1221 2976 sub

289 3041 291 3043 ψ
320 2998 536 3056 censura,
554 2993 645 3047 ,seu
662 3008 848 3064 peccato
880 2999 1067 3050 mortali
1084 2998 1220 3069 ligari

322 3070 446 3144 posse
461 3067 664 3120 decernit
675 3101 692 3116 .

252 3201 634 3288 jsleUs
681 3188 1178 3256 RPISCOPUS

443 3323 620 3366 Ssavus
653 3321 907 3365 Snavosuu
941 3321 1054 3362 Der.

404 3440 478 3509 3¹²
491 3447 727 3496 perpetuam
754 3442 819 3484 ret·
847 3437 1100 3482 memoriam.'

273 3549 648 3666 Clreumspe&a
681 3559 920 3617 Apostolicae
959 3555 1076 3601 Sedis
1115 3556 1228 3599 beni-

404 3615 528 3667 gnitas
539 3616 674 3660 salutis
686 3619 877 3675 operibus
889 3616 1042 3673 semper
1055 3615 1227 3666 intenta,

271 3671 320 3710 ad
357 3681 402 3709 ea
425 3675 617 3736 pfaecipue
641 3673 714 3718 suae
739 3677 1024 3720 sollicitudinis
1051 3674 1225 3717 studium

265 3736 506 3777 COssvertsts
529 3745 597 3785 per
619 3747 706 3790 quae
725 3734 1021 3779 christifideles
1048 3734 1187 3788 singuli
1203 3763 1221 3785 ,

263 3784 480 3890 ρτωῗεᾶξσίἒ
494 3787 563 3891 (balb
577 3788 683 3837 suavi
699 3793 921 3851 Religionis
937 3793 1035 3853 jugo
1060 3792 1220 3838 Altiffi-

377 3893 380 3895 Α
475 3872 487 3892 9
544 3872 559 3897 ἱ

2002 186 2166 266 203

1266 323 1334 349 mo
1350 309 1622 356 famulantes,
1639 304 1803 347 {Emotis
1829 306 2024 361 scrupulis
2050 315 2244 357 univerfis

1263 363 1305 404 in
1326 366 1436 417 pacis
1454 364 1757 417 tranquillitate
1772 388 1786 410 ‚
1801 365 1839 404 &
1855 368 2109 410 conscientiae
2134 376 2245 422 puri-

1261 428 1345 463 tate
1358 448 1373 472 ,
1395 420 1474 469 illi,
1491 421 1554 461 cui
1571 419 1610 462 se
1624 419 1769 474 sponte
1796 421 2055 465 devoverunt
2071 455 2087 475 ,
2116 437 2242 472 vota,

1260 479 1327 522 sua
1355 474 1563 521 exsolvere
1596 479 1791 530 valeant,
1823 478 2011 522 censuras
2037 484 2076 524 δε
2108 496 2245 534 poenas

1263 537 1485 594 aliquando
1498 538 1736 580 revocando
1753 567 1767 590 ,
1784 538 1994 581 interdum
2027 542 2124 582 vero
2140 542 2246 583 limi-

1264 598 1419 649 tand0,
1456 607 1580 655 prout
1605 597 1799 655 conspicit
1818 599 1858 641 in
1871 598 2052 642 Domino
2078 597 2246 651 salubri-¹

1265 667 1331 702 ter
1348 658 1545 712 expedire
1560 686 1572 698 .

1326 717 1432 760 Sane
1462 732 1538 773 pro
1564 729 1683 774 parte
1697 719 1938 763 dilectorum
1952 720 2147 763 Filiorum
2166 719 2247 762 Mi-

1265 777 1376 821 nistri
1393 777 1637 830 Generalis,
1650 780 1688 820 &
1703 778 1980 829 universorum
1997 778 2247 823 FF-Ordinis

1267 839 1347 880 FF·
1367 838 1574 880 Minorum
1603 839 1729 880 Nobis
1745 853 1872 894 nuper
1889 838 2069 883 exhibita
2100 838 2248 896 petitio

1265 896 1749 952 continebat,quod,licet
1763 898 1902 940 multis
1923 900 2132 942 Fratribus
2146 894 2253 951 eius-

1268 955 1365 999 dem
1379 956 1555 998 Ordinis
1570 957 1659 999 finis
1674 956 1836 1003 durum,
1851 959 1892 999 δι
1907 957 2073 1000 difficile
2089 958 2149 1006 sit,
2169 958 2254 999 Re-

1269 1018 1407 1072 gulam
1428 1017 1476 1058 B.
1497 1014 1702 1059 Francisci
1718 1027 1874 1068 tenere,
1890 1032 1936 1059 ac
1953 1018 2003 1059 ad
2019 1015 2175 1058 suarum
2192 1014 2252 1056 sa·

1273 1076 1406 1119 lutem
1436 1074 1662 1119 animarum
1694 1075 1873 1120 sufficere
1902 1078 2083 1120 videatur
2115 1078 2256 1131 Regu-

1273 1134 1353 1178 lam
1370 1134 1491 1190 ipsam
1507 1134 1768 1178 laudabiliter
1785 1135 1999 1179 observare
2015 1149 2028 1181 :
2043 1134 2255 1177 nihilomid

1271 1209 1350 1239 nus
1366 1223 1381 1246 ,
1394 1194 1486 1249 quia
1504 1195 1689 1237 nonnulli
1723 1198 1895 1238 Romani
1914 1194 2128 1239 Pontifices
2146 1195 2252 1238 Prae·

1273 1254 1501 1298 decessores
1516 1254 1641 1296 nostri
1658 1284 1671 1306 ,
1683 1255 1723 1295 δι
1741 1255 1841 1307 alii,
1865 1270 1911 1298 ac
1926 1257 2048 1298 etiam
2068 1258 2254 1298 Genera·

1272 1315 1322 1356 lis
1336 1342 1351 1364 ,
1364 1314 1402 1354 s:
1424 1314 1585 1355 Fratres
1599 1313 1715 1369 ipsius
1727 1315 1903 1356 Ordinis
1935 1315 2100 1357 fervore
2130 1314 2254 1355 devo-

1271 1372 1392 1416 tionis
1407 1370 1556 1413 accenfi
1571 1399 1585 1420 ,
1603 1372 1710 1415 ultra
1735 1372 1883 1414 dictam
1905 1373 2105 1430 Regulam
2123 1401 2138 1423 ‚
2152 1385 2255 1413 non-

1272 1431 1383 1475 nulla
1403 1429 1549 1472 statuta
1563 1431 1896 1474 &ordinationes
1914 1462 1925 1484 ‚
1942 1435 2022 1475 five
2040 1431 2254 1474 Constitu-

1271 1492 1402 1536 tiones
1418 1488 1600 1533 fecerint
1617 1519 1631 1542 ,
1647 1505 1716 1547 per
1730 1505 1814 1549 qua:
1830 1492 1963 1550 aliqua
1995 1491 2143 1535 eisdem
2157 1493 2254 1533 Fra-

1270 1551 1400 1594 tribus
1430 1549 1725 1605 prohibentur,
1739 1563 1785 1595 ut
1801 1565 1915 1608 puta,
1930 1551 2150 1595 comedere
2165 1563 2256 1591 car-

1272 1624 1341 1654 nes
1361 1610 1398 1650 in
1417 1610 1674 1660 Nativitatis,
1690 1610 2022 1662 Resurree‘iionis,
2038 1613 2074 1654 &
2102 1609 2254 1652 Ascen-

1274 1670 1392 1711 sionis
1412 1668 1574 1711 Domini
1591 1671 1729 1713 Nostri
1750 1670 1838 1728 Jesu
1851 1671 2002 1714 Christi
2022 1672 2084 1721 ,δι
2100 1673 2254 1713 Pente-

1274 1729 1405 1772 costes
1422 1756 1435 1779 ,
1449 1742 1495 1770 ac
1512 1729 1735 1772 Beatorum
1754 1732 1864 1773 Petri
1888 1733 1928 1773 δι
1946 1730 2058 1774 Pauli
2079 1728 2257 1786 Aposto-

1282 1789 1419 1832 lorum
1449 1816 1463 1838 ,
1485 1788 1720 1844 caeterisque
1758 1789 1844 1831 aliis
1870 1789 2149 1832 festivitatibus
2178 1815 2192 1838 ,
2215 1787 2255 1827 δι

1274 1847 1445 1894 diebus,
1471 1846 1654 1901 quaedam
1682 1848 1870 1890 verbalia
1897 1845 1986 1904 ipsis
2014 1845 2257 1903 praecipiun-

1276 1914 1343 1950 tur
1359 1904 1444 1948 fieri
1464 1904 1533 1948 sub
1548 1907 1986 1950 excommunicationis
2005 1904 2128 1962 poeni
2143 1934 2156 1957 ,
2189 1902 2255 1946 vel

1274 1965 1365 2006 aliis
1381 1962 1561 2006 censuris
1579 1967 1866 2009 Ecclessasticis
1884 1995 1898 2016 ,
1911 1965 1975 2009 scu
1996 1966 2084 2010 aliis
2102 1963 2255 2021 poenis,

1275 2032 1372 2074 quas
1404 2020 1748 2064 contrafacientes
1776 2023 1860 2077 ipso
1884 2025 1991 2066 facto
2022 2025 2255 2073 incurrunt,

1275 2074 1397 2119 multi
1413 2086 1631 2131 propterea
1647 2077 1742 2120 diet·
1771 2081 1938 2122 Ordinis
1967 2078 2130 2124 Fratres
2156 2094 2260 2123 con-

1281 2134 1542 2178 traraei'endo
1564 2135 1741 2179 censuris
1762 2138 1802 2179 &
1828 2140 1960 2194 poenis
1988 2138 2127 2182 taliter
2161 2140 2256 2182 latis

1281 2193 1380 2246 saepe
1398 2204 1564 2234 numero
1593 2195 1886 2245 involvuntur,
1908 2201 1947 2239 δι
1964 2199 2259 2253 illaqueantur:

1278 2249 1388 2293 unde
1404 2248 1545 2292 statuta
1558 2251 1598 2292 δι
1613 2253 1887 2297 ordinationes
1902 2256 2096 2311 praedieiae
2122 2257 2259 2310 potius

1279 2308 1330 2352 ad
1357 2310 1580 2353 animarum
1605 2310 1759 2354 suarum
1787 2313 2045 2368 dispendium
2064 2342 2078 2364 ‚
2096 2318 2256 2371 quam..-

1277 2367 1449 2412 salutem
1476 2369 1679 2413 edificare
1700 2373 1919 2416 videntur:
1952 2375 2093 2419 verum
2110 2373 2135 2415 fi
2160 2388 2259 2417 cen-

1277 2427 1373 2472 surae
1390 2430 1429 2471 δι
1445 2443 1575 2484 poenae
1590 2430 1784 2485 pra-dieta
1815 2432 1855 2474 in
1881 2434 2228 2477 contrafacientes
2243 2461 2258 2486 ,

1278 2496 1323 2532 u't
1353 2486 1590 2544 praefertur,
1619 2488 1702 2544 ipso
1716 2488 1822 2532 fafio
1837 2491 1928 2534 latae
1945 2521 1959 2544 ,
1976 2494 2014 2534 in
2030 2493 2258 2535 commina-

1277 2548 1402 2592 torias
1417 2549 1456 2589 δι
1475 2548 1710 2604 infligendas
1724 2576 1738 2597 ,
1760 2552 1799 2592 δι
1828 2552 2077 2606 temporales
2115 2566 2255 2606 poenas

1277 2620 1556 2659 mutarentur,
1584 2606 1770 2663 profesto
1798 2607 1915 2652 saluti
1947 2611 2255 2666 plurimorum-2

1277 2668 1510 2725 opportune
1525 2667 1831 2711 consuleretur.
1860 2673 2002 2726 Quare
2027 2683 2102 2725 pro
2135 2679 2255 2725 parte.

1279 2728 1451 2773 Ministri
1467 2729 1502 2770 &
1522 2730 1711 2770 Fratrum
1733 2730 2015 2784 proedietorum
2032 2730 2163 2774 Nobis
2179 2727 2257 2771 suit

1280 2787 1494 2830 humiliter
1511 2785 1777 2842 supplicatum
1793 2815 1807 2836 a
1825 2801 1868 2831 ut
1885 2788 1974 2842 ipfis
1998 2790 2038 2831 in
2056 2786 2257 2846 praemiffis

1279 2849 1513 2904 opportune
1547 2846 1767 2903 providere
1797 2847 1850 2890 de
1870 2848 2126 2905 benignitate
2142 2851 2256 2904 Apo-

1283 2907 1422 2951 ssolica
1438 2908 1703 2963 dignaremur
1715 2933 1726 2945 .

1400 2971 1488 3010 Nos
1517 2966 1671 3022 igitur,
1701 2965 1768 3023 qui
1799 2965 1980 3010 fidelium
1996 2967 2253 3010 animarum„

1281 3023 1496 3082 dispendiis
1511 3026 1687 3068 libenter
1704 3027 1917 3070 obviamus
1932 3055 1947 3078 ,
1961 3039 2184 3079 eorumque
2202 3022 2258 3065 sa·

1283 3087 1415 3129 lutem
1432 3083 1593 3126 finceris
1613 3084 1815 3129 defidcriis
1836 3098 2075 3141 exoptamus
2090 3115 2101 3132 ,
2120 3080 2258 3136 hujus-

1282 3143 1396 3188 modi
1413 3142 1768 3198 supplicationibus
1792 3146 1975 3189 inclinati
1990 3173 2007 3196 ,
2031 3142 2255 3184 auetorita-

1290 3213 1333 3247 te
1349 3201 1598 3259 Apostolics,
1611 3214 1761 3248 tenore
1787 3204 2037 3261 praescntium
2053 3203 2257 3245 statuimus

1290 3274 1412 3319 atque
1437 3262 1717 3313 decernimus,
1742 3266 1852 3321 quod
1881 3261 2051 3307 ministri
2069 3288 2083 3311 ‚
2110 3260 2258 3304 Custo-

1289 3322 1363 3365 des
1379 3351 1392 3373 ,
1415 3321 1668 3376 Guardiani,
1693 3326 1732 3367 δι
1757 3327 1915 3367 Fratres
1950 3321 2046 3364 dieti
2085 3319 2257 3364 Ordinis

1291 3380 1532 3439 praesentes,
1556 3383 1680 3440 &qui
1696 3398 1774 3439 pro
1786 3395 1972 3438 tempore
1999 3378 2176 3427 fuerint,
2207 3392 2257 3421 ex

1291 3441 1445 3484 statutis
1461 3469 1475 3492 ,
1491 3439 1556 3484 seu
1570 3441 1951 3490 consuetudinibus,
1980 3439 2046 3483 vel
2075 3438 2260 3482 declara·

1291 3499 1472 3543 tionibus
1507 3500 1604 3543 dieii
1638 3501 1835 3551 Ordinis,
1861 3507 2003 3556 praeter
2030 3498 2259 3555 Regulam,

1289 3556 1628 3615 quomodolibet,
1653 3562 1695 3602 δι
1719 3560 1740 3601 εὶ
1770 3558 2087 3616 quibuscumque
2121 3556 2256 3605 editis,

1288 3618 1410 3660 etiam
1424 3614 1735 3661 confirmatione
1749 3618 1980 3673 Apostoliczi
1993 3649 2010 3671 ,
2039 3617 2103 3660 vel
2119 3614 2255 3672 quavis

1287 3675 1480 3718 firmitate
1492 3673 1570 3717 alia
1584 3677 1786 3720 roboratis
1799 3707 1816 3728 ,
1830 3676 1912 3722 illis
1932 3687 2078 3721 contra
2105 3673 2256 3715 facien-

1282 3735 1338 3777 do
1355 3762 1369 3785 ‚
1398 3730 1512 3776 nulla
1541 3734 1818 3780 Ecclefiastica
1834 3736 2031 3784 censura,
2062 3730 2255 3782 nulloque

1279 3793 1466 3839 mortalis
1480 3795 1638 3849 peccati
1655 3795 1821 3839 vinculo
1838 3795 1953 3852 ligari
1979 3793 2134 3851 valeant
2147 3813 2161 3834 2
2176 3798 2252 3826 nec

1718 3857 1756 3898 C
1771 3868 1793 3896 c
1827 3867 1850 3895 2
2098 3855 2193 3886 cen-
