2444 4192
723 219 886 304 Sub
943 222 1263 330 Joanne
1320 225 1414 306 X
1435 224 1527 302 X
1555 223 1594 304 I
1622 224 1677 304 I.

193 373 384 437 patientia
398 374 508 417 circa
531 372 656 430 ipsum
669 385 751 416 non
765 371 953 428 profuisse
964 403 977 424 ‚
992 372 1055 416 sed
1068 386 1145 429 po-

192 435 269 482 tius
286 442 367 474 tam
392 431 481 488 ipfis
497 430 732 484 Fratribus,
745 430 865 487 quim
892 432 1028 475 multis
1052 433 1146 475 aliis

176 489 380 542 *obfuiffe,
395 490 632 548 subsequens
654 489 842 547 magistra
869 503 1005 535 rerum
1027 505 1154 547 expe-

184 550 330 597 rientia
362 550 544 596 noscitur
572 545 810 594 declarasse.
828 547 928 604 lpfis
954 550 1155 603 quidem..

190 608 398 655 Fratribus
418 608 620 667 quantum
632 608 684 653 sd
709 607 853 651 statum
883 606 1141 664 perfeetionis

182 681 436 724 nequaquam
464 667 619 726 profuit
647 666 870 712 reservatio
891 667 1063 710 dominii
1085 665 1146 709 su·

184 726 391 784 pudicita:
417 729 526 773 Cum
547 728 653 772 enim
682 725 879 784 perfectio
905 726 994 768 vitae
1020 726 1146 770 Chri-

179 786 313 829 stianae
342 786 624 846 principaliter
647 813 663 839 ‚
699 786 742 828 δι
780 784 1043 830 effentialiter
1068 787 1143 829 im

176 846 380 888 charitate
395 847 604 896 confistat‚
615 858 700 903 quar
726 843 776 886 ab
794 844 994 898 Apostolo
1010 845 1143 902 perse-

179 905 324 947 &ionis
339 904 548 948 vinculum
563 904 739 948 dieitur:
765 904 902 960 &quas
928 905 1018 947 unit
1031 933 1046 955 ‚
1075 902 1142 946 seu

177 963 312 1020 jungit
331 962 564 1018 aliqualiter
578 964 618 1007 in
633 962 698 1006 via
720 963 926 1007 bominem
943 965 1012 1006 iiio
1025 961 1150 1005 fian&

175 1021 227 1064 ad
255 1035 375 1079 quam
389 1035 465 1078 per
476 1030 760 1080 contemptum
775 1024 971 1066 bonorum
989 1033 1150 1079 tempo-

173 1079 351 1131 ralium,
388 1082 429 1124 δι
457 1081 633 1138 ipsorum
651 1082 1023 1138 expropriationem
1049 1087 1146 1126 via.»

177 1138 407 1196 disponitur
421 1155 494 1197 per
512 1143 590 1185 hoc
613 1141 810 1199 praeeipue
825 1170 842 1194 ,
867 1141 979 1198 quod
999 1141 1148 1184 sollici·

175 1198 280 1241 tudo
294 1227 308 1251 ,
327 1212 448 1254 quam
464 1200 760 1258 temporaliain
774 1200 1039 1258 acquirendo,
1050 1214 1148 1243 con·

175 1257 738 1315 servando,&dispensando
764 1261 964 1315 exigunt,
993 1261 1036 1302 δι
1060 1273 1145 1316 quae

172 1316 414 1374 plerumque
434 1317 485 1358 ab
498 1319 587 1360 aelu
606 1317 812 1360 charitatis
835 1319 1009 1360 retrahit
1029 1347 1045 1370 ,
1058 1332 1141 1360 am·

170 1384 362 1432 putetur:
390 1374 510 1419 restat
526 1404 542 1429 ‚
566 1375 676 1432 quod
693 1374 717 1417 fi
733 1375 969 1419 sollicitudo
996 1377 1140 1420 eadem

170 1435 258 1492 post
270 1434 647 1490 expropriationem
666 1432 922 1492 hujusmodi,
938 1450 1025 1493 quae
1039 1446 1136 1479 ante

173 1491 293 1550 ipsam
319 1494 476 1547 inerat,
502 1493 758 1550 perseveret,
782 1494 832 1537 ad
849 1494 1136 1551 perfectionem

174 1552 399 1613 hujusmodi
417 1552 510 1596 talis
524 1555 806 1611 expropriatio
823 1553 954 1599 valeat
967 1555 1027 1599 nil
1040 1569 1140 1598 con-

169 1608 280 1655 ferre
295 1641 308 1656 .
335 1612 507 1657 Constat
534 1621 701 1666 autem,
724 1612 836 1669 quod
863 1615 951 1671 post
972 1614 1142 1657 ordina-

171 1670 332 1714 tionem
345 1672 576 1726 praediaestam
589 1686 672 1716 non
689 1672 842 1716 suerint
870 1674 909 1716 in
923 1674 1143 1731 acquiren-

169 1729 233 1773 dis
246 1743 323 1782 ,ae
344 1730 632 1773 conservandis
657 1731 773 1774 bonis
786 1731 986 1787 predictis
1014 1733 1055 1775 in
1081 1731 1143 1789 ju-

168 1787 307 1843 dicio,
326 1786 367 1829 Bt
381 1798 495 1832 extra
522 1789 658 1832 minus
679 1788 877 1843 solliciti,
898 1794 1018 1848 quim
1048 1802 1143 1834 ante

167 1847 282 1892 iilam
309 1842 473 1892 fuerant
501 1849 671 1894 Fratres
686 1849 917 1907 ipfi,quim
933 1851 1007 1895 (int
1023 1851 1142 1895 Reli-

169 1905 264 1962 gioti
288 1906 565 1951 Mendieantes
590 1908 660 1952 alii
676 1935 692 1959 ‚
712 1909 907 1954 habentes
933 1910 1069 1968 aliqua
1101 1909 1142 1952 in

171 1963 377 2006 conmuni
390 1990 404 2004 .
418 1965 571 2012 Adhuc
584 1981 664 2013 nes
679 1968 821 2025 utique
850 1970 1003 2025 profuit
1017 1970 1135 2013 diois

170 2021 382 2066 Fratribus
406 2021 611 2066 ordinatio
639 2023 866 2079 supi-adina
889 2055 906 2076 ,
936 2028 1135 2080 quantum

172 2079 223 2123 ad
240 2080 321 2125 hoe
331 2109 348 2132 ‚
361 2079 468 2135 quod
481 2090 655 2136 propter
670 2082 897 2124 carentiam
925 2082 1016 2124 talis
1040 2096 1142 2136 pro-

168 2139 276 2195 prii,
293 2137 330 2182 se
343 2139 606 2194 pauperiores
626 2138 766 2182 dicere
796 2139 957 2182 valeant
975 2170 990 2191 ,
1021 2138 1141 2196 quam

171 2196 200 2239 fi
217 2210 280 2239 res
294 2195 396 2250 ipsas
407 2208 500 2238 eum
514 2195 630 2248 illo(
643 2208 727 2247 quo
752 2209 893 2237 carere
908 2196 947 2238 se
960 2198 1102 2238 dicunt
1118 2197 1142 2250 )

169 2251 358 2296 dominio
375 2250 610 2294 obtinerent
621 2276 635 2290 .

284 2308 406 2355 Licet
431 2308 559 2352 etiam
586 2306 854 2352 Praedeceffor
880 2308 1014 2353 noster
1044 2320 1143 2363 prae-

167 2369 301 2414 diaus
329 2367 555 2413 dominium
581 2381 721 2411 earum
750 2381 885 2411 rerum
900 2396 914 2420 ,
937 2383 1026 2425 quae
1049 2365 1139 2421 ipfis

166 2427 378 2473 Fratribus
409 2426 580 2483 offerri,
615 2426 683 2471 seu
709 2425 922 2479 conferri,
945 2438 1015 2470 aut
1037 2426 1137 2468 alias

164 2488 364 2532 obvenire
386 2485 638 2543 contigerit,
662 2499 831 2544 quarum
857 2495 994 2530 tamen
1022 2484 1136 2529 usum

162 2545 257 2590 faeti
269 2545 479 2591 dumtaxat
502 2546 654 2589 habere
668 2545 765 2588 licet
782 2544 928 2589 Ordini
957 2546 1022 2589 vel
1039 2546 1137 2587 Pra-

163 2606 296 2649 tribus
309 2603 526 2648 antediais
538 2632 556 2654 ,
583 2604 657 2647 usu
675 2603 766 2648 faeti
798 2603 968 2662 simplici
995 2603 1139 2663 praedi·

164 2665 237 2708 etis
251 2663 470 2707 Fratribus
482 2663 694 2707 reservato
712 2693 727 2716 ,
750 2663 791 2707 in
807 2663 846 2707 se
860 2693 874 2715 ‚
888 2666 1140 2707 Romanam·

167 2736 244 2781 que
259 2721 488 2767 Ecclefiam
507 2723 794 2779 recipiendum
807 2722 999 2773 duxerit,
1029 2738 1074 2766 ac
1091 2723 1141 2764 li-

95 2824 97 2827 .
165 2780 264 2827 ber}
278 2782 485 2838 pertinere
511 2779 774 2833 decreverit,
806 2791 854 2827 ut
874 2781 1055 2840 superius
1083 2782 1141 2825 est

162 2838 932 2955 {13:5322432‘2‘25ffi32350‚‘2?
942 2845 1140 2958 5333}

164 2957 276 3002 eirca
290 2957 456 3002 modum
482 2957 609 3013 ipsum
625 2960 821 3005 Romane
845 2961 1034 3006 Ecclefioe
1047 2960 1141 3005 sub-

163 3015 301 3062 secuta
315 3045 331 3069 ,
359 3031 441 3061 non
462 3015 545 3073 ipse
567 3014 659 3060 ufiss
685 3018 873 3061 Fratrum
894 3017 974 3064 diei
989 3021 1111 3064 debet
1125 3049 1140 3073 ‚

165 3075 235 3123 sed
248 3076 384 3134 potitis
398 3077 595 3121 Romane
610 3074 800 3120 Ecclefiae
811 3075 1037 3124 dominium
1054 3080 1139 3123 fim-

165 3134 263 3193 plex
280 3164 292 3177 .
319 3135 426 3197 Quis
450 3135 558 3179 enim
573 3133 796 3190 fimplicam
809 3134 1010 3181 usuarium
1022 3138 1137 3182 dice-

156 3204 213 3254 ,με
224 3196 378 3252 poterit
394 3223 412 3246 ,
437 3194 506 3239 cui
518 3208 604 3238 rem
624 3192 820 3237 usuariam
849 3192 950 3239 lieet
974 3209 1138 3254 permu-

102 3260 105 3261 ’
132 3259 133 3262 ’
159 3248 258 3314 {sare
288 3280 305 3304 ,
331 3252 510 3297 vendere
535 3282 550 3306 ,
578 3265 628 3298 ac
649 3252 838 3296 donare?
866 3255 1140 3309 proculdubio

164 3351 167 3358 .
227 3326 249 3355 e
278 3322 430 3357 nature
458 3326 686 3371 repugnare
709 3311 967 3370 noscuntur,
995 3328 1071 3359 nee
1087 3314 1138 3359 ad

192 3423 195 3425 ,
244 3373 372 3416 arium
401 3372 613 3431 pertinere
630 3402 646 3425 ,
670 3386 758 3428 quae
782 3380 917 3416 tamen
941 3372 994 3417 de
1020 3374 1139 3418 rebus

221 3431 223 3434 ’
270 3430 390 3477 'libus
421 3431 635 3476 antedictis
671 3429 824 3477 faciunt
859 3434 1021 3476 Fratres
1044 3433 1141 3489 ipsi.

180 3483 452 3592 &vantem
477 3490 703 3536 dominium
730 3494 925 3536 Romanae
955 3491 1143 3537 Ecclesia

182 3555 204 3583 ¹¹
246 3591 248 3594 ,
310 3557 421 3594 atum
434 3549 600 3607 fimplex
614 3551 766 3595 censeri
781 3549 957 3602 debeat,
987 3564 1038 3593 cx
1065 3552 1141 3594 hoc

181 3610 320 3672 1³²3„
345 3607 602 3664 quodexillo
616 3610 770 3655 nullum
795 3610 929 3654 eidem
954 3609 1143 3655 Ecclesia:

182 3665 396 3716 ‘emme
421 3667 592 3714 obvenit
621 3670 813 3715 haetenus
851 3670 1143 3722 commodum,

181 3731 257 3760 ¹¹⁶⁶
272 3715 472 3786 speum,
509 3729 619 3786 quod
633 3730 832 3774 obvenire
854 3730 1006 3774 debeat
1027 3731 1068 3772 in
1082 3727 1142 3771 fu-

181 3784 347 3828 turum,
371 3793 465 3828 cum
486 3802 562 3833 nec
577 3789 751 3832 intentio
775 3788 1042 3839 reservantis,
1066 3802 1138 3831 nec

182 3838 364 3880 Battum
380 3837 545 3895 ipsomm
554 3844 678 3891 fuerit
691 3848 824 3905 ,quod
839 3849 890 3892 ad
904 3862 1137 3905 quemcum-

1954 257 2100 315 101

1206 386 1286 428 que
1313 373 1437 413 alium
1463 371 1583 426 quim
1621 372 1672 412 ad
1701 375 1861 415 Fratres
1888 375 2084 423 dietarmn
2110 398 2171 426 re-

1204 444 1294 474 rum
1310 428 1542 483 perveniret
1556 430 1870 482 compendium3
1893 435 2003 486 quod
2028 445 2171 490 procul

1214 487 1344 532 dubio
1361 485 1504 529 modus
1527 488 1667 529 utendi
1697 489 1884 530 Fratrum
1917 492 2091 544 ipsorum
2108 500 2175 544 ,ὃς

1215 550 1410 591 Romana
1442 543 1629 588 Ecclefiae
1657 544 1860 588 subsecuta
1887 548 2079 602 patientia
2094 555 2176 596 evi-

1205 607 1348 650 denter
1372 604 1623 647 declaravit.
1651 606 1707 647 Et
1733 605 1846 660 quod
1879 606 1970 648 talis
2000 609 2175 653 intentio

1207 666 1330 709 fuerit
1371 664 1595 708 ordinantis
1626 692 1642 716 ,
1685 679 1733 706 ex
1762 665 1841 706 hoc
1867 675 1979 721 patet
2005 692 2020 715 ,
2063 669 2175 722 quod

1206 724 1369 767 illarum
1398 738 1535 766 rerum
1561 723 1630 765 fibi
1653 751 1668 775 ,
1695 725 1736 766 &
1768 726 1963 767 Romanae
1988 724 2176 768 Ecclefiar

1205 783 1436 828 dominium
1472 782 1686 825 dumtaxat
1732 785 1901 827 retinuit
1930 813 1945 835 ,
1970 798 2176 839 quarum.)

1203 842 1316 886 usum
1333 843 1426 885 faeti
1450 840 1599 884 liceret
1625 843 1773 884 habere
1788 843 1939 885 Ordini
1955 870 1969 893 ‚
1999 840 2062 886 vel
2077 844 2175 885 Era-

1203 904 1333 945 tribus
1357 901 1595 944 antedictis:
1626 901 1717 944 talis
1743 911 1875 944 autem
1904 901 2086 945 Dominii
2114 915 2178 944 ca-

1209 964 1344 1006 rentia
1369 975 1417 1004 re
1443 961 1483 1003 in
1507 957 1688 1016 praesenti
1716 987 1730 1011 ‚
1763 974 1809 1003 ac
1836 960 1903 1018 spe
1928 964 1968 1004 in
1993 958 2177 1004 futurum

1207 1019 1448 1065 omnimodo
1473 1018 1700 1072 denudati,
1722 1021 1856 1076 quoad
1880 1032 2177 1077 pauperatem„

1206 1079 1475 1138 temporalem
1503 1107 1519 1131 ,
1546 1092 1667 1136 quam
1695 1077 1889 1122 altiorem
1917 1093 1996 1137 pra:
2010 1078 2173 1124 Mendi-

1206 1140 1393 1184 cantibus
1417 1138 1507 1181 aliis
1534 1138 1576 1180 in
1598 1139 1806 1180 communi
1834 1140 2079 1182 habentibus
2107 1136 2175 1179 fibi

1208 1199 1428 1243 vendicant
1453 1197 1549 1240 dicti
1564 1198 1726 1240 fratres
1745 1226 1760 1250 ,
1792 1198 2077 1257 pauperiorem
2091 1209 2175 1239 non

1206 1258 1330 1303 efficit
1343 1271 1427 1300 non
1443 1257 1659 1299 habentem
1674 1285 1686 1298 .

1316 1315 1445 1374 Qod
1461 1326 1595 1358 autem
1610 1316 1744 1373 quoad
1762 1317 1826 1359 res
1843 1347 1856 1370 ,
1884 1331 1968 1374 quae
1987 1315 2057 1358 usu
2073 1329 2175 1357 con·

1200 1376 1443 1426 sumuntur,
1468 1389 1551 1418 non
1581 1374 1655 1416 sint
1683 1375 1874 1420 censendi
1903 1376 2050 1418 usuarii
2075 1376 2175 1416 Fra-

1199 1446 1285 1478 tres
1300 1436 1396 1491 ipfi,
1423 1433 1744 1489 exsequentibus
1762 1435 1889 1491 liquet
1917 1433 2034 1484 satis3
2065 1432 2177 1474 dice-

1199 1509 1241 1539 re
1254 1494 1474 1550 siquidem,
1500 1491 1612 1549 quod
1641 1492 1841 1535 intalibus
1870 1492 1990 1534 rebus
2008 1490 2174 1545 ususju-

1202 1556 1256 1598 ris
1273 1552 1337 1597 vel
1354 1551 1444 1595 facti
1460 1550 1665 1608 separatus
1680 1552 1706 1597 a
1718 1550 1965 1608 proprietate
1987 1550 2076 1598 rei,
2104 1553 2171 1592 seu

1203 1613 1416 1662 dominio,
1447 1610 1565 1666 poffit
1590 1611 1813 1662 constitui,
1844 1619 2040 1670 repugnat
2067 1607 2142 1663 juri
2160 1636 2175 1659 ,

1202 1672 1397 1716 &obviat
1412 1671 1587 1714 rationi:
1618 1684 1691 1714 nec
1722 1669 2025 1714 Praedecefforis
2052 1669 2172 1710 nostri

1205 1732 1379 1788 pradifii
1420 1729 1531 1773 fuisse
1572 1729 1735 1772 videtur
1769 1729 1947 1773 intentio
1979 1730 2173 1772 Romanae

1206 1790 1397 1835 Ecclefiae
1410 1790 1553 1833 talium
1570 1790 1770 1832 bonorum
1794 1788 2020 1830 dominium
2048 1786 2178 1830 reser-

1206 1864 1302 1893 vare
1318 1878 1330 1892 .
1362 1851 1468 1905 Quis
1482 1850 1589 1893 enim
1608 1846 1704 1891 sanae
1720 1847 1861 1891 mentis
1875 1847 2045 1890 credere
2058 1856 2179 1903 pote·

1204 1910 1284 1961 rit,
1298 1909 1408 1965 quod
1427 1908 1608 1951 intentio
1624 1904 1746 1948 fuerit
1763 1907 1865 1947 tanti
1884 1906 2014 1948 Patris
2030 1933 2044 1956 ,
2061 1904 2178 1947 unius

1203 1969 1273 2011 ovi
1294 1996 1310 2020 ,
1337 1967 1401 2010 seu
1428 1966 1527 2010 casei
1548 1995 1564 2018 ‚
1592 1974 1662 2007 aut
1682 1963 1791 2008 frusti
1810 1964 1922 2020 panis
1938 1990 1952 2012 ‚
1984 1973 2053 2004 aut
2075 1962 2177 2004 alio·

1203 2042 1293 2070 rum
1322 2025 1396 2070 usu
1413 2024 1818 2079 consumptibilium,
1848 2037 1933 2079 quae
1960 2022 2053 2078 saepe
2076 2024 2175 2065 Fra-

1201 2084 1334 2123 tribus
1349 2084 1440 2136 ipfis
1465 2084 1516 2125 ad
1526 2083 1885 2127 consumendum&
1906 2082 2070 2136 vestigio
2085 2095 2178 2122 con-

1204 2138 1391 2180 feruntur
1403 2163 1417 2186 ,
1434 2139 1671 2180 Dominium
1688 2142 1878 2180 Romana:
1890 2139 2076 2182 Ecclefiae
2090 2165 2105 2187 ,
2130 2139 2173 2179 δε

1202 2196 1313 2236 usum
1345 2197 1556 2237 Fratribus
1580 2196 1787 2239 retinere?
1815 2196 2003 2251 profecto
2025 2195 2176 2250 proba—

1201 2251 1285 2290 bile
1299 2264 1381 2289 non
1397 2252 1559 2290 videtur
1573 2278 1586 2299 ,
1616 2253 1831 2304 pra-sertim
1861 2256 1953 2297 etim
1973 2252 2175 2296 illorum„

1201 2306 1405 2349 bonorum
1422 2306 1636 2348 dumtaxat
1650 2307 1879 2347 dominium
1905 2311 2079 2362 praefatae
2094 2313 2174 2351 Ec-

1201 2364 1328 2408 clefiae
1358 2363 1656 2416 reservaverit,
1686 2379 1863 2421 quorum
1897 2367 2060 2422 simplex
2087 2366 2175 2409 usus

1199 2424 1291 2466 saRi
1306 2425 1513 2481 pertinere
1525 2425 1659 2478 potest
1683 2425 1733 2466 ad
1752 2425 1916 2467 fratres
1941 2426 2036 2467 dieti
2050 2426 2175 2469 Ordi-

1198 2485 1288 2526 nis:
1315 2482 1428 2540 quod
1458 2496 1714 2539 nequaquam
1740 2483 1873 2537 potest
1897 2484 1937 2526 in
1961 2486 2080 2527 rebus
2097 2483 2167 2526 usu

1201 2541 1579 2598 consumptibilibus
1622 2541 1824 2598 reperiri,
1855 2542 1896 2584 in
1929 2543 2072 2599 quibus
2097 2557 2170 2585 uec

1199 2602 1262 2662 jus
1287 2601 1460 2654 utendi,
1488 2616 1566 2644 nec
1595 2598 1686 2644 usus
1710 2599 1803 2644 fasti
1833 2598 2046 2656 separatim
2075 2600 2097 2642 i
2114 2603 2172 2645 rei

1200 2662 1484 2719 proprietate,
1510 2661 1575 2705 seu
1607 2659 1793 2703 dominio
1833 2657 1993 2717 possunt
2019 2660 2169 2704 confli-

1201 2724 1260 2766 tui
1285 2722 1350 2765 vel
1376 2721 1544 2764 haberi.
1578 2722 1633 2763 Et
1659 2718 1770 2776 quod
1798 2720 1850 2764 de
1875 2720 2023 2763 talibus
2050 2721 2169 2762 rebus

1200 2796 1281 2825 non
1299 2779 1557 2824 intellexerit
1571 2808 1585 2832 ‚
1611 2778 1828 2822 evidenter
1841 2778 2045 2831 ostendit,
2075 2780 2173 2821 dum

1200 2840 1411 2897 respondit
1436 2840 1518 2896 legi
1548 2839 1732 2889 dicenti,
1746 2852 1832 2882 non
1848 2836 1956 2895 posse
1971 2836 2170 2882 usumfru-

1199 2899 1341 2944 numa
1358 2898 1544 2943 dominio
1574 2907 1776 2954 perpetuo
1804 2896 2005 2953 separari,
2030 2912 2081 2940 ne
2093 2896 2169 2938 do-

1202 2960 1371 3003 minium
1398 2958 1587 3002 Dominis
1611 2954 1767 3012 semper
1792 2955 2031 3000 abscedente
2069 2958 2137 2998 usu
2152 2982 2167 3003 ‚

1201 3018 1347 3063 inutile
1389 3017 1637 3061 redderetur
1667 3042 1683 3066 ,
1713 3027 1800 3070 quae
1821 3013 1990 3068 quidem
2017 3014 2083 3058 lex
2113 3014 2165 3055 de

1199 3079 1321 3122 rebus
1334 3076 1414 3119 illis
1430 3074 1672 3131 intelligitur
1683 3102 1699 3124 ,
1716 3086 1884 3129 quarum
1899 3086 2021 3127 penes
2039 3086 2164 3115 unum

1199 3137 1291 3180 usus
1313 3136 1403 3184 rei,
1432 3136 1474 3176 δι
1498 3146 1618 3190 penes
1643 3131 1766 3175 alium
1782 3131 2018 3174 Dominium
2043 3129 2159 3187 poffit

1199 3194 1219 3253 (
1235 3196 1333 3238 licet
1348 3194 1494 3236 inutile
1504 3192 1527 3249 )
1539 3205 1749 3235 remanere
1758 3216 1774 3240 ,
1788 3189 1897 3245 quod
1914 3203 2164 3246 nequaquam

1201 3257 1240 3297 in
1257 3255 1378 3296 rebus
1393 3250 1464 3296 usu
1478 3249 1813 3306 consumptilsssus
1825 3248 1952 3306 potest
1963 3247 2057 3299 effe,
2071 3261 2161 3289 cum

1198 3315 1240 3356 in
1267 3312 1348 3355 illis
1384 3325 1457 3368 per
1487 3309 1599 3352 usum
1622 3309 1685 3352 vel
1719 3308 1884 3351 abusum
1912 3306 2056 3351 usuarii
2075 3303 2162 3348 sub—

1199 3372 1343 3416 stantia
1359 3370 1451 3414 talis
1474 3370 1533 3413 rei
1556 3365 1633 3411 effe
1655 3367 1810 3410 desinat
1824 3395 1840 3418 ,
1862 3368 1899 3408 &
1927 3379 2000 3421 per
2024 3363 2165 3407 conse·

1198 3444 1323 3486 quens
1348 3429 1578 3487 proprietas
1604 3426 1729 3471 etiam
1756 3425 1914 3468 inutilis
1941 3438 2025 3467 non
2041 3421 2163 3466 subfi—

1199 3491 1302 3534 fiat.
1335 3492 1446 3533 Cum
1472 3490 1581 3532 enim
1607 3484 1881 3534 ususfruetus‚
1909 3493 2029 3539 prout
2049 3483 2160 3525 estin

1199 3564 1244 3594 re
1256 3549 1499 3592 constitutus
1513 3576 1528 3599 ,
1549 3547 1616 3604 qui
1634 3546 1800 3590 servitus
1810 3543 1963 3587 dicitur
1975 3542 2162 3598 persona-

1199 3609 1279 3658 lis,
1307 3610 1438 3664 &pro
1450 3622 1532 3664 quo
1545 3606 1672 3650 reales
1696 3612 1938 3659 competunt
1958 3603 2160 3651 actiones,

1201 3667 1304 3711 nihil
1320 3668 1367 3710 fit
1380 3666 1490 3711 aliud
1505 3694 1520 3717 ,
1550 3670 1673 3722 quim
1686 3661 1747 3718 jus
1763 3661 1933 3714 utendi,
1959 3676 2032 3704 nec
2048 3664 2157 3710 usus,

1200 3729 1269 3784 qui
1284 3727 1408 3770 etiam
1428 3722 1647 3781 personalis
1660 3721 1715 3766 est
1729 3722 1919 3774 servitus,
1948 3721 1994 3764 fit
2022 3720 2157 3766 aliud,

1200 3785 1391 3844 quamius
1407 3784 1565 3829 tanturn
1582 3782 1725 3828 utendi
1749 3783 1871 3826 rebus
1887 3780 2025 3824 alienis
2039 3809 2055 3829 ‚
2085 3775 2156 3818 sal·

1203 3844 1251 3890 va
1268 3845 1324 3888 rei
1341 3843 1552 3888 substantia
1566 3873 1582 3898 ‚
1594 3843 1636 3887 id
1649 3843 1722 3895 est,
1734 3840 1798 3899 jus
1813 3837 2162 3939 poecipieffissisfsu’·
