2444 4192
428 144 605 230 234

357 273 591 319 nationibus
606 278 855 335 Apostolicis
867 307 883 332 ‚
906 281 1143 340 caterisque
1158 293 1320 326 contra-

360 333 432 376 riis
443 336 760 396 quibuscumque
772 371 786 383 .

468 393 617 436 Datum
638 398 781 443 Rome
804 399 910 457 apud
936 400 1127 444 sanetum
1144 403 1315 445 Petrum

352 448 425 493 sub
440 452 593 494 annulo
605 455 907 509 Piscarorigdie
921 462 1096 504 xii-Maii
1112 474 1314 505 mnxvut.

353 511 442 554 Pon
450 509 627 556 tificatfis
639 514 759 559 nostri
783 522 905 562 Anno
919 517 1034 562 sexto
1049 549 1064 563 .

410 628 834 690 Rodriq.eoue3.fi1.3
846 648 863 677 ι
872 648 913 689 3·
923 637 1235 695 Waddingaem.
1246 638 1309 682 16.

351 690 594 750 Anausin.
608 702 709 745 499.
721 702 810 734 eu·
821 694 919 737 duo
928 708 971 747 7.
991 697 1163 755 Augusti
1175 724 1189 740 .

390 1045 585 1088 VIVAE
626 1049 840 1092 vocts
880 1048 1263 1093 ORACULO.

378 1162 610 1214 Laurentio
625 1202 642 1226 ,
656 1165 876 1218 Cardinali
892 1168 929 1218 S
926 1167 1136 1218 anflorum
1154 1168 1282 1240 Qua-

539 1252 635 1288 tuor
666 1238 963 1290 Coronaeorum
973 1238 1126 1309 saffo.

340 1368 390 1414 A
423 1367 624 1417 Summo
650 1367 870 1419 Pontifice
902 1371 1053 1419 Leone
1086 1372 1178 1418 FF.
1207 1369 1304 1418 Mi-

406 1437 594 1487 noribus
619 1441 817 1507 quinque
849 1438 977 1489 Pater
1006 1439 1147 1488 noa‘ler
1191 1457 1300 1489 cum

406 1518 481 1557 tot
509 1510 618 1558 Ave
630 1508 807 1559 :Maria
836 1544 853 1567 ,
885 1528 940 1559 ac
970 1511 1016 1558 in
1040 1508 1127 1559 fine
1153 1507 1299 1571 cujus-

402 1575 516 1627 libet
559 1579 712 1627 Gloria
745 1578 868 1628 Patri
909 1595 1177 1646 quacunque
1207 1578 1298 1628 diei

400 1649 481 1696 vel
513 1648 658 1698 nostis
684 1650 796 1699 hora
819 1684 836 1708 ,
861 1647 909 1701 ἃ
936 1665 1207 1718 quocunque
1232 1650 1299 1698 lo·

402 1733 461 1766 co
490 1719 809 1780 recitantibus,
835 1739 889 1770 ac
911 1737 996 1788 pro
1030 1722 1149 1788 Papa
1167 1718 1309 1774 aliud.

403 1786 538 1854 Pater
571 1791 703 1856 noster
752 1808 862 1841 cum
904 1792 1013 1842 Ave
1043 1789 1202 1842 Maria
1242 1789 1292 1842 ἃ

399 1856 555 1908 Gloria
570 1858 694 1909 Patri
723 1860 1027 1920 addentibus,
1055 1860 1291 1932 indulgen-

399 1928 474 1978 tiae
514 1932 777 1981 stationum
812 1932 988 1989 Urbis,
1022 1933 1292 1982 Portiuncu·

398 1998 481 2055 12,
502 1998 762 2065 Jerusalem
778 2034 795 2056 ,
826 1999 876 2050 ἀ
901 2000 1127 2067 S.Jacobi
1144 2003 1291 2049 Com-

392 2065 594 2133 postellae
648 2067 965 2119 conceduntur
1014 2089 1027 2119 ε
1092 2068 1152 2120 ad
1197 2068 1291 2120 eos-

391 2134 500 2187 dem
544 2141 724 2190 Fratres
754 2137 964 2190 infirmos
982 2174 1000 2198 ,
1026 2157 1289 2193 coronam-0

392 2206 564 2257 Christi
593 2228 647 2260 ae
670 2211 841 2260 Matris
863 2207 952 2260 suae
979 2211 1169 2260 recitare
1189 2226 1283 2260 non

389 2278 596 2329 valentes
625 2315 641 2338 ,
662 2278 713 2332 ἃ
753 2280 799 2330 in
825 2280 953 2344 hujus
983 2282 1135 2331 vicem
1167 2278 1281 2349 psal·

388 2365 524 2399 mum
548 2350 622 2400 vel
643 2352 874 2419 hymnum
910 2350 1116 2423 Virginis
1141 2386 1159 2412 ,
1200 2365 1283 2403 aut

389 2422 585 2470 Domini
620 2420 760 2471 nostri
802 2424 1045 2474 recitantes
1069 2458 1086 2483 ‚
1132 2421 1283 2474 indul·

390 2490 557 2557 gentiae
585 2524 603 2549 ,
640 2491 752 2541 alias
793 2490 1004 2543 conceffae
1043 2492 1280 2545 Fratribus

387 2558 560 2611 distem
582 2578 802 2613 coronam
821 2562 1106 2623 dicentibus,
1126 2578 1278 2615 exten·

387 2627 578 2681 duntur:
597 2629 758 2683 iisdem
779 2636 1013 2685 Fratribus
1024 2636 1280 2703 occupatis,

388 2700 616 2752 Divinum
630 2699 861 2754 Officium
891 2707 1132 2756 ante—vel
1158 2704 1278 2776 post·

386 2786 577 2838 ponere,
590 2772 884 2845 indulgetur:
904 2794 957 2827 ac
975 2776 1277 2828 Saecularibus

386 2839 594 2893 Personis
622 2845 667 2893 in
697 2848 747 2895 S.
764 2847 815 2895 P.
834 2844 1058 2897 Francisci
1092 2848 1275 2900 Habitu

389 2914 512 2963 mori
538 2914 829 2975 volentibus,
857 2934 944 2985 pro
973 2918 1273 2989 indulgentia·

387 2999 494 3033 rum
511 2984 660 3044 lucro,
675 2985 906 3038 Habitum
922 2988 1187 3056 proedistum
1207 2988 1270 3041 su·

391 3057 610 3123 per—vel
620 3073 753 3124 penes
771 3055 813 3108 se
837 3060 1027 3109 retinere
1051 3096 1065 3119 ,
1083 3078 1135 3110 ac
1164 3078 1269 3112 cum

390 3142 447 3175 eo
478 3124 774 3190 postmodum
815 3126 989 3200 sepeliri
1020 3127 1226 3183 sufficere
1253 3163 1270 3191 ‚

381 3195 668 3250 declaratur.

319 3325 552 3370 Laurentius
565 3353 580 3378 ‚
603 3325 850 3380 milhano-e
865 3331 1021 3374 Dlvlu
1043 3330 1276 3377 Sannorum

373 3386 562 3439 fluctuor
596 3390 881 3434 Coronaeoru-
922 3393 962 3434 ὅ.
983 3393 1028 3433 R.
1046 3393 1091 3433 Ε.
1118 3391 1272 3448 stahy-

371 3452 434 3482 ιη·
459 3446 682 3491 Caranum
701 3476 718 3500 ,
739 3447 926 3502 numi-fit
952 3448 1001 3497 U
1026 3449 1188 3505 fingatis
1207 3464 1271 3493 ve·

368 3500 603 3546 nerabeuhm
624 3506 806 3552 Patribus
818 3536 833 3560 ‚
854 3507 1045 3556 ueniam
1065 3510 1270 3565 Graece-au,

370 3557 422 3606 U
455 3561 784 3616 stertis-aomar,
811 3568 861 3617 ἐς
884 3565 973 3610 amn
1001 3567 1145 3611 aevom
1163 3571 1267 3613 fra·

368 3615 500 3660 eribus
528 3621 685 3664 ordeum
716 3624 918 3670 Minerua·
950 3628 1154 3681 Regulam
1186 3628 1259 3673 011·

358 3675 581 3736 [mo-tte
610 3707 625 3731 ,
667 3695 810 3725 necnon
840 3685 1079 3729 Moniollbm
1118 3688 1267 3733 sanae

372 3738 503 3781 ctare
526 3764 543 3790 ,
578 3751 626 3782 u
652 3742 859 3784 remum
876 3747 1083 3802 presentes
1108 3748 1265 3795 litterar

1029 125 1192 216 Sub
1256 127 1504 212 Leone
1563 124 1664 211 X.

1444 278 1701 334 inspeflurih
1727 278 1886 321 hauris
1916 275 1965 323 δ
1986 276 2183 319 audituris
2196 304 2210 329 ‚
2222 275 2342 335 filu-

1443 350 1521 383 tem
1546 342 1589 380 in
1615 341 1785 382 Domino
1796 339 2085 395 sempiternam
2098 363 2112 378 0

1506 457 1606 502 Atio
1618 456 1745 512 exigit
1761 483 1774 506 ‚
1804 455 1843 495 &
1865 452 2028 508 aequitas
2042 451 2250 507 persuadet
2266 467 2334 496 ve-

1522 514 1634 559 ritati
1662 512 1937 558 testimonium
1959 511 2174 566 perhibere
2188 525 2203 564 ;
2233 513 2329 554 hinc

1370 582 1424 618 ett
1441 604 1455 627 ,
1471 575 1582 632 quod
1595 588 1672 618 nos
1690 569 1951 617 Univerfitati
1970 569 2108 611 vestrae
2130 580 2332 616 tenore-a

1370 635 1629 688 praefientium
1652 642 1792 676 notum
1811 627 1980 671 facimus
2005 629 2044 669 δε
2074 628 2331 680 attestamur,

1370 692 1480 746 quod
1495 706 1631 746 nuper
1649 688 1911 734 Sandiiffimus
1924 687 1964 728 in
1975 685 2139 729 Christo
2155 687 2276 729 Pater
2290 689 2331 730 δε

1376 749 1578 792 Dominus
1593 751 1751 800 noster,
1767 747 1965 791 Dominus
1981 747 2067 788 Leo
2083 743 2231 786 Divina
2243 757 2336 800 pro-

1376 807 1556 850 videntia
1569 809 1675 864 Papa
1689 809 1742 850 X.
1758 806 1874 849 nobis
1890 803 2124 850 instantibus
2140 833 2156 855 ,
2186 804 2227 845 &
2239 816 2334 858 pros

1373 867 1608 910 curantibus
1618 893 1633 916 ,
1645 864 1923 920 infrascriptas
1938 862 2089 920 gratias
2104 864 2145 905 &
2158 862 2333 914 indulta,

1370 939 1458 980 quae
1470 926 1687 981 sequuntur
1699 953 1722 976 5
1731 926 1849 967 vobis
1861 923 2012 975 modo,
2024 936 2107 978 quo
2123 921 2301 977 sequitur
2314 949 2329 973 ‚

1373 987 1472 1025 vivae
1487 986 1596 1026 vocis
1611 982 1781 1026 oraculo
1807 982 1923 1026 nobis
1952 980 2060 1023 fado
2077 1010 2092 1032 ‚
2112 979 2304 1023 concessit
2316 1008 2329 1021 .

1368 1041 1595 1084 Beatiffime
1614 1042 1758 1091 Pater,
1773 1041 1872 1084 alias
1888 1043 1931 1084 S.
1945 1042 1998 1083 V.
2025 1038 2215 1082 conceffit
2236 1052 2330 1080 om-

1374 1102 1489 1144 nibus
1505 1102 1730 1152 Fratribus,
1741 1114 1787 1142 ac
1802 1099 2052 1144 Monialibus
2068 1101 2216 1143 Sandiae
2229 1097 2330 1141 Cla-

1371 1174 1427 1203 rae
1439 1189 1454 1211 ‚
1469 1161 1507 1202 δι
1523 1161 1653 1203 Tertii
1674 1159 1844 1204 Ordinis
1857 1185 1872 1208 a
1887 1157 1999 1216 quod
2016 1156 2194 1202 dicendo
2209 1156 2330 1214 quiu-

1373 1220 1485 1275 quies
1497 1221 1619 1263 Pater
1643 1217 1775 1262 noster
1798 1232 1891 1260 cum
1916 1222 2004 1263 Ave
2031 1217 2186 1269 Maria,
2214 1217 2255 1258 ἃ.
2281 1215 2326 1260 iu

1367 1277 1449 1320 fine
1463 1277 1682 1335 cujuslibet
1697 1278 1839 1320 Gloria
1855 1277 1962 1320 Patri
1978 1305 1993 1330 ,
2017 1277 2059 1319 Gt
2083 1289 2159 1331 pro
2174 1275 2330 1319 Sancti-

1365 1347 1452 1380 tate
1469 1338 1612 1381 Vestra
1627 1367 1642 1391 ,
1665 1350 1787 1379 unum
1801 1339 1923 1381 Pater
1941 1349 2035 1380 cum
2051 1338 2139 1378 Ave
2164 1335 2326 1378 Maria.»

1365 1395 1550 1440 fimiliter
1569 1410 1663 1439 cum
1684 1396 1828 1438 Gloria
1842 1395 1980 1446 Patri,
2007 1393 2218 1437 lucrentur
2232 1396 2325 1436 Sta·
2372 1430 2374 1433 .

1362 1455 1492 1497 tiones
1512 1456 1630 1497 Urbis
1643 1468 1660 1507 ;
1675 1457 1698 1497 Ξι
1714 1453 1926 1496 nonnullis
1941 1453 2171 1504 dubitatur,
2186 1461 2326 1495 utrum

1359 1511 1612 1568 intelligatur
1623 1516 1676 1556 de
1690 1512 1780 1552 aliis
1798 1511 2058 1566 indulgentiis
2074 1512 2151 1554 διε.
2169 1511 2328 1567 Digne-

1361 1579 1428 1613 tur
1447 1570 1672 1624 declarare,
1686 1570 1739 1613 de
1753 1581 1888 1613 mente
1903 1569 1967 1612 sua
1981 1566 2110 1622 soille,
2131 1570 2241 1626 quod
2258 1568 2324 1612 lu-

1358 1641 1532 1674 crentur
1545 1632 1754 1675 stationes
1769 1655 1785 1680 ‚
1797 1629 2064 1684 indulgentias
2075 1656 2091 1679 ,
2118 1629 2159 1670 δι
2180 1624 2324 1671 remis:-

1354 1686 1480 1733 fiones
1496 1700 1578 1733 tam
1595 1688 1874 1745 Urbis,quim
1890 1687 2014 1730 etiam
2030 1686 2319 1738 Portiunculae,

1353 1747 1434 1791 five
1446 1747 1699 1792 Hierusalem
1711 1775 1727 1799 ,
1749 1749 1790 1790 δι
1814 1746 1944 1791 sinai
1958 1746 2104 1804 Jacobi
2131 1746 2172 1789 in
2189 1748 2317 1789 Com-

1352 1806 1521 1865 postella
1534 1835 1547 1849 .
1578 1809 1630 1850 Et
1643 1805 1754 1865 quod
1768 1818 2012 1862 quacunque
2028 1806 2129 1847 hora
2145 1803 2227 1847 diei
2248 1803 2318 1845 vel

1350 1867 1477 1909 noetis
1498 1896 1513 1918 ‚
1528 1868 1569 1909 δι
1581 1878 1829 1922 quocunque
1843 1865 1936 1906 loco
1949 1863 2087 1904 dicant
2100 1887 2116 1910 ,
2130 1863 2285 1904 scilicet
2299 1889 2321 1913 ‚,

1350 1926 1521 1973 choro,
1537 1923 1713 1967 Ecclefia
1728 1950 1742 1973 ‚
1774 1922 1968 1965 Claustro
1987 1920 2213 1973 ,Oratorio
2227 1945 2243 1970 2
2269 1933 2323 1973 ac?

1350 1981 1471 2024 Cella
1485 2008 1501 2031 ‚
1520 1982 1736 2024 lucrentur
1749 1979 1863 2022 illas·
1894 1982 2001 2022 nem
2018 1983 2061 2022 S·
2078 1979 2130 2021 V·
2149 1977 2318 2023 conces-

1350 2038 1395 2081 fit
1413 2050 1547 2082 certas
1563 2039 1835 2095 indulgentias
1847 2036 2084 2081 dicentibus
2104 2039 2319 2082 Coronam

1351 2098 1505 2142 Christi
1521 2099 1689 2142 Domini
1702 2097 1823 2141 nostri
1837 2125 1852 2149 ,
1864 2098 1906 2140 δι
1921 2097 2074 2141 Matris
2086 2093 2160 2141 suae
2172 2109 2187 2140 ε
2202 2094 2314 2141 infir-

1347 2158 1401 2200 mi
1414 2168 1550 2200 tamen
1567 2158 1608 2199 δι
1621 2155 1729 2200 senes
1744 2160 1783 2199 in
1806 2155 2013 2211 decrepita
2031 2165 2148 2198 aetate
2161 2156 2315 2200 consti·

1344 2215 1424 2257 tuti
1454 2213 1532 2258 five
1545 2213 1766 2258 conilitutae
1779 2240 1795 2265 ,
1817 2226 1903 2257 uon
1920 2214 2057 2257 valent
2070 2213 2162 2256 illas
2175 2213 2317 2259 lucra·

1344 2274 1377 2316 ri
1392 2302 1407 2325 ‚
1421 2273 1515 2329 quia
1529 2286 1609 2317 non
1626 2274 1780 2330 semper
1791 2282 1856 2316 tot
1874 2270 2031 2329 polsunt
2050 2271 2186 2317 dicere
2198 2299 2209 2312 .
2232 2272 2311 2316 Di-

1341 2343 1491 2389 gnetur
1517 2333 1576 2377 eis
1590 2332 1842 2380 concedere,
1867 2332 1978 2388 quod
2004 2330 2104 2375 tales
2127 2330 2308 2375 dicendo

1341 2405 1467 2436 unum
1484 2390 1686 2436 mimum
1702 2391 1767 2435 vel
1788 2391 1997 2446 Hymnum
2013 2390 2188 2445 Virginis
2201 2418 2217 2442 ,
2241 2390 2306 2434 vel

1341 2451 1510 2494 Domini
1523 2450 1643 2495 nollri
1662 2451 1872 2495 lucrentur
1886 2449 1973 2497 illas
1987 2476 2003 2502 ,
2026 2459 2149 2507 prout
2187 2449 2225 2494 in
2244 2448 2305 2492 di-

1339 2513 1402 2553 &a
1415 2507 1666 2555 eoneeffione
1679 2509 1923 2554 continetur
1937 2539 1949 2553 .

1423 2570 1478 2612 Et
1493 2570 1684 2625 quoniam
1700 2571 1743 2613 1>-
1754 2569 1887 2612 Sanfl.
1903 2566 2135 2622 scrupulosi
2151 2577 2305 2612 ante—-

1341 2627 1404 2671 vel
1451 2627 1734 2684 postponendo
1761 2625 1954 2670 Officium
1983 2623 2176 2669 Divinum
2205 2626 2304 2671 sem·

1339 2701 1413 2745 per
1427 2687 1571 2730 timent
1587 2715 1602 2738 ,
1634 2688 1827 2743 dignetur
1843 2690 1885 2730 S.
1902 2686 1953 2727 V.
1970 2682 2140 2739 pra-satis
2153 2698 2303 2730 conce-

1338 2746 1437 2790 dere
1448 2774 1461 2797 ,
1477 2746 1603 2803 quod,
1613 2746 1779 2800 quando
1792 2744 1943 2788 habent
1958 2742 2111 2798 aliquas
2124 2757 2300 2801 occupa·

1337 2806 1469 2848 tiones
1485 2834 1500 2856 ,
1527 2803 1671 2861 poffint
1701 2803 1779 2847 fine
1805 2802 2064 2847 conscientie
2078 2802 2265 2859 scrupulo
2282 2831 2300 2857 ,

1336 2876 1585 2919 anteponere
1604 2862 1682 2907 five
1698 2861 1941 2920 postponere
1952 2859 2139 2906 Officium
2152 2890 2169 2915 ‚
2201 2871 2297 2919 puta

1336 2924 1587 2967 matutinum
1602 2923 1784 2967 dicendo
1805 2932 1900 2966 ante
1923 2920 2096 2964 mediam
2111 2922 2266 2964 noelem
2282 2949 2297 2975 ,

1361 2996 1567 3040 uacunque
1593 2983 1691 3026 hora
1711 2981 1919 3025 voluerint
1936 3008 1952 3033 ‚
1981 2981 2019 3023 &
2047 2978 2143 3022 alias
2173 2981 2293 3023 horas

1331 2998 1384 3086 de
1402 3056 1516 3086 mane
1529 3040 1649 3099 usque
1661 3040 1712 3084 ad
1728 3038 1905 3098 vesperas
1917 3037 2295 3092 exclufive,etiamfi

1331 3102 1548 3158 occupatio
1580 3113 1660 3145 non
1689 3098 1734 3144 {it
1762 3098 1936 3144 multum
1962 3098 2160 3143 acerrima
2171 3126 2186 3151 ‚
2220 3097 2289 3142 scd

1337 3161 1428 3203 satis
1447 3160 1500 3205 est
1515 3189 1529 3212 ,
1557 3158 1667 3216 quod
1692 3158 1877 3215 cogitent
1896 3169 1991 3201 tunc
2018 3156 2209 3200 devotius
2240 3172 2286 3199 ac

1336 3219 1509 3277 quietius
1524 3217 1687 3263 dicere·
1722 3219 1774 3260 Et
1797 3217 1985 3271 quoniam
2022 3217 2064 3259 S·
2079 3216 2131 3258 V.
2155 3215 2194 3256 δι
2221 3216 2291 3258 alii

1340 3276 1643 3323 l'rardccefforer
1668 3273 1945 3319 concesserunt
1987 3284 2119 3317 certas
2156 3274 2287 3317 indul.

1337 3338 1488 3395 gentian
1509 3334 1757 3381 secularibus
1773 3331 2039 3377 morientibus
2067 3333 2105 3375 in
2131 3334 2285 3377 Habitu

1335 3397 1468 3441 sancii
1496 3393 1690 3439 Francisci
1706 3418 1722 3443 ‚
1747 3393 1787 3435 δι
1812 3392 1903 3449 quia
1931 3392 1996 3435 vix
2025 3390 2151 3448 potest
2178 3389 2289 3443 lieri,

1332 3457 1439 3511 quod
1454 3455 1543 3513 quis
1561 3455 1599 3497 ln
1617 3452 1768 3496 Habitu
1780 3451 1976 3495 moriatur
1988 3480 2002 3503 ,
2017 3461 2103 3495 tum
2120 3462 2288 3509 propter

1331 3512 1577 3557 infirmitatis
1594 3510 1884 3568 gravedinem,
1909 3519 1994 3552 tum
2010 3510 2162 3564 ctiam,
2191 3511 2287 3567 quia

1331 3572 1538 3616 tractando
1550 3583 1665 3620 eum,
1698 3568 1747 3611 iic
1772 3583 1877 3611 mors
1904 3570 2182 3612 acceleratur:
2213 3570 2286 3613 Di·

1327 3643 1468 3687 gnetur
1482 3629 1691 3684 declarare
1705 3657 1719 3679 ,
1737 3628 1914 3671 sufficere
1931 3629 2122 3672 Habitum
2138 3629 2282 3684 praedi·

1327 3694 1433 3733 (tum
1452 3698 1589 3744 petere
1602 3713 1616 3737 ‚
1643 3687 1684 3729 ἀ
1698 3687 1814 3742 super
1833 3687 1869 3729 sc
1885 3687 2004 3744 usquc
2029 3687 2080 3731 ad
2107 3698 2280 3731 mortem

1328 3748 1479 3792 habere
1494 3775 1506 3803 ,
1519 3761 1564 3790 ac
1581 3747 1618 3790 in
1632 3761 1682 3790 eo
1697 3743 1880 3804 sepeliri,
1895 3747 2043 3792 etiamsi
2059 3755 2155 3792 ante
2174 3758 2280 3789 mor·

2141 3815 2221 3850 tem
