<?xml version="1.0" encoding="UTF-8"?>
<!DOCTYPE html PUBLIC "-//W3C//DTD XHTML 1.0 Transitional//EN"
    "http://www.w3.org/TR/xhtml1/DTD/xhtml1-transitional.dtd">
<html xmlns="http://www.w3.org/1999/xhtml" xml:lang="en" lang="en">
 <head>
  <title>
</title>
<meta http-equiv="Content-Type" content="text/html;charset=utf-8" />
  <meta name='ocr-system' content='tesseract 3.04.00' />
  <meta name='ocr-capabilities' content='ocr_page ocr_carea ocr_par ocr_line ocrx_word'/>
</head>
<body>
  <div class='ocr_page' id='page_1' title='image "./bullariumordinis06cath_0172.png"; bbox 0 0 2444 4192; ppageno 0'>
   <div class='ocr_carea' id='block_1_1' title="bbox 374 199 533 286">
    <p class='ocr_par' dir='ltr' id='par_1_1' title="bbox 374 199 533 286">
     <span class='ocr_line' id='line_1_1' title="bbox 374 199 533 286; baseline 0 -31"><span class='ocrx_word' id='word_1_1' title='bbox 374 199 533 286; x_wconf 75' lang='lat'>150</span> 
     </span>
    </p>
   </div>
   <div class='ocr_carea' id='block_1_2' title="bbox 305 330 1286 666">
    <p class='ocr_par' dir='ltr' id='par_1_2' title="bbox 305 330 1286 545">
     <span class='ocr_line' id='line_1_2' title="bbox 305 330 1286 391; baseline 0.006 -9"><span class='ocrx_word' id='word_1_2' title='bbox 305 330 541 382; x_wconf 82' lang='lat' dir='ltr'>Fratribus</span> <span class='ocrx_word' id='word_1_3' title='bbox 586 331 857 385; x_wconf 79' lang='lat' dir='ltr'>Minoribus</span> <span class='ocrx_word' id='word_1_4' title='bbox 905 335 1286 391; x_wconf 88' lang='lat' dir='ltr'>Ultramontanis</span> 
     </span>
     <span class='ocr_line' id='line_1_3' title="bbox 371 401 1285 475; baseline 0.008 -24"><span class='ocrx_word' id='word_1_5' title='bbox 371 401 694 475; x_wconf 82' lang='lat' dir='ltr'>Indulgentias</span> <span class='ocrx_word' id='word_1_6' title='bbox 721 410 983 458; x_wconf 68' lang='lat' dir='ltr'>Smtionum</span> <span class='ocrx_word' id='word_1_7' title='bbox 1004 413 1161 459; x_wconf 85' lang='lat' dir='ltr'>Almae</span> <span class='ocrx_word' id='word_1_8' title='bbox 1192 414 1285 464; x_wconf 91' lang='lat' dir='ltr'>Ur-</span> 
     </span>
     <span class='ocr_line' id='line_1_4' title="bbox 369 472 1283 545; baseline 0.003 -22"><span class='ocrx_word' id='word_1_9' title='bbox 369 472 440 523; x_wconf 92' lang='lat' dir='ltr'>bis</span> <span class='ocrx_word' id='word_1_10' title='bbox 469 476 715 535; x_wconf 89' lang='lat' dir='ltr'>concedit,</span> <span class='ocrx_word' id='word_1_11' title='bbox 746 479 809 526; x_wconf 88' lang='lat' dir='ltr'>ita</span> <span class='ocrx_word' id='word_1_12' title='bbox 840 493 1024 536; x_wconf 86' lang='lat' dir='ltr'>tamen,</span> <span class='ocrx_word' id='word_1_13' title='bbox 1058 495 1110 528; x_wconf 90' lang='lat' dir='ltr'>ut</span> <span class='ocrx_word' id='word_1_14' title='bbox 1141 481 1283 545; x_wconf 85' lang='lat' dir='ltr'>quali·</span> 
     </span>
    </p>

    <p class='ocr_par' dir='ltr' id='par_1_3' title="bbox 322 544 1278 666">
     <span class='ocr_line' id='line_1_5' title="bbox 322 544 1278 614; baseline 0.002 -20"><span class='ocrx_word' id='word_1_15' title='bbox 322 610 324 613; x_wconf 11' lang='grc' dir='ltr'>ἱ</span> <span class='ocrx_word' id='word_1_16' title='bbox 368 544 450 594; x_wconf 88' lang='lat' dir='ltr'>bet</span> <span class='ocrx_word' id='word_1_17' title='bbox 476 546 577 596; x_wconf 84' lang='lat' dir='ltr'>vice</span> <span class='ocrx_word' id='word_1_18' title='bbox 602 552 792 614; x_wconf 85' lang='lat' dir='ltr'>Septem</span> <span class='ocrx_word' id='word_1_19' title='bbox 809 546 1014 597; x_wconf 86' lang='lat' dir='ltr'>Psalmos</span> <span class='ocrx_word' id='word_1_20' title='bbox 1044 566 1152 596; x_wconf 87' lang='lat' dir='ltr'>curn</span> <span class='ocrx_word' id='word_1_21' title='bbox 1178 550 1278 597; x_wconf 87' lang='lat' dir='ltr'>aliis</span> 
     </span>
     <span class='ocr_line' id='line_1_6' title="bbox 366 614 1136 666; baseline 0 -1"><span class='ocrx_word' id='word_1_22' title='bbox 366 614 653 666; x_wconf 86' lang='lat' dir='ltr'>orationibus</span> <span class='ocrx_word' id='word_1_23' title='bbox 684 616 839 665; x_wconf 84' lang='lat' dir='ltr'>dicere</span> <span class='ocrx_word' id='word_1_24' title='bbox 865 630 1136 665; x_wconf 84' lang='lat' dir='ltr'>teneantur.</span> 
     </span>
    </p>
   </div>
   <div class='ocr_carea' id='block_1_3' title="bbox 293 735 1274 793">
    <p class='ocr_par' dir='ltr' id='par_1_4' title="bbox 293 735 1274 793">
     <span class='ocr_line' id='line_1_7' title="bbox 293 735 1274 793; baseline 0.003 -9"><span class='ocrx_word' id='word_1_25' title='bbox 293 736 556 791; x_wconf 86' lang='lat' dir='ltr'>PIUS</span> <span class='ocrx_word' id='word_1_26' title='bbox 654 735 1274 793; x_wconf 86' lang='lat' dir='ltr'>EPISCOPUS</span> 
     </span>
    </p>
   </div>
   <div class='ocr_carea' id='block_1_4' title="bbox 478 833 1083 878">
    <p class='ocr_par' dir='ltr' id='par_1_5' title="bbox 478 833 1083 878">
     <span class='ocr_line' id='line_1_8' title="bbox 478 833 1083 878; baseline 0.005 -4"><span class='ocrx_word' id='word_1_27' title='bbox 478 835 648 875; x_wconf 55' lang='lat' dir='ltr'>Servus</span> <span class='ocrx_word' id='word_1_28' title='bbox 680 833 938 878; x_wconf 72' lang='lat' dir='ltr'>St-:Rvoauns</span> <span class='ocrx_word' id='word_1_29' title='bbox 970 835 1050 878; x_wconf 69' lang='lat' dir='ltr'>Der</span> <span class='ocrx_word' id='word_1_30' title='bbox 1070 865 1083 877; x_wconf 87' lang='lat'><strong>.</strong></span> 
     </span>
    </p>
   </div>
   <div class='ocr_carea' id='block_1_5' title="bbox 281 920 1287 3877">
    <p class='ocr_par' dir='ltr' id='par_1_6' title="bbox 292 920 1271 1202">
     <span class='ocr_line' id='line_1_9' title="bbox 292 920 1271 981; baseline 0.004 -16"><span class='ocrx_word' id='word_1_31' title='bbox 292 923 455 969; x_wconf 64' lang='lat' dir='ltr'>nuceto</span> <span class='ocrx_word' id='word_1_32' title='bbox 487 920 598 965; x_wconf 74' lang='lat' dir='ltr'>Filio</span> <span class='ocrx_word' id='word_1_33' title='bbox 616 951 634 973; x_wconf 89' lang='lat'>,</span> <span class='ocrx_word' id='word_1_34' title='bbox 673 923 827 977; x_wconf 63' lang='lat' dir='ltr'>‘joanni</span> <span class='ocrx_word' id='word_1_35' title='bbox 859 927 1043 981; x_wconf 83' lang='lat' dir='ltr'>Mongim‘</span> <span class='ocrx_word' id='word_1_36' title='bbox 1062 954 1076 977; x_wconf 85' lang='lat'>,</span> <span class='ocrx_word' id='word_1_37' title='bbox 1119 929 1271 970; x_wconf 71' lang='lat' dir='ltr'>vicario</span> 
     </span>
     <span class='ocr_line' id='line_1_10' title="bbox 349 982 1210 1029; baseline 0.008 -7"><span class='ocrx_word' id='word_1_38' title='bbox 349 983 539 1023; x_wconf 74' lang='lat' dir='ltr'>Generali</span> <span class='ocrx_word' id='word_1_39' title='bbox 566 982 871 1025; x_wconf 73' lang='lat' dir='ltr'>ultramontana</span> <span class='ocrx_word' id='word_1_40' title='bbox 906 984 1066 1026; x_wconf 59' lang='lat' dir='ltr'>ordinis</span> <span class='ocrx_word' id='word_1_41' title='bbox 1103 989 1210 1029; x_wconf 78' lang='lat' dir='ltr'>Fra-</span> 
     </span>
     <span class='ocr_line' id='line_1_11' title="bbox 392 1042 1172 1099; baseline 0.005 -16"><span class='ocrx_word' id='word_1_42' title='bbox 392 1050 507 1083; x_wconf 72' lang='lat' dir='ltr'>trum</span> <span class='ocrx_word' id='word_1_43' title='bbox 521 1043 728 1083; x_wconf 76' lang='lat' dir='ltr'>Minor-um</span> <span class='ocrx_word' id='word_1_44' title='bbox 740 1042 786 1082; x_wconf 78' lang='lat' dir='ltr'>de</span> <span class='ocrx_word' id='word_1_45' title='bbox 797 1043 1067 1099; x_wconf 58' lang='lat' dir='ltr'>observamur</span> <span class='ocrx_word' id='word_1_46' title='bbox 1082 1045 1172 1095; x_wconf 72' lang='lat' dir='ltr'>&amp;e-</span> 
     </span>
     <span class='ocr_line' id='line_1_12' title="bbox 480 1099 1066 1159; baseline 0.007 -19"><span class='ocrx_word' id='word_1_47' title='bbox 480 1099 656 1159; x_wconf 72' lang='lat' dir='ltr'>salutem</span> <span class='ocrx_word' id='word_1_48' title='bbox 682 1128 696 1151; x_wconf 90' lang='lat'>,</span> <span class='ocrx_word' id='word_1_49' title='bbox 727 1100 778 1148; x_wconf 65' lang='grc' dir='ltr'>θ’</span> <span class='ocrx_word' id='word_1_50' title='bbox 807 1100 1066 1155; x_wconf 73' lang='lat' dir='ltr'>Apostolicant</span> 
     </span>
     <span class='ocr_line' id='line_1_13' title="bbox 608 1158 951 1202; baseline -0.003 0"><span class='ocrx_word' id='word_1_51' title='bbox 608 1158 924 1202; x_wconf 66' lang='lat' dir='ltr'>Benedimonem</span> <span class='ocrx_word' id='word_1_52' title='bbox 939 1188 951 1201; x_wconf 94' lang='lat'><strong>.</strong></span> 
     </span>
    </p>

    <p class='ocr_par' dir='ltr' id='par_1_7' title="bbox 423 1218 1276 1275">
     <span class='ocr_line' id='line_1_14' title="bbox 423 1218 1276 1275; baseline 0.007 -15"><span class='ocrx_word' id='word_1_53' title='bbox 423 1219 523 1274; x_wconf 80' lang='lat' dir='ltr'>lgna</span> <span class='ocrx_word' id='word_1_54' title='bbox 548 1218 813 1263; x_wconf 81' lang='lat' dir='ltr'>exauditione</span> <span class='ocrx_word' id='word_1_55' title='bbox 839 1228 936 1262; x_wconf 79' lang='lat' dir='ltr'>vota</span> <span class='ocrx_word' id='word_1_56' title='bbox 974 1218 1276 1275; x_wconf 75' lang='lat' dir='ltr'>personarum.-</span> 
     </span>
    </p>

    <p class='ocr_par' dir='ltr' id='par_1_8' title="bbox 281 1277 1287 3877">
     <span class='ocr_line' id='line_1_15' title="bbox 444 1277 1275 1330; baseline 0.005 -12"><span class='ocrx_word' id='word_1_57' title='bbox 444 1277 657 1322; x_wconf 80' lang='lat' dir='ltr'>humilium</span> <span class='ocrx_word' id='word_1_58' title='bbox 685 1278 858 1321; x_wconf 70' lang='lat' dir='ltr'>masim‘e</span> <span class='ocrx_word' id='word_1_59' title='bbox 878 1279 1035 1321; x_wconf 80' lang='lat' dir='ltr'>Divinis</span> <span class='ocrx_word' id='word_1_60' title='bbox 1052 1279 1242 1324; x_wconf 85' lang='lat' dir='ltr'>laudibus</span> <span class='ocrx_word' id='word_1_61' title='bbox 1259 1306 1275 1330; x_wconf 94' lang='lat'>,</span> 
     </span>
     <span class='ocr_line' id='line_1_16' title="bbox 283 1336 1277 1403; baseline 0.002 -22"><span class='ocrx_word' id='word_1_62' title='bbox 283 1340 487 1403; x_wconf 63' lang='lat' dir='ltr'>sacraque</span> <span class='ocrx_word' id='word_1_63' title='bbox 503 1337 732 1393; x_wconf 82' lang='lat' dir='ltr'>Religionis</span> <span class='ocrx_word' id='word_1_64' title='bbox 741 1336 1014 1381; x_wconf 80' lang='lat' dir='ltr'>Observantiae</span> <span class='ocrx_word' id='word_1_65' title='bbox 1027 1338 1277 1389; x_wconf 87' lang='lat' dir='ltr'>deditarum,</span> 
     </span>
     <span class='ocr_line' id='line_1_17' title="bbox 284 1396 1278 1456; baseline 0.004 -18"><span class='ocrx_word' id='word_1_66' title='bbox 284 1396 531 1452; x_wconf 72' lang='lat' dir='ltr'>Apostolico</span> <span class='ocrx_word' id='word_1_67' title='bbox 557 1400 647 1440; x_wconf 88' lang='lat' dir='ltr'>Nos</span> <span class='ocrx_word' id='word_1_68' title='bbox 673 1397 866 1441; x_wconf 78' lang='lat' dir='ltr'>convenit</span> <span class='ocrx_word' id='word_1_69' title='bbox 887 1397 1032 1442; x_wconf 84' lang='lat' dir='ltr'>favore</span> <span class='ocrx_word' id='word_1_70' title='bbox 1061 1399 1278 1456; x_wconf 87' lang='lat' dir='ltr'>prosequi,</span> 
     </span>
     <span class='ocr_line' id='line_1_18' title="bbox 287 1455 1278 1515; baseline 0.002 -16"><span class='ocrx_word' id='word_1_71' title='bbox 287 1455 465 1513; x_wconf 83' lang='lat' dir='ltr'>ipsarum</span> <span class='ocrx_word' id='word_1_72' title='bbox 492 1470 665 1513; x_wconf 82' lang='lat' dir='ltr'>preces,</span> <span class='ocrx_word' id='word_1_73' title='bbox 696 1455 916 1513; x_wconf 68' lang='lat' dir='ltr'>presertim</span> <span class='ocrx_word' id='word_1_74' title='bbox 948 1472 1000 1501; x_wconf 84' lang='lat' dir='ltr'>ex</span> <span class='ocrx_word' id='word_1_75' title='bbox 1022 1459 1171 1515; x_wconf 87' lang='lat' dir='ltr'>quibus</span> <span class='ocrx_word' id='word_1_76' title='bbox 1203 1458 1278 1502; x_wconf 80' lang='lat' dir='ltr'>line</span> 
     </span>
     <span class='ocr_line' id='line_1_19' title="bbox 287 1515 1280 1573; baseline 0.001 -16"><span class='ocrx_word' id='word_1_77' title='bbox 287 1515 482 1573; x_wconf 73' lang='lat' dir='ltr'>cujusque</span> <span class='ocrx_word' id='word_1_78' title='bbox 508 1515 744 1573; x_wconf 67' lang='lat' dir='ltr'>prejudicio</span> <span class='ocrx_word' id='word_1_79' title='bbox 774 1517 906 1559; x_wconf 89' lang='lat' dir='ltr'>honor</span> <span class='ocrx_word' id='word_1_80' title='bbox 929 1517 1031 1570; x_wconf 87' lang='lat' dir='ltr'>Dei,</span> <span class='ocrx_word' id='word_1_81' title='bbox 1058 1519 1280 1562; x_wconf 82' lang='lat' dir='ltr'>&amp;Anima-</span> 
     </span>
     <span class='ocr_line' id='line_1_20' title="bbox 287 1574 1280 1629; baseline 0.002 -13"><span class='ocrx_word' id='word_1_82' title='bbox 287 1587 384 1617; x_wconf 81' lang='lat' dir='ltr'>rum</span> <span class='ocrx_word' id='word_1_83' title='bbox 401 1574 502 1617; x_wconf 85' lang='lat' dir='ltr'>salus</span> <span class='ocrx_word' id='word_1_84' title='bbox 520 1575 735 1629; x_wconf 79' lang='lat' dir='ltr'>provenire</span> <span class='ocrx_word' id='word_1_85' title='bbox 751 1575 899 1626; x_wconf 77' lang='lat' dir='ltr'>valeat,</span> <span class='ocrx_word' id='word_1_86' title='bbox 911 1574 1196 1620; x_wconf 79' lang='lat' dir='ltr'>favorabiliter</span> <span class='ocrx_word' id='word_1_87' title='bbox 1213 1590 1280 1620; x_wconf 82' lang='lat' dir='ltr'>ex·</span> 
     </span>
     <span class='ocr_line' id='line_1_21' title="bbox 290 1633 1281 1691; baseline 0.002 -17"><span class='ocrx_word' id='word_1_88' title='bbox 290 1633 438 1675; x_wconf 74' lang='lat' dir='ltr'>andire</span> <span class='ocrx_word' id='word_1_89' title='bbox 454 1661 467 1675; x_wconf 88' lang='lat'><strong>.</strong></span> <span class='ocrx_word' id='word_1_90' title='bbox 499 1634 609 1675; x_wconf 84' lang='lat' dir='ltr'>Cum</span> <span class='ocrx_word' id='word_1_91' title='bbox 625 1635 765 1689; x_wconf 86' lang='lat' dir='ltr'>itaque</span> <span class='ocrx_word' id='word_1_92' title='bbox 783 1648 914 1690; x_wconf 87' lang='lat' dir='ltr'>nuper</span> <span class='ocrx_word' id='word_1_93' title='bbox 933 1649 984 1678; x_wconf 84' lang='lat' dir='ltr'>ex</span> <span class='ocrx_word' id='word_1_94' title='bbox 1006 1645 1127 1691; x_wconf 84' lang='lat' dir='ltr'>parte</span> <span class='ocrx_word' id='word_1_95' title='bbox 1143 1634 1281 1678; x_wconf 69' lang='lat' dir='ltr'>dilecti</span> 
     </span>
     <span class='ocr_line' id='line_1_22' title="bbox 289 1690 1283 1748; baseline 0.003 -15"><span class='ocrx_word' id='word_1_96' title='bbox 289 1690 387 1734; x_wconf 80' lang='lat' dir='ltr'>Filii</span> <span class='ocrx_word' id='word_1_97' title='bbox 405 1692 571 1748; x_wconf 67' lang='lat' dir='ltr'>Zegerii</span> <span class='ocrx_word' id='word_1_98' title='bbox 598 1692 828 1736; x_wconf 83' lang='lat' dir='ltr'>Guardiani</span> <span class='ocrx_word' id='word_1_99' title='bbox 848 1693 901 1735; x_wconf 92' lang='lat' dir='ltr'>de</span> <span class='ocrx_word' id='word_1_100' title='bbox 918 1693 1125 1739; x_wconf 83' lang='lat' dir='ltr'>Dixmuda</span> <span class='ocrx_word' id='word_1_101' title='bbox 1156 1693 1283 1738; x_wconf 89' lang='lat' dir='ltr'>Ordi-</span> 
     </span>
     <span class='ocr_line' id='line_1_23' title="bbox 289 1749 1283 1807; baseline 0.003 -15"><span class='ocrx_word' id='word_1_102' title='bbox 289 1749 353 1792; x_wconf 86' lang='lat' dir='ltr'>nis</span> <span class='ocrx_word' id='word_1_103' title='bbox 370 1751 490 1794; x_wconf 82' lang='lat' dir='ltr'>vcstti</span> <span class='ocrx_word' id='word_1_104' title='bbox 508 1751 714 1794; x_wconf 82' lang='lat' dir='ltr'>Minorum</span> <span class='ocrx_word' id='word_1_105' title='bbox 736 1766 811 1807; x_wconf 92' lang='lat' dir='ltr'>pro</span> <span class='ocrx_word' id='word_1_106' title='bbox 825 1761 895 1795; x_wconf 89' lang='lat' dir='ltr'>tua</span> <span class='ocrx_word' id='word_1_107' title='bbox 922 1752 1073 1798; x_wconf 85' lang='lat' dir='ltr'>familia</span> <span class='ocrx_word' id='word_1_108' title='bbox 1091 1756 1131 1798; x_wconf 89' lang='lat' dir='ltr'>in</span> <span class='ocrx_word' id='word_1_109' title='bbox 1147 1753 1283 1798; x_wconf 78' lang='lat' dir='ltr'>nostra</span> 
     </span>
     <span class='ocr_line' id='line_1_24' title="bbox 291 1809 1282 1870; baseline 0.007 -19"><span class='ocrx_word' id='word_1_110' title='bbox 291 1809 482 1852; x_wconf 80' lang='lat' dir='ltr'>Romana</span> <span class='ocrx_word' id='word_1_111' title='bbox 496 1812 624 1854; x_wconf 84' lang='lat' dir='ltr'>Curia</span> <span class='ocrx_word' id='word_1_112' title='bbox 650 1810 999 1856; x_wconf 81' lang='lat' dir='ltr'>tuiCommilsarii</span> <span class='ocrx_word' id='word_1_113' title='bbox 1023 1816 1282 1870; x_wconf 71' lang='lat' dir='ltr'>expositum..</span> 
     </span>
     <span class='ocr_line' id='line_1_25' title="bbox 289 1864 1285 1919; baseline 0.004 -11"><span class='ocrx_word' id='word_1_114' title='bbox 289 1864 414 1910; x_wconf 73' lang='lat' dir='ltr'>fuerit</span> <span class='ocrx_word' id='word_1_115' title='bbox 432 1895 450 1919; x_wconf 92' lang='lat'>,</span> <span class='ocrx_word' id='word_1_116' title='bbox 478 1868 652 1912; x_wconf 67' lang='lat' dir='ltr'>dilectos</span> <span class='ocrx_word' id='word_1_117' title='bbox 677 1869 803 1911; x_wconf 81' lang='lat' dir='ltr'>Filios</span> <span class='ocrx_word' id='word_1_118' title='bbox 833 1873 994 1914; x_wconf 78' lang='lat' dir='ltr'>Fratres</span> <span class='ocrx_word' id='word_1_119' title='bbox 1016 1874 1191 1915; x_wconf 88' lang='lat' dir='ltr'>Ordinis</span> <span class='ocrx_word' id='word_1_120' title='bbox 1206 1872 1285 1914; x_wconf 87' lang='lat' dir='ltr'>Mi-</span> 
     </span>
     <span class='ocr_line' id='line_1_26' title="bbox 290 1925 1284 1986; baseline 0.005 -16"><span class='ocrx_word' id='word_1_121' title='bbox 290 1939 442 1970; x_wconf 83' lang='lat' dir='ltr'>norum</span> <span class='ocrx_word' id='word_1_122' title='bbox 456 1925 512 1968; x_wconf 87' lang='lat' dir='ltr'>de</span> <span class='ocrx_word' id='word_1_123' title='bbox 525 1927 798 1971; x_wconf 63' lang='lat' dir='ltr'>Obseruantia</span> <span class='ocrx_word' id='word_1_124' title='bbox 822 1930 1023 1986; x_wconf 85' lang='lat' dir='ltr'>chulari</span> <span class='ocrx_word' id='word_1_125' title='bbox 1038 1958 1053 1980; x_wconf 88' lang='lat'>,</span> <span class='ocrx_word' id='word_1_126' title='bbox 1085 1929 1284 1975; x_wconf 68' lang='lat' dir='ltr'>continue</span> 
     </span>
     <span class='ocr_line' id='line_1_27' title="bbox 288 1985 1281 2044; baseline 0.001 -16"><span class='ocrx_word' id='word_1_127' title='bbox 288 1985 333 2028; x_wconf 70' lang='lat' dir='ltr'>in</span> <span class='ocrx_word' id='word_1_128' title='bbox 370 1987 699 2030; x_wconf 76' lang='lat' dir='ltr'>ultramontanis</span> <span class='ocrx_word' id='word_1_129' title='bbox 732 1988 916 2041; x_wconf 83' lang='lat' dir='ltr'>partibus</span> <span class='ocrx_word' id='word_1_130' title='bbox 951 1992 1143 2044; x_wconf 86' lang='lat' dir='ltr'>degentes</span> <span class='ocrx_word' id='word_1_131' title='bbox 1171 2017 1187 2039; x_wconf 88' lang='lat'>,</span> <span class='ocrx_word' id='word_1_132' title='bbox 1230 1989 1281 2029; x_wconf 89' lang='lat' dir='ltr'>ad</span> 
     </span>
     <span class='ocr_line' id='line_1_28' title="bbox 288 2043 1287 2101; baseline 0.004 -17"><span class='ocrx_word' id='word_1_133' title='bbox 288 2057 413 2099; x_wconf 85' lang='lat' dir='ltr'>quam</span> <span class='ocrx_word' id='word_1_134' title='bbox 440 2043 634 2086; x_wconf 69' lang='lat' dir='ltr'>sinceram</span> <span class='ocrx_word' id='word_1_135' title='bbox 659 2047 837 2099; x_wconf 84' lang='lat' dir='ltr'>gerimus</span> <span class='ocrx_word' id='word_1_136' title='bbox 864 2045 1130 2090; x_wconf 80' lang='lat' dir='ltr'>devotionem</span> <span class='ocrx_word' id='word_1_137' title='bbox 1147 2075 1161 2098; x_wconf 86' lang='lat'>,</span> <span class='ocrx_word' id='word_1_138' title='bbox 1188 2059 1287 2101; x_wconf 53' lang='lat' dir='ltr'>grav</span> 
     </span>
     <span class='ocr_line' id='line_1_29' title="bbox 288 2101 1282 2159; baseline 0.009 -17"><span class='ocrx_word' id='word_1_139' title='bbox 288 2103 370 2143; x_wconf 86' lang='lat' dir='ltr'>tias</span> <span class='ocrx_word' id='word_1_140' title='bbox 385 2130 401 2153; x_wconf 94' lang='lat'>,</span> <span class='ocrx_word' id='word_1_141' title='bbox 430 2101 472 2143; x_wconf 71' lang='lat' dir='ltr'>ec</span> <span class='ocrx_word' id='word_1_142' title='bbox 494 2102 772 2159; x_wconf 78' lang='lat' dir='ltr'>indulgentias</span> <span class='ocrx_word' id='word_1_143' title='bbox 794 2103 844 2145; x_wconf 89' lang='lat' dir='ltr'>ad</span> <span class='ocrx_word' id='word_1_144' title='bbox 876 2106 1033 2150; x_wconf 89' lang='lat' dir='ltr'>suarum</span> <span class='ocrx_word' id='word_1_145' title='bbox 1056 2107 1282 2151; x_wconf 77' lang='lat' dir='ltr'>animarum</span> 
     </span>
     <span class='ocr_line' id='line_1_30' title="bbox 284 2158 1285 2217; baseline 0.005 -15"><span class='ocrx_word' id='word_1_146' title='bbox 284 2158 479 2211; x_wconf 81' lang='lat' dir='ltr'>salutem,</span> <span class='ocrx_word' id='word_1_147' title='bbox 493 2161 535 2203; x_wconf 76' lang='grc' dir='ltr'>δι</span> <span class='ocrx_word' id='word_1_148' title='bbox 550 2161 798 2217; x_wconf 87' lang='lat' dir='ltr'>spiritualem</span> <span class='ocrx_word' id='word_1_149' title='bbox 812 2165 1138 2209; x_wconf 64' lang='lat' dir='ltr'>consolationem</span> <span class='ocrx_word' id='word_1_150' title='bbox 1155 2168 1179 2208; x_wconf 68' lang='lat' dir='ltr'>a</span> <span class='ocrx_word' id='word_1_151' title='bbox 1196 2168 1285 2207; x_wconf 87' lang='grc' dir='ltr'>Νο-</span> 
     </span>
     <span class='ocr_line' id='line_1_31' title="bbox 281 2219 1284 2277; baseline 0.004 -15"><span class='ocrx_word' id='word_1_152' title='bbox 281 2219 348 2263; x_wconf 82' lang='lat' dir='ltr'>bis</span> <span class='ocrx_word' id='word_1_153' title='bbox 379 2221 419 2263; x_wconf 91' lang='lat' dir='ltr'>in</span> <span class='ocrx_word' id='word_1_154' title='bbox 452 2221 686 2266; x_wconf 81' lang='lat' dir='ltr'>bumilitate</span> <span class='ocrx_word' id='word_1_155' title='bbox 718 2219 953 2275; x_wconf 88' lang='lat' dir='ltr'>frequenter</span> <span class='ocrx_word' id='word_1_156' title='bbox 984 2224 1026 2264; x_wconf 69' lang='lat' dir='ltr'>Gt</span> <span class='ocrx_word' id='word_1_157' title='bbox 1050 2221 1284 2277; x_wconf 60' lang='lat' dir='ltr'>saepillime)</span> 
     </span>
     <span class='ocr_line' id='line_1_32' title="bbox 284 2277 1283 2328; baseline -0.001 -6"><span class='ocrx_word' id='word_1_158' title='bbox 284 2277 549 2328; x_wconf 65' lang='lat' dir='ltr'>deficies-are,</span> <span class='ocrx_word' id='word_1_159' title='bbox 574 2289 620 2319; x_wconf 92' lang='lat' dir='ltr'>ut</span> <span class='ocrx_word' id='word_1_160' title='bbox 648 2279 690 2320; x_wconf 90' lang='lat' dir='ltr'>in</span> <span class='ocrx_word' id='word_1_161' title='bbox 721 2277 944 2323; x_wconf 83' lang='lat' dir='ltr'>dulcedine</span> <span class='ocrx_word' id='word_1_162' title='bbox 970 2281 1105 2323; x_wconf 75' lang='lat' dir='ltr'>Dirini</span> <span class='ocrx_word' id='word_1_163' title='bbox 1133 2281 1283 2323; x_wconf 79' lang='lat' dir='ltr'>amoris</span> 
     </span>
     <span class='ocr_line' id='line_1_33' title="bbox 284 2332 1282 2396; baseline 0.001 -17"><span class='ocrx_word' id='word_1_164' title='bbox 284 2349 361 2393; x_wconf 77' lang='lat' dir='ltr'>per</span> <span class='ocrx_word' id='word_1_165' title='bbox 375 2339 463 2377; x_wconf 80' lang='lat' dir='ltr'>Nos</span> <span class='ocrx_word' id='word_1_166' title='bbox 477 2332 700 2387; x_wconf 85' lang='lat' dir='ltr'>consolati,</span> <span class='ocrx_word' id='word_1_167' title='bbox 716 2335 887 2392; x_wconf 84' lang='lat' dir='ltr'>semper,</span> <span class='ocrx_word' id='word_1_168' title='bbox 899 2340 940 2380; x_wconf 77' lang='grc' dir='ltr'>δι</span> <span class='ocrx_word' id='word_1_169' title='bbox 952 2340 1004 2381; x_wconf 81' lang='grc' dir='ltr'>εδ</span> <span class='ocrx_word' id='word_1_170' title='bbox 1018 2339 1282 2396; x_wconf 76' lang='lat' dir='ltr'>frequentius</span> 
     </span>
     <span class='ocr_line' id='line_1_34' title="bbox 287 2394 1282 2449; baseline 0.002 -12"><span class='ocrx_word' id='word_1_171' title='bbox 287 2397 343 2437; x_wconf 86' lang='lat' dir='ltr'>ad</span> <span class='ocrx_word' id='word_1_172' title='bbox 367 2394 646 2447; x_wconf 68' lang='lat' dir='ltr'>apostolicam</span> <span class='ocrx_word' id='word_1_173' title='bbox 660 2394 835 2438; x_wconf 77' lang='lat' dir='ltr'>nostram</span> <span class='ocrx_word' id='word_1_174' title='bbox 850 2396 996 2441; x_wconf 81' lang='lat' dir='ltr'>Sedent</span> <span class='ocrx_word' id='word_1_175' title='bbox 1012 2427 1028 2449; x_wconf 87' lang='lat'><em>‚</em></span> <span class='ocrx_word' id='word_1_176' title='bbox 1055 2400 1119 2442; x_wconf 91' lang='lat' dir='ltr'>cui</span> <span class='ocrx_word' id='word_1_177' title='bbox 1143 2399 1282 2441; x_wconf 85' lang='lat' dir='ltr'>secun·</span> 
     </span>
     <span class='ocr_line' id='line_1_35' title="bbox 286 2453 1282 2514; baseline 0.004 -17"><span class='ocrx_word' id='word_1_178' title='bbox 286 2453 388 2497; x_wconf 73' lang='lat' dir='ltr'>dum</span> <span class='ocrx_word' id='word_1_179' title='bbox 421 2453 592 2508; x_wconf 80' lang='lat' dir='ltr'>Reguloe</span> <span class='ocrx_word' id='word_1_180' title='bbox 622 2453 695 2496; x_wconf 77' lang='lat' dir='ltr'>suae</span> <span class='ocrx_word' id='word_1_181' title='bbox 723 2454 908 2498; x_wconf 78' lang='lat' dir='ltr'>instituta</span> <span class='ocrx_word' id='word_1_182' title='bbox 939 2457 1171 2514; x_wconf 88' lang='lat' dir='ltr'>specialiter</span> <span class='ocrx_word' id='word_1_183' title='bbox 1195 2453 1282 2501; x_wconf 83' lang='lat' dir='ltr'>sunt</span> 
     </span>
     <span class='ocr_line' id='line_1_36' title="bbox 285 2511 1275 2572; baseline 0.002 -17"><span class='ocrx_word' id='word_1_184' title='bbox 285 2511 474 2568; x_wconf 65' lang='lat' dir='ltr'>subjecti,</span> <span class='ocrx_word' id='word_1_185' title='bbox 489 2515 527 2554; x_wconf 89' lang='lat' dir='ltr'>in</span> <span class='ocrx_word' id='word_1_186' title='bbox 544 2513 633 2556; x_wconf 89' lang='lat' dir='ltr'>dics</span> <span class='ocrx_word' id='word_1_187' title='bbox 648 2512 839 2567; x_wconf 78' lang='lat' dir='ltr'>majorem</span> <span class='ocrx_word' id='word_1_188' title='bbox 854 2514 1275 2572; x_wconf 70' lang='lat' dir='ltr'>devotionem&#39;acqui-</span> 
     </span>
     <span class='ocr_line' id='line_1_37' title="bbox 287 2570 1281 2631; baseline 0.002 -14"><span class='ocrx_word' id='word_1_189' title='bbox 287 2583 415 2623; x_wconf 84' lang='lat' dir='ltr'>rant,</span> <span class='ocrx_word' id='word_1_190' title='bbox 443 2574 602 2627; x_wconf 75' lang='lat' dir='ltr'>quanto</span> <span class='ocrx_word' id='word_1_191' title='bbox 618 2570 658 2615; x_wconf 90' lang='lat' dir='ltr'>se</span> <span class='ocrx_word' id='word_1_192' title='bbox 674 2570 866 2617; x_wconf 80' lang='lat' dir='ltr'>senserint</span> <span class='ocrx_word' id='word_1_193' title='bbox 885 2575 926 2619; x_wconf 87' lang='lat' dir='ltr'>in</span> <span class='ocrx_word' id='word_1_194' title='bbox 948 2575 1093 2619; x_wconf 75' lang='lat' dir='ltr'>Divina</span> <span class='ocrx_word' id='word_1_195' title='bbox 1126 2576 1281 2631; x_wconf 78' lang='lat' dir='ltr'>pietate</span> 
     </span>
     <span class='ocr_line' id='line_1_38' title="bbox 287 2629 1278 2692; baseline 0.004 -21"><span class='ocrx_word' id='word_1_196' title='bbox 287 2631 505 2687; x_wconf 73' lang='lat' dir='ltr'>benignius</span> <span class='ocrx_word' id='word_1_197' title='bbox 522 2629 575 2672; x_wconf 89' lang='lat' dir='ltr'>de</span> <span class='ocrx_word' id='word_1_198' title='bbox 592 2630 867 2686; x_wconf 75' lang='lat' dir='ltr'>indulgentiis</span> <span class='ocrx_word' id='word_1_199' title='bbox 883 2661 898 2685; x_wconf 86' lang='lat'>,</span> <span class='ocrx_word' id='word_1_200' title='bbox 926 2636 964 2679; x_wconf 73' lang='grc' dir='ltr'>δι</span> <span class='ocrx_word' id='word_1_201' title='bbox 992 2637 1133 2691; x_wconf 88' lang='lat' dir='ltr'>gratiis</span> <span class='ocrx_word' id='word_1_202' title='bbox 1163 2633 1278 2692; x_wconf 88' lang='lat' dir='ltr'>spiri-</span> 
     </span>
     <span class='ocr_line' id='line_1_39' title="bbox 294 2689 1274 2751; baseline 0.003 -18"><span class='ocrx_word' id='word_1_203' title='bbox 294 2689 476 2733; x_wconf 73' lang='lat' dir='ltr'>tualibus</span> <span class='ocrx_word' id='word_1_204' title='bbox 501 2689 760 2732; x_wconf 77' lang='lat' dir='ltr'>consolatos.</span> <span class='ocrx_word' id='word_1_205' title='bbox 798 2692 922 2735; x_wconf 84' lang='lat' dir='ltr'>Unde</span> <span class='ocrx_word' id='word_1_206' title='bbox 937 2694 1035 2749; x_wconf 76' lang='lat' dir='ltr'>saepe</span> <span class='ocrx_word' id='word_1_207' title='bbox 1060 2694 1274 2751; x_wconf 88' lang='lat' dir='ltr'>continge·</span> 
     </span>
     <span class='ocr_line' id='line_1_40' title="bbox 291 2747 1281 2807; baseline 0.008 -16"><span class='ocrx_word' id='word_1_208' title='bbox 291 2762 342 2794; x_wconf 76' lang='lat' dir='ltr'>tc</span> <span class='ocrx_word' id='word_1_209' title='bbox 365 2747 495 2805; x_wconf 76' lang='lat' dir='ltr'>potest</span> <span class='ocrx_word' id='word_1_210' title='bbox 512 2747 669 2804; x_wconf 84' lang='lat' dir='ltr'>aliquos</span> <span class='ocrx_word' id='word_1_211' title='bbox 697 2764 746 2793; x_wconf 79' lang='lat' dir='ltr'>es</span> <span class='ocrx_word' id='word_1_212' title='bbox 775 2748 1009 2807; x_wconf 67' lang='lat' dir='ltr'>supradietis</span> <span class='ocrx_word' id='word_1_213' title='bbox 1041 2754 1250 2798; x_wconf 73' lang='lat' dir='ltr'>Fratribus</span> <span class='ocrx_word' id='word_1_214' title='bbox 1266 2782 1281 2806; x_wconf 92' lang='lat'>,</span> 
     </span>
     <span class='ocr_line' id='line_1_41' title="bbox 293 2802 1282 2870; baseline 0.009 -21"><span class='ocrx_word' id='word_1_215' title='bbox 293 2806 476 2866; x_wconf 78' lang='lat' dir='ltr'>quodam</span> <span class='ocrx_word' id='word_1_216' title='bbox 495 2802 659 2851; x_wconf 76' lang='lat' dir='ltr'>fenore</span> <span class='ocrx_word' id='word_1_217' title='bbox 690 2808 741 2853; x_wconf 83' lang='lat' dir='ltr'>sd</span> <span class='ocrx_word' id='word_1_218' title='bbox 769 2812 1040 2867; x_wconf 78' lang='lat' dir='ltr'>acquirendas</span> <span class='ocrx_word' id='word_1_219' title='bbox 1063 2814 1282 2870; x_wconf 81' lang='lat' dir='ltr'>indulgen·</span> 
     </span>
     <span class='ocr_line' id='line_1_42' title="bbox 295 2865 1281 2928; baseline 0.006 -18"><span class='ocrx_word' id='word_1_220' title='bbox 295 2879 374 2914; x_wconf 79' lang='lat' dir='ltr'>uas</span> <span class='ocrx_word' id='word_1_221' title='bbox 402 2869 440 2910; x_wconf 91' lang='lat' dir='ltr'>in</span> <span class='ocrx_word' id='word_1_222' title='bbox 461 2867 580 2909; x_wconf 75' lang='lat' dir='ltr'>Alma</span> <span class='ocrx_word' id='word_1_223' title='bbox 598 2865 731 2919; x_wconf 83' lang='lat' dir='ltr'>Urbe,</span> <span class='ocrx_word' id='word_1_224' title='bbox 745 2868 785 2911; x_wconf 91' lang='lat' dir='ltr'>in</span> <span class='ocrx_word' id='word_1_225' title='bbox 802 2870 909 2915; x_wconf 77' lang='lat' dir='ltr'>locis</span> <span class='ocrx_word' id='word_1_226' title='bbox 939 2874 1079 2918; x_wconf 67' lang='lat' dir='ltr'>sanetis</span> <span class='ocrx_word' id='word_1_227' title='bbox 1093 2904 1109 2928; x_wconf 91' lang='lat'>,</span> <span class='ocrx_word' id='word_1_228' title='bbox 1137 2875 1174 2915; x_wconf 84' lang='lat' dir='ltr'>in</span> <span class='ocrx_word' id='word_1_229' title='bbox 1196 2873 1281 2916; x_wconf 90' lang='lat' dir='ltr'>die·</span> 
     </span>
     <span class='ocr_line' id='line_1_43' title="bbox 299 2926 1283 2990; baseline 0.005 -19"><span class='ocrx_word' id='word_1_230' title='bbox 299 2928 376 2971; x_wconf 86' lang='lat' dir='ltr'>bus</span> <span class='ocrx_word' id='word_1_231' title='bbox 389 2926 898 2978; x_wconf 74' lang='lat' dir='ltr'>stationum,vifitantibus</span> <span class='ocrx_word' id='word_1_232' title='bbox 919 2932 1148 2990; x_wconf 80' lang='lat' dir='ltr'>hujusmodi</span> <span class='ocrx_word' id='word_1_233' title='bbox 1163 2932 1252 2976; x_wconf 81' lang='lat' dir='ltr'>loca</span> <span class='ocrx_word' id='word_1_234' title='bbox 1268 2960 1283 2984; x_wconf 92' lang='lat'>,</span> 
     </span>
     <span class='ocr_line' id='line_1_44' title="bbox 297 2984 1279 3048; baseline 0.006 -18"><span class='ocrx_word' id='word_1_235' title='bbox 297 2987 343 3030; x_wconf 68' lang='lat' dir='ltr'>Gt</span> <span class='ocrx_word' id='word_1_236' title='bbox 356 2988 567 3030; x_wconf 67' lang='lat' dir='ltr'>stationes</span> <span class='ocrx_word' id='word_1_237' title='bbox 580 2984 786 3030; x_wconf 74' lang='lat' dir='ltr'>concessas</span> <span class='ocrx_word' id='word_1_238' title='bbox 801 2991 1000 3037; x_wconf 81' lang='lat' dir='ltr'>accendi:</span> <span class='ocrx_word' id='word_1_239' title='bbox 1026 3006 1077 3036; x_wconf 74' lang='lat' dir='ltr'>ex</span> <span class='ocrx_word' id='word_1_240' title='bbox 1100 3007 1180 3048; x_wconf 86' lang='lat' dir='ltr'>quo</span> <span class='ocrx_word' id='word_1_241' title='bbox 1206 2993 1279 3036; x_wconf 88' lang='lat' dir='ltr'>tibi</span> 
     </span>
     <span class='ocr_line' id='line_1_45' title="bbox 301 3044 1281 3098; baseline 0.005 -8"><span class='ocrx_word' id='word_1_242' title='bbox 301 3047 475 3090; x_wconf 79' lang='lat' dir='ltr'>Vicsrio</span> <span class='ocrx_word' id='word_1_243' title='bbox 490 3044 682 3091; x_wconf 82' lang='lat' dir='ltr'>Generali</span> <span class='ocrx_word' id='word_1_244' title='bbox 701 3075 718 3098; x_wconf 89' lang='lat'>,</span> <span class='ocrx_word' id='word_1_245' title='bbox 748 3047 786 3090; x_wconf 70' lang='grc' dir='ltr'><strong><em>ὰ</em></strong></span> <span class='ocrx_word' id='word_1_246' title='bbox 807 3049 896 3093; x_wconf 78' lang='lat' dir='ltr'>aliis</span> <span class='ocrx_word' id='word_1_247' title='bbox 923 3048 999 3097; x_wconf 88' lang='lat' dir='ltr'>suis</span> <span class='ocrx_word' id='word_1_248' title='bbox 1027 3053 1206 3097; x_wconf 71' lang='lat' dir='ltr'>Proelstis</span> <span class='ocrx_word' id='word_1_249' title='bbox 1232 3052 1281 3095; x_wconf 73' lang='lat' dir='ltr'>ti-</span> 
     </span>
     <span class='ocr_line' id='line_1_46' title="bbox 301 3103 1280 3165; baseline 0.002 -14"><span class='ocrx_word' id='word_1_250' title='bbox 301 3106 346 3151; x_wconf 88' lang='lat' dir='ltr'>bi</span> <span class='ocrx_word' id='word_1_251' title='bbox 361 3103 546 3165; x_wconf 71' lang='lat' dir='ltr'>subjeelis</span> <span class='ocrx_word' id='word_1_252' title='bbox 561 3132 577 3158; x_wconf 95' lang='lat'>,</span> <span class='ocrx_word' id='word_1_253' title='bbox 600 3103 651 3148; x_wconf 78' lang='lat' dir='ltr'>sd</span> <span class='ocrx_word' id='word_1_254' title='bbox 676 3106 942 3153; x_wconf 76' lang='lat' dir='ltr'>obtinendam</span> <span class='ocrx_word' id='word_1_255' title='bbox 969 3113 1173 3157; x_wconf 78' lang='lat' dir='ltr'>licentiam</span> <span class='ocrx_word' id='word_1_256' title='bbox 1192 3111 1280 3154; x_wconf 79' lang='lat' dir='ltr'>vili·</span> 
     </span>
     <span class='ocr_line' id='line_1_47' title="bbox 300 3164 1277 3216; baseline 0.006 -7"><span class='ocrx_word' id='word_1_257' title='bbox 300 3164 600 3211; x_wconf 74' lang='lat' dir='ltr'>sandiAlmstn</span> <span class='ocrx_word' id='word_1_258' title='bbox 622 3165 774 3210; x_wconf 86' lang='lat' dir='ltr'>Urbem</span> <span class='ocrx_word' id='word_1_259' title='bbox 805 3165 929 3213; x_wconf 84' lang='lat' dir='ltr'>insesli</span> <span class='ocrx_word' id='word_1_260' title='bbox 965 3170 1050 3216; x_wconf 87' lang='lat' dir='ltr'>sunt</span> <span class='ocrx_word' id='word_1_261' title='bbox 1078 3173 1119 3215; x_wconf 75' lang='grc' dir='ltr'>δι</span> <span class='ocrx_word' id='word_1_262' title='bbox 1148 3170 1277 3215; x_wconf 88' lang='lat' dir='ltr'>mole·</span> 
     </span>
     <span class='ocr_line' id='line_1_48' title="bbox 303 3225 1284 3282; baseline 0.007 -14"><span class='ocrx_word' id='word_1_263' title='bbox 303 3225 379 3269; x_wconf 72' lang='lat' dir='ltr'>fliz</span> <span class='ocrx_word' id='word_1_264' title='bbox 411 3226 519 3269; x_wconf 84' lang='lat' dir='ltr'>unde</span> <span class='ocrx_word' id='word_1_265' title='bbox 531 3225 655 3269; x_wconf 82' lang='lat' dir='ltr'>etism</span> <span class='ocrx_word' id='word_1_266' title='bbox 670 3241 740 3282; x_wconf 78' lang='lat' dir='ltr'>per</span> <span class='ocrx_word' id='word_1_267' title='bbox 756 3225 939 3273; x_wconf 75' lang='lat' dir='ltr'>diversos</span> <span class='ocrx_word' id='word_1_268' title='bbox 957 3230 1152 3276; x_wconf 84' lang='lat' dir='ltr'>discursus</span> <span class='ocrx_word' id='word_1_269' title='bbox 1174 3229 1284 3275; x_wconf 79' lang='lat' dir='ltr'>Reli·</span> 
     </span>
     <span class='ocr_line' id='line_1_49' title="bbox 303 3282 1280 3344; baseline 0.008 -18"><span class='ocrx_word' id='word_1_270' title='bbox 303 3283 423 3341; x_wconf 81' lang='lat' dir='ltr'>giolis</span> <span class='ocrx_word' id='word_1_271' title='bbox 439 3282 807 3332; x_wconf 67' lang='lat' dir='ltr'>omani-ulutantes</span> <span class='ocrx_word' id='word_1_272' title='bbox 838 3289 877 3331; x_wconf 74' lang='grc' dir='ltr'>δι</span> <span class='ocrx_word' id='word_1_273' title='bbox 904 3292 1070 3335; x_wconf 81' lang='lat' dir='ltr'>nocivos</span> <span class='ocrx_word' id='word_1_274' title='bbox 1086 3321 1100 3344; x_wconf 88' lang='lat'>,</span> <span class='ocrx_word' id='word_1_275' title='bbox 1120 3291 1280 3335; x_wconf 77' lang='lat' dir='ltr'>diversa</span> 
     </span>
     <span class='ocr_line' id='line_1_50' title="bbox 304 3343 1282 3408; baseline 0.006 -21"><span class='ocrx_word' id='word_1_276' title='bbox 304 3343 485 3387; x_wconf 72' lang='lat' dir='ltr'>scandala</span> <span class='ocrx_word' id='word_1_277' title='bbox 500 3346 692 3390; x_wconf 83' lang='lat' dir='ltr'>oriuntur</span> <span class='ocrx_word' id='word_1_278' title='bbox 707 3371 723 3396; x_wconf 92' lang='lat'>,</span> <span class='ocrx_word' id='word_1_279' title='bbox 735 3347 812 3398; x_wconf 84' lang='lat' dir='ltr'>its,</span> <span class='ocrx_word' id='word_1_280' title='bbox 826 3359 871 3390; x_wconf 88' lang='lat' dir='ltr'>ut</span> <span class='ocrx_word' id='word_1_281' title='bbox 890 3349 930 3392; x_wconf 85' lang='lat' dir='ltr'>id</span> <span class='ocrx_word' id='word_1_282' title='bbox 946 3378 959 3402; x_wconf 91' lang='lat'>,</span> <span class='ocrx_word' id='word_1_283' title='bbox 972 3351 1086 3408; x_wconf 86' lang='lat' dir='ltr'>quod</span> <span class='ocrx_word' id='word_1_284' title='bbox 1103 3350 1191 3406; x_wconf 81' lang='lat' dir='ltr'>ipsis</span> <span class='ocrx_word' id='word_1_285' title='bbox 1203 3350 1282 3394; x_wconf 81' lang='lat' dir='ltr'>ali·</span> 
     </span>
     <span class='ocr_line' id='line_1_51' title="bbox 303 3401 1283 3463; baseline 0.009 -19"><span class='ocrx_word' id='word_1_286' title='bbox 303 3416 391 3460; x_wconf 82' lang='lat' dir='ltr'>quo</span> <span class='ocrx_word' id='word_1_287' title='bbox 405 3403 530 3448; x_wconf 90' lang='lat' dir='ltr'>modo</span> <span class='ocrx_word' id='word_1_288' title='bbox 549 3401 716 3452; x_wconf 76' lang='lat' dir='ltr'>videtur</span> <span class='ocrx_word' id='word_1_289' title='bbox 732 3405 772 3449; x_wconf 88' lang='lat' dir='ltr'>in</span> <span class='ocrx_word' id='word_1_290' title='bbox 785 3407 1207 3463; x_wconf 73' lang='lat' dir='ltr'>devotionem,potii&#39;is</span> <span class='ocrx_word' id='word_1_291' title='bbox 1221 3421 1283 3454; x_wconf 79' lang='lat' dir='ltr'>ts·</span> 
     </span>
     <span class='ocr_line' id='line_1_52' title="bbox 303 3462 1281 3526; baseline 0.011 -22"><span class='ocrx_word' id='word_1_292' title='bbox 303 3474 394 3504; x_wconf 80' lang='lat' dir='ltr'>men</span> <span class='ocrx_word' id='word_1_293' title='bbox 411 3474 581 3517; x_wconf 69' lang='lat' dir='ltr'>propter</span> <span class='ocrx_word' id='word_1_294' title='bbox 597 3462 887 3525; x_wconf 74' lang='lat' dir='ltr'>suprascripta,</span> <span class='ocrx_word' id='word_1_295' title='bbox 899 3479 1022 3526; x_wconf 81' lang='lat' dir='ltr'>atque</span> <span class='ocrx_word' id='word_1_296' title='bbox 1035 3470 1159 3514; x_wconf 84' lang='lat' dir='ltr'>ctiam</span> <span class='ocrx_word' id='word_1_297' title='bbox 1186 3482 1281 3526; x_wconf 85' lang='lat' dir='ltr'>pro·</span> 
     </span>
     <span class='ocr_line' id='line_1_53' title="bbox 302 3518 1278 3584; baseline 0.012 -26"><span class='ocrx_word' id='word_1_298' title='bbox 302 3530 392 3579; x_wconf 67' lang='lat' dir='ltr'>pier</span> <span class='ocrx_word' id='word_1_299' title='bbox 410 3518 632 3566; x_wconf 70' lang='lat' dir='ltr'>distantiam</span> <span class='ocrx_word' id='word_1_300' title='bbox 650 3524 835 3570; x_wconf 88' lang='lat' dir='ltr'>locorum</span> <span class='ocrx_word' id='word_1_301' title='bbox 851 3554 866 3576; x_wconf 88' lang='lat'>,</span> <span class='ocrx_word' id='word_1_302' title='bbox 892 3529 1106 3573; x_wconf 77' lang='lat' dir='ltr'>&amp;itineris</span> <span class='ocrx_word' id='word_1_303' title='bbox 1123 3544 1192 3584; x_wconf 85' lang='lat' dir='ltr'>per</span> <span class='ocrx_word' id='word_1_304' title='bbox 1225 3529 1278 3571; x_wconf 77' lang='lat' dir='ltr'>lt&gt;</span> 
     </span>
     <span class='ocr_line' id='line_1_54' title="bbox 303 3543 1278 3646; baseline 0.01 -25"><span class='ocrx_word' id='word_1_305' title='bbox 303 3580 477 3646; x_wconf 62' lang='lat' dir='ltr'>nitatem</span> <span class='ocrx_word' id='word_1_306' title='bbox 492 3606 508 3630; x_wconf 95' lang='lat'>,</span> <span class='ocrx_word' id='word_1_307' title='bbox 532 3581 571 3622; x_wconf 87' lang='lat' dir='ltr'>in</span> <span class='ocrx_word' id='word_1_308' title='bbox 588 3579 746 3628; x_wconf 74' lang='lat' dir='ltr'>suarum</span> <span class='ocrx_word' id='word_1_309' title='bbox 763 3586 877 3640; x_wconf 61' lang='lat' dir='ltr'>pouit</span> <span class='ocrx_word' id='word_1_310' title='bbox 888 3587 1037 3634; x_wconf 79' lang='lat' dir='ltr'>cedere</span> <span class='ocrx_word' id='word_1_311' title='bbox 1052 3543 1278 3644; x_wconf 55' lang='lat' dir='ltr'>periculum</span> 
     </span>
     <span class='ocr_line' id='line_1_55' title="bbox 303 3642 1280 3705; baseline 0.006 -22"><span class='ocrx_word' id='word_1_312' title='bbox 303 3650 528 3705; x_wconf 56' lang='lat' dir='ltr'>animatum</span> <span class='ocrx_word' id='word_1_313' title='bbox 552 3667 567 3690; x_wconf 93' lang='lat'>,</span> <span class='ocrx_word' id='word_1_314' title='bbox 596 3642 635 3682; x_wconf 71' lang='lat' dir='ltr'>dt</span> <span class='ocrx_word' id='word_1_315' title='bbox 667 3644 963 3690; x_wconf 84' lang='lat' dir='ltr'>detrimentum</span> <span class='ocrx_word' id='word_1_316' title='bbox 981 3677 993 3690; x_wconf 89' lang='lat'><strong>.</strong></span> <span class='ocrx_word' id='word_1_317' title='bbox 1037 3650 1174 3705; x_wconf 74' lang='lat' dir='ltr'>Quare</span> <span class='ocrx_word' id='word_1_318' title='bbox 1206 3662 1280 3701; x_wconf 80' lang='lat' dir='ltr'>pto</span> 
     </span>
     <span class='ocr_line' id='line_1_56' title="bbox 302 3701 1280 3763; baseline 0.014 -27"><span class='ocrx_word' id='word_1_319' title='bbox 302 3706 419 3757; x_wconf 70' lang='lat' dir='ltr'>parte</span> <span class='ocrx_word' id='word_1_320' title='bbox 433 3701 552 3762; x_wconf 66' lang='lat' dir='ltr'>iplius</span> <span class='ocrx_word' id='word_1_321' title='bbox 567 3707 623 3739; x_wconf 82' lang='lat' dir='ltr'>tui</span> <span class='ocrx_word' id='word_1_322' title='bbox 639 3704 907 3749; x_wconf 69' lang='lat' dir='ltr'>‘&#39;ommiflsrii</span> <span class='ocrx_word' id='word_1_323' title='bbox 923 3707 1099 3763; x_wconf 59' lang='lat' dir='ltr'>predicti</span> <span class='ocrx_word' id='word_1_324' title='bbox 1115 3705 1280 3751; x_wconf 81' lang='lat' dir='ltr'>hnmili-</span> 
     </span>
     <span class='ocr_line' id='line_1_57' title="bbox 301 3757 1275 3824; baseline 0.018 -30"><span class='ocrx_word' id='word_1_325' title='bbox 301 3770 363 3802; x_wconf 71' lang='lat' dir='ltr'>rcr</span> <span class='ocrx_word' id='word_1_326' title='bbox 379 3765 526 3812; x_wconf 69' lang='lat' dir='ltr'>petitu)</span> <span class='ocrx_word' id='word_1_327' title='bbox 542 3757 675 3800; x_wconf 74' lang='lat' dir='ltr'>Nobis</span> <span class='ocrx_word' id='word_1_328' title='bbox 687 3760 828 3804; x_wconf 71' lang='lat' dir='ltr'>oblata</span> <span class='ocrx_word' id='word_1_329' title='bbox 848 3767 1088 3809; x_wconf 72' lang='lat' dir='ltr'>contine-bat</span> <span class='ocrx_word' id='word_1_330' title='bbox 1105 3779 1275 3824; x_wconf 76' lang='lat' dir='ltr'>,quate-</span> 
     </span>
     <span class='ocr_line' id='line_1_58' title="bbox 298 3812 1273 3877; baseline 0.008 -17"><span class='ocrx_word' id='word_1_331' title='bbox 298 3830 370 3862; x_wconf 84' lang='lat' dir='ltr'>nus</span> <span class='ocrx_word' id='word_1_332' title='bbox 389 3812 492 3874; x_wconf 79' lang='lat' dir='ltr'>ipsos</span> <span class='ocrx_word' id='word_1_333' title='bbox 506 3816 687 3871; x_wconf 68' lang='lat' dir='ltr'>fraires,</span> <span class='ocrx_word' id='word_1_334' title='bbox 700 3831 874 3877; x_wconf 75' lang='lat' dir='ltr'>paterno</span> <span class='ocrx_word' id='word_1_335' title='bbox 884 3823 1023 3868; x_wconf 71' lang='lat' dir='ltr'>all&#39;cssu</span> <span class='ocrx_word' id='word_1_336' title='bbox 1041 3827 1273 3869; x_wconf 85' lang='lat' dir='ltr'>misericor·</span> 
     </span>
    </p>
   </div>
   <div class='ocr_carea' id='block_1_6' title="bbox 1143 177 1670 266">
    <p class='ocr_par' dir='ltr' id='par_1_9' title="bbox 1143 177 1670 266">
     <span class='ocr_line' id='line_1_59' title="bbox 1143 177 1670 266; baseline -0.008 0"><span class='ocrx_word' id='word_1_337' title='bbox 1143 177 1307 266; x_wconf 85' lang='lat' dir='ltr'>Sub</span> <span class='ocrx_word' id='word_1_338' title='bbox 1368 179 1512 264; x_wconf 67' lang='lat' dir='ltr'>Pio</span> <span class='ocrx_word' id='word_1_339' title='bbox 1575 178 1670 264; x_wconf 94' lang='lat' dir='ltr'>II.</span> 
     </span>
    </p>
   </div>
   <div class='ocr_carea' id='block_1_7' title="bbox 1331 327 2331 3582">
    <p class='ocr_par' dir='ltr' id='par_1_10' title="bbox 1331 327 2331 3582">
     <span class='ocr_line' id='line_1_60' title="bbox 1345 327 2327 395; baseline -0.013 -13"><span class='ocrx_word' id='word_1_340' title='bbox 1345 340 1455 382; x_wconf 89' lang='lat' dir='ltr'>diter</span> <span class='ocrx_word' id='word_1_341' title='bbox 1471 339 1696 395; x_wconf 86' lang='lat' dir='ltr'>respicere,</span> <span class='ocrx_word' id='word_1_342' title='bbox 1724 334 1886 392; x_wconf 75' lang='lat' dir='ltr'>ipsisque</span> <span class='ocrx_word' id='word_1_343' title='bbox 1907 332 2116 376; x_wconf 84' lang='lat' dir='ltr'>Fratribus</span> <span class='ocrx_word' id='word_1_344' title='bbox 2144 337 2220 373; x_wconf 83' lang='lat' dir='ltr'>tuae</span> <span class='ocrx_word' id='word_1_345' title='bbox 2247 327 2327 395; x_wconf 43' lang='lat' dir='ltr'>Ul&amp;</span> 
     </span>
     <span class='ocr_line' id='line_1_61' title="bbox 1346 393 2324 453; baseline -0.013 -13"><span class='ocrx_word' id='word_1_346' title='bbox 1346 410 1612 440; x_wconf 77' lang='lat' dir='ltr'>tramontanae</span> <span class='ocrx_word' id='word_1_347' title='bbox 1627 398 1786 440; x_wconf 71' lang='lat' dir='ltr'>familiae</span> <span class='ocrx_word' id='word_1_348' title='bbox 1802 398 1840 436; x_wconf 90' lang='lat' dir='ltr'>in</span> <span class='ocrx_word' id='word_1_349' title='bbox 1854 405 2116 448; x_wconf 75' lang='lat' dir='ltr'>augmentum</span> <span class='ocrx_word' id='word_1_350' title='bbox 2132 393 2324 453; x_wconf 39' lang='lat' dir='ltr'>devotio-</span> 
     </span>
     <span class='ocr_line' id='line_1_62' title="bbox 1342 446 2325 512; baseline -0.016 -10"><span class='ocrx_word' id='word_1_351' title='bbox 1342 458 1432 501; x_wconf 54' lang='grc' dir='ltr'>οἰδ,</span> <span class='ocrx_word' id='word_1_352' title='bbox 1462 459 1504 499; x_wconf 87' lang='lat'>&amp;</span> <span class='ocrx_word' id='word_1_353' title='bbox 1523 456 1739 512; x_wconf 88' lang='lat' dir='ltr'>spiritualis</span> <span class='ocrx_word' id='word_1_354' title='bbox 1766 453 1982 499; x_wconf 78' lang='lat' dir='ltr'>exercitii,</span> <span class='ocrx_word' id='word_1_355' title='bbox 2011 453 2063 495; x_wconf 91' lang='lat' dir='ltr'>de</span> <span class='ocrx_word' id='word_1_356' title='bbox 2093 446 2325 507; x_wconf 83' lang='lat' dir='ltr'>hujusmodi</span> 
     </span>
     <span class='ocr_line' id='line_1_63' title="bbox 1343 507 2325 572; baseline -0.008 -15"><span class='ocrx_word' id='word_1_357' title='bbox 1343 515 1614 572; x_wconf 79' lang='lat' dir='ltr'>Indulgentiis</span> <span class='ocrx_word' id='word_1_358' title='bbox 1628 518 1668 558; x_wconf 90' lang='lat' dir='ltr'>in</span> <span class='ocrx_word' id='word_1_359' title='bbox 1683 514 1805 556; x_wconf 83' lang='lat' dir='ltr'>Alma</span> <span class='ocrx_word' id='word_1_360' title='bbox 1835 515 1971 558; x_wconf 83' lang='lat' dir='ltr'>Urbe,</span> <span class='ocrx_word' id='word_1_361' title='bbox 1989 510 2027 551; x_wconf 92' lang='lat' dir='ltr'>in</span> <span class='ocrx_word' id='word_1_362' title='bbox 2046 511 2149 552; x_wconf 91' lang='lat' dir='ltr'>locis</span> <span class='ocrx_word' id='word_1_363' title='bbox 2177 507 2294 548; x_wconf 82' lang='lat' dir='ltr'>sacris</span> <span class='ocrx_word' id='word_1_364' title='bbox 2309 529 2325 549; x_wconf 71' lang='lat'>2</span> 
     </span>
     <span class='ocr_line' id='line_1_64' title="bbox 1336 562 2324 627; baseline -0.011 -12"><span class='ocrx_word' id='word_1_365' title='bbox 1336 576 1378 615; x_wconf 75' lang='grc' dir='ltr'>δι</span> <span class='ocrx_word' id='word_1_366' title='bbox 1398 574 1540 618; x_wconf 86' lang='lat' dir='ltr'>diebus</span> <span class='ocrx_word' id='word_1_367' title='bbox 1556 576 1787 618; x_wconf 76' lang='lat' dir='ltr'>stationum</span> <span class='ocrx_word' id='word_1_368' title='bbox 1814 584 1886 627; x_wconf 88' lang='lat' dir='ltr'>per</span> <span class='ocrx_word' id='word_1_369' title='bbox 1907 572 2134 610; x_wconf 81' lang='lat' dir='ltr'>Romanum</span> <span class='ocrx_word' id='word_1_370' title='bbox 2149 562 2324 610; x_wconf 85' lang='lat' dir='ltr'>Pontifi-</span> 
     </span>
     <span class='ocr_line' id='line_1_65' title="bbox 1337 625 2323 685; baseline -0.014 -8"><span class='ocrx_word' id='word_1_371' title='bbox 1337 647 1427 677; x_wconf 89' lang='lat' dir='ltr'>cem</span> <span class='ocrx_word' id='word_1_372' title='bbox 1445 633 1638 677; x_wconf 80' lang='lat' dir='ltr'>conceffis</span> <span class='ocrx_word' id='word_1_373' title='bbox 1657 664 1672 685; x_wconf 93' lang='lat'>,</span> <span class='ocrx_word' id='word_1_374' title='bbox 1703 635 1756 674; x_wconf 91' lang='lat' dir='ltr'>de</span> <span class='ocrx_word' id='word_1_375' title='bbox 1788 626 2027 684; x_wconf 81' lang='lat' dir='ltr'>Apostolica</span> <span class='ocrx_word' id='word_1_376' title='bbox 2054 628 2096 668; x_wconf 68' lang='grc' dir='ltr'>ἃ</span> <span class='ocrx_word' id='word_1_377' title='bbox 2126 625 2323 668; x_wconf 87' lang='lat' dir='ltr'>consueta</span> 
     </span>
     <span class='ocr_line' id='line_1_66' title="bbox 1337 685 2321 749; baseline -0.009 -15"><span class='ocrx_word' id='word_1_378' title='bbox 1337 694 1489 748; x_wconf 83' lang='lat' dir='ltr'>pietate</span> <span class='ocrx_word' id='word_1_379' title='bbox 1503 693 1719 749; x_wconf 83' lang='lat' dir='ltr'>providere</span> <span class='ocrx_word' id='word_1_380' title='bbox 1735 691 2000 745; x_wconf 83' lang='lat' dir='ltr'>dignaremur</span> <span class='ocrx_word' id='word_1_381' title='bbox 2012 714 2022 727; x_wconf 88' lang='lat'>.</span> <span class='ocrx_word' id='word_1_382' title='bbox 2062 689 2151 728; x_wconf 88' lang='lat' dir='ltr'>Nos</span> <span class='ocrx_word' id='word_1_383' title='bbox 2168 685 2321 739; x_wconf 73' lang='lat' dir='ltr'>igitur,</span> 
     </span>
     <span class='ocr_line' id='line_1_67' title="bbox 1336 741 2320 806; baseline -0.007 -15"><span class='ocrx_word' id='word_1_384' title='bbox 1336 752 1405 806; x_wconf 84' lang='lat' dir='ltr'>qui</span> <span class='ocrx_word' id='word_1_385' title='bbox 1434 751 1612 794; x_wconf 88' lang='lat' dir='ltr'>omnium</span> <span class='ocrx_word' id='word_1_386' title='bbox 1646 747 1979 804; x_wconf 86' lang='lat' dir='ltr'>Religiosorum,</span> <span class='ocrx_word' id='word_1_387' title='bbox 2015 743 2189 786; x_wconf 69' lang='lat' dir='ltr'>maxime</span> <span class='ocrx_word' id='word_1_388' title='bbox 2221 741 2320 785; x_wconf 87' lang='lat' dir='ltr'>illo-</span> 
     </span>
     <span class='ocr_line' id='line_1_68' title="bbox 1332 800 2320 865; baseline -0.009 -13"><span class='ocrx_word' id='word_1_389' title='bbox 1332 823 1420 852; x_wconf 92' lang='lat' dir='ltr'>rum</span> <span class='ocrx_word' id='word_1_390' title='bbox 1439 837 1453 860; x_wconf 90' lang='lat'>,</span> <span class='ocrx_word' id='word_1_391' title='bbox 1487 809 1608 865; x_wconf 90' lang='lat' dir='ltr'>quiin</span> <span class='ocrx_word' id='word_1_392' title='bbox 1623 823 1744 860; x_wconf 86' lang='lat' dir='ltr'>vera,</span> <span class='ocrx_word' id='word_1_393' title='bbox 1772 809 1813 848; x_wconf 78' lang='grc' dir='ltr'>δι</span> <span class='ocrx_word' id='word_1_394' title='bbox 1842 805 2073 848; x_wconf 85' lang='lat' dir='ltr'>indubitata</span> <span class='ocrx_word' id='word_1_395' title='bbox 2095 800 2320 844; x_wconf 85' lang='lat' dir='ltr'>observan-</span> 
     </span>
     <span class='ocr_line' id='line_1_69' title="bbox 1332 857 2320 919; baseline -0.012 -7"><span class='ocrx_word' id='word_1_396' title='bbox 1332 869 1389 912; x_wconf 90' lang='lat' dir='ltr'>tia</span> <span class='ocrx_word' id='word_1_397' title='bbox 1409 871 1498 910; x_wconf 86' lang='lat' dir='ltr'>Deo</span> <span class='ocrx_word' id='word_1_398' title='bbox 1510 867 1718 919; x_wconf 85' lang='lat' dir='ltr'>servire,&amp;</span> <span class='ocrx_word' id='word_1_399' title='bbox 1734 875 1826 908; x_wconf 86' lang='lat' dir='ltr'>vota</span> <span class='ocrx_word' id='word_1_400' title='bbox 1843 866 1907 907; x_wconf 88' lang='lat' dir='ltr'>sua</span> <span class='ocrx_word' id='word_1_401' title='bbox 1923 866 1962 906; x_wconf 90' lang='lat' dir='ltr'>in</span> <span class='ocrx_word' id='word_1_402' title='bbox 1985 861 2127 918; x_wconf 86' lang='lat' dir='ltr'>populi</span> <span class='ocrx_word' id='word_1_403' title='bbox 2144 857 2320 903; x_wconf 85' lang='lat' dir='ltr'>aedifica·</span> 
     </span>
     <span class='ocr_line' id='line_1_70' title="bbox 1331 921 2324 970; baseline -0.011 0"><span class='ocrx_word' id='word_1_404' title='bbox 1331 929 1486 970; x_wconf 88' lang='lat' dir='ltr'>tionem</span> <span class='ocrx_word' id='word_1_405' title='bbox 1502 927 1679 969; x_wconf 87' lang='lat' dir='ltr'>reddere</span> <span class='ocrx_word' id='word_1_406' title='bbox 1692 924 1934 968; x_wconf 88' lang='lat' dir='ltr'>cordialiter</span> <span class='ocrx_word' id='word_1_407' title='bbox 1946 921 2130 965; x_wconf 67' lang='lat' dir='ltr'>affe-{lant</span> <span class='ocrx_word' id='word_1_408' title='bbox 2144 946 2159 969; x_wconf 86' lang='lat'>,</span> <span class='ocrx_word' id='word_1_409' title='bbox 2182 931 2324 961; x_wconf 89' lang='lat' dir='ltr'>curam</span> 
     </span>
     <span class='ocr_line' id='line_1_71' title="bbox 1333 979 2325 1042; baseline -0.01 -14"><span class='ocrx_word' id='word_1_410' title='bbox 1333 986 1512 1042; x_wconf 83' lang='lat' dir='ltr'>gerimus</span> <span class='ocrx_word' id='word_1_411' title='bbox 1528 985 1770 1040; x_wconf 82' lang='lat' dir='ltr'>singularem</span> <span class='ocrx_word' id='word_1_412' title='bbox 1783 1009 1798 1031; x_wconf 86' lang='lat'>,</span> <span class='ocrx_word' id='word_1_413' title='bbox 1817 984 1940 1025; x_wconf 90' lang='lat' dir='ltr'>ctiam</span> <span class='ocrx_word' id='word_1_414' title='bbox 1957 985 1998 1024; x_wconf 91' lang='lat' dir='ltr'>in</span> <span class='ocrx_word' id='word_1_415' title='bbox 2012 979 2201 1023; x_wconf 87' lang='lat' dir='ltr'>omnibus</span> <span class='ocrx_word' id='word_1_416' title='bbox 2211 1004 2226 1026; x_wconf 90' lang='lat'>,</span> <span class='ocrx_word' id='word_1_417' title='bbox 2239 991 2325 1033; x_wconf 85' lang='lat' dir='ltr'>quae</span> 
     </span>
     <span class='ocr_line' id='line_1_72' title="bbox 1334 1038 2324 1095; baseline -0.009 -9"><span class='ocrx_word' id='word_1_418' title='bbox 1334 1044 1385 1086; x_wconf 88' lang='lat' dir='ltr'>ad</span> <span class='ocrx_word' id='word_1_419' title='bbox 1399 1044 1479 1086; x_wconf 91' lang='lat' dir='ltr'>Dei</span> <span class='ocrx_word' id='word_1_420' title='bbox 1491 1041 1712 1093; x_wconf 82' lang='lat' dir='ltr'>laudem,&amp;</span> <span class='ocrx_word' id='word_1_421' title='bbox 1724 1040 1956 1083; x_wconf 88' lang='lat' dir='ltr'>devotionis</span> <span class='ocrx_word' id='word_1_422' title='bbox 1972 1038 2324 1095; x_wconf 81' lang='lat' dir='ltr'>augumentum,&amp;</span> 
     </span>
     <span class='ocr_line' id='line_1_73' title="bbox 1334 1099 2325 1151; baseline -0.009 -6"><span class='ocrx_word' id='word_1_423' title='bbox 1334 1102 1492 1145; x_wconf 74' lang='lat' dir='ltr'>{irarum</span> <span class='ocrx_word' id='word_1_424' title='bbox 1509 1102 1736 1143; x_wconf 88' lang='lat' dir='ltr'>animarum</span> <span class='ocrx_word' id='word_1_425' title='bbox 1757 1099 1925 1142; x_wconf 87' lang='lat' dir='ltr'>salutem</span> <span class='ocrx_word' id='word_1_426' title='bbox 1942 1101 2135 1147; x_wconf 90' lang='lat' dir='ltr'>tendunt,</span> <span class='ocrx_word' id='word_1_427' title='bbox 2151 1106 2325 1151; x_wconf 84' lang='lat' dir='ltr'>paterno</span> 
     </span>
     <span class='ocr_line' id='line_1_74' title="bbox 1335 1151 2323 1215; baseline -0.009 -11"><span class='ocrx_word' id='word_1_428' title='bbox 1335 1161 1478 1205; x_wconf 68' lang='lat' dir='ltr'>affectu</span> <span class='ocrx_word' id='word_1_429' title='bbox 1498 1158 1702 1203; x_wconf 88' lang='lat' dir='ltr'>consolari</span> <span class='ocrx_word' id='word_1_430' title='bbox 1715 1157 2095 1215; x_wconf 79' lang='lat' dir='ltr'>cupimus3pium,&amp;</span> <span class='ocrx_word' id='word_1_431' title='bbox 2113 1151 2323 1198; x_wconf 85' lang='lat' dir='ltr'>laudabile</span> 
     </span>
     <span class='ocr_line' id='line_1_75' title="bbox 1336 1213 2324 1279; baseline -0.011 -14"><span class='ocrx_word' id='word_1_432' title='bbox 1336 1221 1451 1279; x_wconf 87' lang='lat' dir='ltr'>ipfius</span> <span class='ocrx_word' id='word_1_433' title='bbox 1468 1216 1743 1264; x_wconf 81' lang='lat' dir='ltr'>Commiffarii</span> <span class='ocrx_word' id='word_1_434' title='bbox 1761 1217 1819 1259; x_wconf 91' lang='lat' dir='ltr'>tui</span> <span class='ocrx_word' id='word_1_435' title='bbox 1833 1216 2074 1261; x_wconf 73' lang='lat' dir='ltr'>deoderium</span> <span class='ocrx_word' id='word_1_436' title='bbox 2098 1213 2324 1272; x_wconf 75' lang='lat' dir='ltr'>plurimum</span> 
     </span>
     <span class='ocr_line' id='line_1_76' title="bbox 1336 1273 2324 1333; baseline -0.01 -9"><span class='ocrx_word' id='word_1_437' title='bbox 1336 1279 1695 1328; x_wconf 81' lang='lat' dir='ltr'>commendantes,</span> <span class='ocrx_word' id='word_1_438' title='bbox 1711 1275 1937 1333; x_wconf 85' lang='lat' dir='ltr'>hujusmodi</span> <span class='ocrx_word' id='word_1_439' title='bbox 1951 1273 2324 1333; x_wconf 82' lang='lat' dir='ltr'>supplicationibus</span> 
     </span>
     <span class='ocr_line' id='line_1_77' title="bbox 1338 1332 2326 1390; baseline -0.006 -6"><span class='ocrx_word' id='word_1_440' title='bbox 1338 1339 1546 1390; x_wconf 88' lang='lat' dir='ltr'>inclinati,</span> <span class='ocrx_word' id='word_1_441' title='bbox 1580 1337 1811 1382; x_wconf 73' lang='lat' dir='ltr'>affectantes</span> <span class='ocrx_word' id='word_1_442' title='bbox 1852 1350 1996 1380; x_wconf 90' lang='lat' dir='ltr'>omnes</span> <span class='ocrx_word' id='word_1_443' title='bbox 2029 1338 2191 1379; x_wconf 77' lang='lat' dir='ltr'>Fratres</span> <span class='ocrx_word' id='word_1_444' title='bbox 2230 1332 2326 1378; x_wconf 63' lang='lat' dir='ltr'>,de-‚3</span> 
     </span>
     <span class='ocr_line' id='line_1_78' title="bbox 1337 1393 2326 1443; baseline -0.008 0"><span class='ocrx_word' id='word_1_445' title='bbox 1337 1398 1605 1443; x_wconf 84' lang='lat' dir='ltr'>observantia</span> <span class='ocrx_word' id='word_1_446' title='bbox 1632 1409 1708 1441; x_wconf 88' lang='lat' dir='ltr'>tuae</span> <span class='ocrx_word' id='word_1_447' title='bbox 1741 1396 1915 1438; x_wconf 81' lang='lat' dir='ltr'>Familiae</span> <span class='ocrx_word' id='word_1_448' title='bbox 1944 1396 2274 1441; x_wconf 81' lang='lat' dir='ltr'>Ultramontanae</span> <span class='ocrx_word' id='word_1_449' title='bbox 2299 1393 2326 1435; x_wconf 66' lang='grc' dir='ltr'><strong>ὲ</strong></span> 
     </span>
     <span class='ocr_line' id='line_1_79' title="bbox 1337 1452 2327 1513; baseline -0.011 -11"><span class='ocrx_word' id='word_1_450' title='bbox 1337 1457 1579 1502; x_wconf 85' lang='lat' dir='ltr'>discurfibus</span> <span class='ocrx_word' id='word_1_451' title='bbox 1593 1454 1896 1513; x_wconf 81' lang='lat' dir='ltr'>praeservari,&amp;,</span> <span class='ocrx_word' id='word_1_452' title='bbox 1911 1453 2105 1511; x_wconf 79' lang='lat' dir='ltr'>quantum</span> <span class='ocrx_word' id='word_1_453' title='bbox 2122 1465 2215 1494; x_wconf 91' lang='lat' dir='ltr'>cum</span> <span class='ocrx_word' id='word_1_454' title='bbox 2234 1452 2327 1492; x_wconf 83' lang='lat' dir='ltr'>Deo</span> 
     </span>
     <span class='ocr_line' id='line_1_80' title="bbox 1342 1509 2327 1566; baseline -0.012 -5"><span class='ocrx_word' id='word_1_455' title='bbox 1342 1519 1530 1561; x_wconf 81' lang='lat' dir='ltr'>valemus</span> <span class='ocrx_word' id='word_1_456' title='bbox 1548 1544 1563 1566; x_wconf 91' lang='lat'>,</span> <span class='ocrx_word' id='word_1_457' title='bbox 1591 1517 1643 1558; x_wconf 87' lang='lat' dir='ltr'>ad</span> <span class='ocrx_word' id='word_1_458' title='bbox 1659 1511 1864 1558; x_wconf 83' lang='lat' dir='ltr'>fervorem</span> <span class='ocrx_word' id='word_1_459' title='bbox 1879 1513 2115 1556; x_wconf 83' lang='lat' dir='ltr'>devotionis</span> <span class='ocrx_word' id='word_1_460' title='bbox 2129 1509 2327 1557; x_wconf 76' lang='lat' dir='ltr'>accendi,</span> 
     </span>
     <span class='ocr_line' id='line_1_81' title="bbox 1341 1567 2327 1632; baseline -0.009 -13"><span class='ocrx_word' id='word_1_461' title='bbox 1341 1579 1382 1619; x_wconf 86' lang='lat'>&amp;</span> <span class='ocrx_word' id='word_1_462' title='bbox 1409 1577 1449 1619; x_wconf 90' lang='lat' dir='ltr'>in</span> <span class='ocrx_word' id='word_1_463' title='bbox 1475 1575 1624 1632; x_wconf 86' lang='lat' dir='ltr'>quictis</span> <span class='ocrx_word' id='word_1_464' title='bbox 1638 1574 1780 1630; x_wconf 90' lang='lat' dir='ltr'>spiritu</span> <span class='ocrx_word' id='word_1_465' title='bbox 1802 1573 1981 1616; x_wconf 89' lang='lat' dir='ltr'>Domino</span> <span class='ocrx_word' id='word_1_466' title='bbox 1998 1570 2216 1617; x_wconf 85' lang='lat' dir='ltr'>famulari,</span> <span class='ocrx_word' id='word_1_467' title='bbox 2248 1567 2327 1611; x_wconf 83' lang='lat' dir='ltr'>tibi</span> 
     </span>
     <span class='ocr_line' id='line_1_82' title="bbox 1344 1624 2328 1688; baseline -0.012 -9"><span class='ocrx_word' id='word_1_468' title='bbox 1344 1636 1542 1683; x_wconf 84' lang='lat' dir='ltr'>Vicario,</span> <span class='ocrx_word' id='word_1_469' title='bbox 1571 1648 1619 1677; x_wconf 84' lang='lat' dir='ltr'>ac</span> <span class='ocrx_word' id='word_1_470' title='bbox 1646 1634 1726 1676; x_wconf 88' lang='lat' dir='ltr'>tuis</span> <span class='ocrx_word' id='word_1_471' title='bbox 1763 1647 1836 1688; x_wconf 91' lang='lat' dir='ltr'>pro</span> <span class='ocrx_word' id='word_1_472' title='bbox 1861 1643 2051 1688; x_wconf 76' lang='lat' dir='ltr'>tempore</span> <span class='ocrx_word' id='word_1_473' title='bbox 2083 1624 2328 1674; x_wconf 70' lang='lat' dir='ltr'>bucceffori·</span> 
     </span>
     <span class='ocr_line' id='line_1_83' title="bbox 1345 1688 2329 1748; baseline -0.011 -9"><span class='ocrx_word' id='word_1_474' title='bbox 1345 1698 1420 1739; x_wconf 87' lang='lat' dir='ltr'>bus</span> <span class='ocrx_word' id='word_1_475' title='bbox 1434 1721 1449 1745; x_wconf 92' lang='lat'>,</span> <span class='ocrx_word' id='word_1_476' title='bbox 1480 1690 1714 1748; x_wconf 67' lang='lat' dir='ltr'>ceterisque</span> <span class='ocrx_word' id='word_1_477' title='bbox 1729 1693 1939 1734; x_wconf 81' lang='lat' dir='ltr'>Fratribus</span> <span class='ocrx_word' id='word_1_478' title='bbox 1955 1702 2035 1736; x_wconf 78' lang='lat' dir='ltr'>tuoe</span> <span class='ocrx_word' id='word_1_479' title='bbox 2049 1688 2209 1732; x_wconf 68' lang='lat' dir='ltr'>familie</span> <span class='ocrx_word' id='word_1_480' title='bbox 2226 1700 2329 1740; x_wconf 77' lang='lat' dir='ltr'>prae·</span> 
     </span>
     <span class='ocr_line' id='line_1_84' title="bbox 1346 1745 2327 1806; baseline -0.011 -7"><span class='ocrx_word' id='word_1_481' title='bbox 1346 1754 1552 1804; x_wconf 87' lang='lat' dir='ltr'>sentibus,</span> <span class='ocrx_word' id='word_1_482' title='bbox 1581 1752 1619 1794; x_wconf 76' lang='grc' dir='ltr'>δι</span> <span class='ocrx_word' id='word_1_483' title='bbox 1644 1749 1819 1801; x_wconf 89' lang='lat' dir='ltr'>suturis,</span> <span class='ocrx_word' id='word_1_484' title='bbox 1849 1753 1959 1806; x_wconf 90' lang='lat' dir='ltr'>quod</span> <span class='ocrx_word' id='word_1_485' title='bbox 1987 1763 2158 1799; x_wconf 88' lang='lat' dir='ltr'>omnes,</span> <span class='ocrx_word' id='word_1_486' title='bbox 2182 1746 2225 1788; x_wconf 72' lang='grc' dir='ltr'>δι</span> <span class='ocrx_word' id='word_1_487' title='bbox 2251 1745 2327 1788; x_wconf 83' lang='lat' dir='ltr'>lin-</span> 
     </span>
     <span class='ocr_line' id='line_1_85' title="bbox 1346 1807 2329 1872; baseline -0.011 -15"><span class='ocrx_word' id='word_1_488' title='bbox 1346 1814 1460 1872; x_wconf 84' lang='lat' dir='ltr'>gulas</span> <span class='ocrx_word' id='word_1_489' title='bbox 1484 1810 1790 1867; x_wconf 79' lang='lat' dir='ltr'>Indulgentias,</span> <span class='ocrx_word' id='word_1_490' title='bbox 1823 1810 1864 1852; x_wconf 76' lang='grc' dir='ltr'>δι</span> <span class='ocrx_word' id='word_1_491' title='bbox 1887 1808 2136 1852; x_wconf 82' lang='lat' dir='ltr'>remissiones</span> <span class='ocrx_word' id='word_1_492' title='bbox 2164 1807 2329 1847; x_wconf 73' lang='lat' dir='ltr'>vilitati-</span> 
     </span>
     <span class='ocr_line' id='line_1_86' title="bbox 1346 1864 2328 1926; baseline -0.014 -9"><span class='ocrx_word' id='word_1_493' title='bbox 1346 1875 1455 1917; x_wconf 91' lang='lat' dir='ltr'>tibus</span> <span class='ocrx_word' id='word_1_494' title='bbox 1471 1874 1578 1916; x_wconf 77' lang='lat' dir='ltr'>sacra</span> <span class='ocrx_word' id='word_1_495' title='bbox 1593 1873 1705 1926; x_wconf 82' lang='lat' dir='ltr'>Loca</span> <span class='ocrx_word' id='word_1_496' title='bbox 1722 1869 1842 1913; x_wconf 79' lang='lat' dir='ltr'>Almoe</span> <span class='ocrx_word' id='word_1_497' title='bbox 1861 1870 1983 1912; x_wconf 85' lang='lat' dir='ltr'>Urbis</span> <span class='ocrx_word' id='word_1_498' title='bbox 2008 1871 2087 1910; x_wconf 77' lang='grc' dir='ltr'>διε.</span> <span class='ocrx_word' id='word_1_499' title='bbox 2115 1869 2153 1907; x_wconf 93' lang='lat' dir='ltr'>in</span> <span class='ocrx_word' id='word_1_500' title='bbox 2182 1864 2328 1905; x_wconf 90' lang='lat' dir='ltr'>diebus</span> 
     </span>
     <span class='ocr_line' id='line_1_87' title="bbox 1346 1923 2329 1986; baseline -0.011 -9"><span class='ocrx_word' id='word_1_501' title='bbox 1346 1938 1580 1978; x_wconf 78' lang='lat' dir='ltr'>stationum</span> <span class='ocrx_word' id='word_1_502' title='bbox 1596 1945 1671 1986; x_wconf 90' lang='lat' dir='ltr'>per</span> <span class='ocrx_word' id='word_1_503' title='bbox 1688 1934 1777 1973; x_wconf 86' lang='lat' dir='ltr'>Nos</span> <span class='ocrx_word' id='word_1_504' title='bbox 1792 1958 1806 1979; x_wconf 92' lang='lat'>‚</span> <span class='ocrx_word' id='word_1_505' title='bbox 1820 1930 1860 1970; x_wconf 85' lang='lat'>&amp;</span> <span class='ocrx_word' id='word_1_506' title='bbox 1871 1928 1975 1969; x_wconf 89' lang='lat' dir='ltr'>alios</span> <span class='ocrx_word' id='word_1_507' title='bbox 1991 1923 2208 1970; x_wconf 76' lang='lat' dir='ltr'>Pontifices</span> <span class='ocrx_word' id='word_1_508' title='bbox 2224 1925 2329 1966; x_wconf 67' lang='lat' dir='ltr'>Pre-</span> 
     </span>
     <span class='ocr_line' id='line_1_88' title="bbox 1343 1981 2330 2040; baseline -0.009 -8"><span class='ocrx_word' id='word_1_509' title='bbox 1343 1990 1565 2032; x_wconf 79' lang='lat' dir='ltr'>deceffores</span> <span class='ocrx_word' id='word_1_510' title='bbox 1582 1988 1741 2030; x_wconf 83' lang='lat' dir='ltr'>nostros</span> <span class='ocrx_word' id='word_1_511' title='bbox 1756 1983 1958 2028; x_wconf 77' lang='lat' dir='ltr'>concessas</span> <span class='ocrx_word' id='word_1_512' title='bbox 1972 2013 1989 2037; x_wconf 91' lang='lat'>,</span> <span class='ocrx_word' id='word_1_513' title='bbox 2012 1998 2108 2040; x_wconf 87' lang='lat' dir='ltr'>quas</span> <span class='ocrx_word' id='word_1_514' title='bbox 2127 1983 2192 2026; x_wconf 84' lang='lat' dir='ltr'>hic</span> <span class='ocrx_word' id='word_1_515' title='bbox 2211 1981 2330 2025; x_wconf 78' lang='lat' dir='ltr'>volu-</span> 
     </span>
     <span class='ocr_line' id='line_1_89' title="bbox 1343 2040 2330 2102; baseline -0.007 -12"><span class='ocrx_word' id='word_1_516' title='bbox 1343 2061 1434 2090; x_wconf 88' lang='lat' dir='ltr'>mus</span> <span class='ocrx_word' id='word_1_517' title='bbox 1464 2050 1516 2090; x_wconf 91' lang='lat' dir='ltr'>de</span> <span class='ocrx_word' id='word_1_518' title='bbox 1538 2046 1726 2101; x_wconf 85' lang='lat' dir='ltr'>fingulari</span> <span class='ocrx_word' id='word_1_519' title='bbox 1755 2045 1911 2102; x_wconf 86' lang='lat' dir='ltr'>gratia,</span> <span class='ocrx_word' id='word_1_520' title='bbox 1938 2059 1983 2093; x_wconf 84' lang='lat' dir='ltr'>ac</span> <span class='ocrx_word' id='word_1_521' title='bbox 2012 2044 2037 2087; x_wconf 82' lang='lat' dir='ltr'>si</span> <span class='ocrx_word' id='word_1_522' title='bbox 2069 2040 2330 2101; x_wconf 65' lang='lat' dir='ltr'>prusentibus</span> 
     </span>
     <span class='ocr_line' id='line_1_90' title="bbox 1346 2102 2326 2160; baseline -0.008 -9"><span class='ocrx_word' id='word_1_523' title='bbox 1346 2107 1646 2156; x_wconf 85' lang='lat' dir='ltr'>insererentur,</span> <span class='ocrx_word' id='word_1_524' title='bbox 1688 2107 1828 2148; x_wconf 87' lang='lat' dir='ltr'>haberi</span> <span class='ocrx_word' id='word_1_525' title='bbox 1866 2118 1945 2160; x_wconf 88' lang='lat' dir='ltr'>pro</span> <span class='ocrx_word' id='word_1_526' title='bbox 1973 2102 2218 2148; x_wconf 74' lang='lat' dir='ltr'>sufficienter</span> <span class='ocrx_word' id='word_1_527' title='bbox 2239 2107 2326 2145; x_wconf 82' lang='lat' dir='ltr'>lex-</span> 
     </span>
     <span class='ocr_line' id='line_1_91' title="bbox 1346 2159 2330 2222; baseline -0.005 -15"><span class='ocrx_word' id='word_1_528' title='bbox 1346 2165 1482 2222; x_wconf 79' lang='lat' dir='ltr'>preffis</span> <span class='ocrx_word' id='word_1_529' title='bbox 1495 2192 1510 2211; x_wconf 88' lang='lat'>,</span> <span class='ocrx_word' id='word_1_530' title='bbox 1540 2165 1580 2206; x_wconf 89' lang='lat' dir='ltr'>in</span> <span class='ocrx_word' id='word_1_531' title='bbox 1595 2163 1870 2207; x_wconf 66' lang='lat' dir='ltr'>vestris-iocis</span> <span class='ocrx_word' id='word_1_532' title='bbox 1897 2159 2296 2218; x_wconf 73' lang='lat' dir='ltr'>promereri’pofl&#39;itis</span> <span class='ocrx_word' id='word_1_533' title='bbox 2313 2188 2330 2213; x_wconf 91' lang='lat'>,</span> 
     </span>
     <span class='ocr_line' id='line_1_92' title="bbox 1347 2218 2329 2280; baseline -0.005 -14"><span class='ocrx_word' id='word_1_534' title='bbox 1347 2237 1419 2280; x_wconf 88' lang='lat' dir='ltr'>per</span> <span class='ocrx_word' id='word_1_535' title='bbox 1446 2222 1660 2278; x_wconf 70' lang='lat' dir='ltr'>presentes</span> <span class='ocrx_word' id='word_1_536' title='bbox 1683 2223 1749 2277; x_wconf 72' lang='lat' dir='ltr'>pie</span> <span class='ocrx_word' id='word_1_537' title='bbox 1771 2221 2033 2262; x_wconf 88' lang='lat' dir='ltr'>concedimus</span> <span class='ocrx_word' id='word_1_538' title='bbox 2049 2248 2062 2271; x_wconf 89' lang='lat'>,</span> <span class='ocrx_word' id='word_1_539' title='bbox 2093 2221 2134 2262; x_wconf 74' lang='lat' dir='ltr'>er</span> <span class='ocrx_word' id='word_1_540' title='bbox 2165 2218 2329 2275; x_wconf 86' lang='lat' dir='ltr'>speciali</span> 
     </span>
     <span class='ocr_line' id='line_1_93' title="bbox 1343 2277 2330 2336; baseline -0.005 -11"><span class='ocrx_word' id='word_1_541' title='bbox 1343 2283 1459 2326; x_wconf 90' lang='lat' dir='ltr'>dono</span> <span class='ocrx_word' id='word_1_542' title='bbox 1482 2283 1620 2336; x_wconf 80' lang='lat' dir='ltr'>gratiae</span> <span class='ocrx_word' id='word_1_543' title='bbox 1647 2280 1932 2336; x_wconf 86' lang='lat' dir='ltr'>indulgemus,</span> <span class='ocrx_word' id='word_1_544' title='bbox 1962 2293 2011 2323; x_wconf 86' lang='lat' dir='ltr'>ac</span> <span class='ocrx_word' id='word_1_545' title='bbox 2035 2293 2101 2323; x_wconf 79' lang='lat' dir='ltr'>eas</span> <span class='ocrx_word' id='word_1_546' title='bbox 2118 2277 2168 2320; x_wconf 90' lang='lat' dir='ltr'>ad</span> <span class='ocrx_word' id='word_1_547' title='bbox 2198 2277 2330 2321; x_wconf 78' lang='lat' dir='ltr'>vestra</span> 
     </span>
     <span class='ocr_line' id='line_1_94' title="bbox 1344 2337 2331 2395; baseline -0.005 -11"><span class='ocrx_word' id='word_1_548' title='bbox 1344 2341 1438 2384; x_wconf 89' lang='lat' dir='ltr'>loca</span> <span class='ocrx_word' id='word_1_549' title='bbox 1467 2353 1543 2395; x_wconf 88' lang='lat' dir='ltr'>pro</span> <span class='ocrx_word' id='word_1_550' title='bbox 1571 2340 1702 2382; x_wconf 88' lang='lat' dir='ltr'>Vobis</span> <span class='ocrx_word' id='word_1_551' title='bbox 1739 2340 1935 2383; x_wconf 80' lang='lat' dir='ltr'>duntaxat</span> <span class='ocrx_word' id='word_1_552' title='bbox 1965 2339 2223 2383; x_wconf 77' lang='lat' dir='ltr'>extendimus</span> <span class='ocrx_word' id='word_1_553' title='bbox 2244 2365 2262 2389; x_wconf 90' lang='lat'>,</span> <span class='ocrx_word' id='word_1_554' title='bbox 2287 2337 2331 2379; x_wconf 83' lang='lat'>&amp;</span> 
     </span>
     <span class='ocr_line' id='line_1_95' title="bbox 1346 2396 2328 2456; baseline -0.001 -16"><span class='ocrx_word' id='word_1_555' title='bbox 1346 2411 1614 2456; x_wconf 74' lang='lat' dir='ltr'>prorogamus</span> <span class='ocrx_word' id='word_1_556' title='bbox 1631 2410 1648 2453; x_wconf 78' lang='lat'><em>3</em></span> <span class='ocrx_word' id='word_1_557' title='bbox 1679 2400 1741 2442; x_wconf 84' lang='lat' dir='ltr'>lta</span> <span class='ocrx_word' id='word_1_558' title='bbox 1754 2410 1888 2444; x_wconf 86' lang='lat' dir='ltr'>tamen</span> <span class='ocrx_word' id='word_1_559' title='bbox 1901 2429 1918 2452; x_wconf 91' lang='lat'>,</span> <span class='ocrx_word' id='word_1_560' title='bbox 1942 2401 2049 2455; x_wconf 89' lang='lat' dir='ltr'>quod</span> <span class='ocrx_word' id='word_1_561' title='bbox 2066 2396 2270 2441; x_wconf 83' lang='lat' dir='ltr'>ordinatis</span> <span class='ocrx_word' id='word_1_562' title='bbox 2286 2399 2328 2439; x_wconf 91' lang='lat' dir='ltr'>in</span> 
     </span>
     <span class='ocr_line' id='line_1_96' title="bbox 1348 2457 2328 2512; baseline -0.001 -11"><span class='ocrx_word' id='word_1_563' title='bbox 1348 2457 1485 2503; x_wconf 79' lang='lat' dir='ltr'>vestris</span> <span class='ocrx_word' id='word_1_564' title='bbox 1508 2457 1608 2501; x_wconf 87' lang='lat' dir='ltr'>locis</span> <span class='ocrx_word' id='word_1_565' title='bbox 1631 2459 1672 2502; x_wconf 87' lang='lat' dir='ltr'>in</span> <span class='ocrx_word' id='word_1_566' title='bbox 1695 2459 1921 2510; x_wconf 88' lang='lat' dir='ltr'>honorem,</span> <span class='ocrx_word' id='word_1_567' title='bbox 1946 2469 1992 2500; x_wconf 82' lang='lat' dir='ltr'>ac</span> <span class='ocrx_word' id='word_1_568' title='bbox 2013 2457 2328 2512; x_wconf 74' lang='lat' dir='ltr'>reverentiam-e</span> 
     </span>
     <span class='ocr_line' id='line_1_97' title="bbox 1340 2514 2330 2573; baseline -0.003 -12"><span class='ocrx_word' id='word_1_569' title='bbox 1340 2517 1592 2572; x_wconf 76' lang='lat' dir='ltr'>Dei,suoeque</span> <span class='ocrx_word' id='word_1_570' title='bbox 1606 2519 1824 2561; x_wconf 70' lang='lat' dir='ltr'>benedietae</span> <span class='ocrx_word' id='word_1_571' title='bbox 1838 2522 1981 2560; x_wconf 87' lang='lat' dir='ltr'>Matris</span> <span class='ocrx_word' id='word_1_572' title='bbox 1998 2514 2330 2573; x_wconf 72' lang='lat' dir='ltr'>Mariae,Aposto·</span> 
     </span>
     <span class='ocr_line' id='line_1_98' title="bbox 1343 2576 2330 2634; baseline -0.004 -13"><span class='ocrx_word' id='word_1_573' title='bbox 1343 2578 1474 2621; x_wconf 89' lang='lat' dir='ltr'>lorum</span> <span class='ocrx_word' id='word_1_574' title='bbox 1504 2576 1616 2617; x_wconf 83' lang='lat' dir='ltr'>Petri</span> <span class='ocrx_word' id='word_1_575' title='bbox 1646 2578 1687 2619; x_wconf 77' lang='grc' dir='ltr'>δι</span> <span class='ocrx_word' id='word_1_576' title='bbox 1713 2577 1854 2628; x_wconf 81' lang='lat' dir='ltr'>Pauli,</span> <span class='ocrx_word' id='word_1_577' title='bbox 1882 2580 2147 2634; x_wconf 86' lang='lat' dir='ltr'>omniumque</span> <span class='ocrx_word' id='word_1_578' title='bbox 2165 2576 2330 2619; x_wconf 71' lang='lat' dir='ltr'>banfio·</span> 
     </span>
     <span class='ocr_line' id='line_1_99' title="bbox 1339 2634 2328 2692; baseline -0.001 -13"><span class='ocrx_word' id='word_1_579' title='bbox 1339 2636 1729 2682; x_wconf 72' lang='lat' dir='ltr'>rum,&amp;Sanctarum</span> <span class='ocrx_word' id='word_1_580' title='bbox 1747 2635 1979 2692; x_wconf 76' lang='lat' dir='ltr'>specialium</span> <span class='ocrx_word' id='word_1_581' title='bbox 1995 2636 2128 2678; x_wconf 89' lang='lat' dir='ltr'>titulis</span> <span class='ocrx_word' id='word_1_582' title='bbox 2143 2634 2191 2676; x_wconf 85' lang='lat' dir='ltr'>ad</span> <span class='ocrx_word' id='word_1_583' title='bbox 2206 2634 2328 2678; x_wconf 80' lang='lat' dir='ltr'>instat</span> 
     </span>
     <span class='ocr_line' id='line_1_100' title="bbox 1339 2693 2326 2751; baseline -0.005 -9"><span class='ocrx_word' id='word_1_584' title='bbox 1339 2699 1544 2742; x_wconf 81' lang='lat' dir='ltr'>literorum</span> <span class='ocrx_word' id='word_1_585' title='bbox 1560 2697 1763 2739; x_wconf 82' lang='lat' dir='ltr'>Locorum</span> <span class='ocrx_word' id='word_1_586' title='bbox 1779 2693 1911 2738; x_wconf 79' lang='lat' dir='ltr'>Almae</span> <span class='ocrx_word' id='word_1_587' title='bbox 1929 2694 2051 2738; x_wconf 83' lang='lat' dir='ltr'>Urbis</span> <span class='ocrx_word' id='word_1_588' title='bbox 2067 2721 2082 2746; x_wconf 94' lang='lat'>,</span> <span class='ocrx_word' id='word_1_589' title='bbox 2116 2695 2154 2737; x_wconf 91' lang='lat' dir='ltr'>in</span> <span class='ocrx_word' id='word_1_590' title='bbox 2182 2693 2326 2751; x_wconf 89' lang='lat' dir='ltr'>quibus</span> 
     </span>
     <span class='ocr_line' id='line_1_101' title="bbox 1343 2751 2330 2809; baseline -0.006 -8"><span class='ocrx_word' id='word_1_591' title='bbox 1343 2756 1548 2802; x_wconf 78' lang='lat' dir='ltr'>stationes</span> <span class='ocrx_word' id='word_1_592' title='bbox 1571 2756 1810 2806; x_wconf 69' lang='lat' dir='ltr'>struantur,</span> <span class='ocrx_word' id='word_1_593' title='bbox 1842 2753 2011 2809; x_wconf 85' lang='lat' dir='ltr'>iplisque</span> <span class='ocrx_word' id='word_1_594' title='bbox 2036 2754 2183 2797; x_wconf 86' lang='lat' dir='ltr'>diebus</span> <span class='ocrx_word' id='word_1_595' title='bbox 2213 2751 2330 2796; x_wconf 86' lang='lat' dir='ltr'>debi-</span> 
     </span>
     <span class='ocr_line' id='line_1_102' title="bbox 1343 2811 2329 2873; baseline -0.005 -14"><span class='ocrx_word' id='word_1_596' title='bbox 1343 2817 1395 2860; x_wconf 91' lang='lat' dir='ltr'>tis</span> <span class='ocrx_word' id='word_1_597' title='bbox 1423 2813 1621 2867; x_wconf 79' lang='lat' dir='ltr'>visitatis,</span> <span class='ocrx_word' id='word_1_598' title='bbox 1651 2815 1810 2871; x_wconf 85' lang='lat' dir='ltr'>quoties</span> <span class='ocrx_word' id='word_1_599' title='bbox 1838 2811 2069 2873; x_wconf 73' lang='lat' dir='ltr'>hujusmodi</span> <span class='ocrx_word' id='word_1_600' title='bbox 2094 2811 2329 2870; x_wconf 82' lang='lat' dir='ltr'>Indulgen-</span> 
     </span>
     <span class='ocr_line' id='line_1_103' title="bbox 1344 2869 2328 2932; baseline -0.008 -11"><span class='ocrx_word' id='word_1_601' title='bbox 1344 2877 1448 2925; x_wconf 83' lang='lat' dir='ltr'>tias,</span> <span class='ocrx_word' id='word_1_602' title='bbox 1470 2874 1537 2928; x_wconf 39' lang='lat' dir='ltr'>,seu</span> <span class='ocrx_word' id='word_1_603' title='bbox 1553 2875 1705 2932; x_wconf 73' lang='lat' dir='ltr'>‘gratias</span> <span class='ocrx_word' id='word_1_604' title='bbox 1728 2870 1953 2930; x_wconf 86' lang='lat' dir='ltr'>spirituales</span> <span class='ocrx_word' id='word_1_605' title='bbox 1977 2871 2205 2929; x_wconf 75' lang='lat' dir='ltr'>promereri</span> <span class='ocrx_word' id='word_1_606' title='bbox 2222 2869 2328 2915; x_wconf 83' lang='lat' dir='ltr'>defi-</span> 
     </span>
     <span class='ocr_line' id='line_1_104' title="bbox 1343 2928 2328 2989; baseline -0.009 -7"><span class='ocrx_word' id='word_1_607' title='bbox 1343 2933 1589 2982; x_wconf 83' lang='lat' dir='ltr'>deraveritis</span> <span class='ocrx_word' id='word_1_608' title='bbox 1603 2962 1618 2986; x_wconf 88' lang='lat'>,</span> <span class='ocrx_word' id='word_1_609' title='bbox 1641 2946 1704 2975; x_wconf 78' lang='lat' dir='ltr'>aut</span> <span class='ocrx_word' id='word_1_610' title='bbox 1728 2931 1904 2989; x_wconf 85' lang='lat' dir='ltr'>quilibet</span> <span class='ocrx_word' id='word_1_611' title='bbox 1925 2928 2095 2976; x_wconf 70' lang='lat' dir='ltr'>vestrum</span> <span class='ocrx_word' id='word_1_612' title='bbox 2115 2930 2328 2974; x_wconf 74' lang='lat' dir='ltr'>defiden-</span> 
     </span>
     <span class='ocr_line' id='line_1_105' title="bbox 1344 2988 2328 3050; baseline -0.007 -11"><span class='ocrx_word' id='word_1_613' title='bbox 1344 2993 1623 3050; x_wconf 76' lang='lat' dir='ltr'>verit,septem</span> <span class='ocrx_word' id='word_1_614' title='bbox 1643 2990 1909 3044; x_wconf 78' lang='lat' dir='ltr'>Psalmos‚aut</span> <span class='ocrx_word' id='word_1_615' title='bbox 1926 2988 2021 3035; x_wconf 83' lang='lat' dir='ltr'>alias</span> <span class='ocrx_word' id='word_1_616' title='bbox 2035 2991 2210 3036; x_wconf 81' lang='lat' dir='ltr'>devotas</span> <span class='ocrx_word' id='word_1_617' title='bbox 2224 2994 2328 3033; x_wconf 85' lang='lat' dir='ltr'>Ora·</span> 
     </span>
     <span class='ocr_line' id='line_1_106' title="bbox 1342 3050 2322 3108; baseline -0.009 -7"><span class='ocrx_word' id='word_1_618' title='bbox 1342 3058 1476 3102; x_wconf 86' lang='lat' dir='ltr'>tiones</span> <span class='ocrx_word' id='word_1_619' title='bbox 1493 3053 1774 3108; x_wconf 67' lang='lat' dir='ltr'>equivalentes</span> <span class='ocrx_word' id='word_1_620' title='bbox 1801 3050 2021 3098; x_wconf 76' lang='lat' dir='ltr'>secundum</span> <span class='ocrx_word' id='word_1_621' title='bbox 2035 3051 2322 3097; x_wconf 86' lang='lat' dir='ltr'>discretionem</span> 
     </span>
     <span class='ocr_line' id='line_1_107' title="bbox 1343 3109 2325 3167; baseline -0.01 -6"><span class='ocrx_word' id='word_1_622' title='bbox 1343 3117 1568 3161; x_wconf 77' lang='lat' dir='ltr'>vestrorum</span> <span class='ocrx_word' id='word_1_623' title='bbox 1589 3109 1875 3158; x_wconf 77' lang='lat' dir='ltr'>Conselsorum</span> <span class='ocrx_word' id='word_1_624' title='bbox 1892 3138 1904 3162; x_wconf 88' lang='lat'>,</span> <span class='ocrx_word' id='word_1_625' title='bbox 1929 3111 2111 3167; x_wconf 79' lang='lat' dir='ltr'>qualibet</span> <span class='ocrx_word' id='word_1_626' title='bbox 2136 3110 2224 3154; x_wconf 79' lang='lat' dir='ltr'>rice</span> <span class='ocrx_word' id='word_1_627' title='bbox 2247 3122 2325 3165; x_wconf 90' lang='lat' dir='ltr'>pro</span> 
     </span>
     <span class='ocr_line' id='line_1_108' title="bbox 1343 3167 2327 3226; baseline -0.012 -5"><span class='ocrx_word' id='word_1_628' title='bbox 1343 3176 1475 3221; x_wconf 82' lang='lat' dir='ltr'>Nobis</span> <span class='ocrx_word' id='word_1_629' title='bbox 1498 3202 1513 3226; x_wconf 89' lang='lat'>,</span> <span class='ocrx_word' id='word_1_630' title='bbox 1542 3186 1591 3218; x_wconf 81' lang='lat' dir='ltr'>sc</span> <span class='ocrx_word' id='word_1_631' title='bbox 1618 3167 1918 3217; x_wconf 72' lang='lat' dir='ltr'>Succefforibus</span> <span class='ocrx_word' id='word_1_632' title='bbox 1944 3168 2093 3212; x_wconf 80' lang='lat' dir='ltr'>nostris</span> <span class='ocrx_word' id='word_1_633' title='bbox 2112 3195 2127 3221; x_wconf 92' lang='lat'>,</span> <span class='ocrx_word' id='word_1_634' title='bbox 2160 3168 2327 3212; x_wconf 67' lang='lat' dir='ltr'>saneta-</span> 
     </span>
     <span class='ocr_line' id='line_1_109' title="bbox 1342 3224 2325 3290; baseline -0.009 -11"><span class='ocrx_word' id='word_1_635' title='bbox 1342 3250 1423 3290; x_wconf 84' lang='lat' dir='ltr'>que</span> <span class='ocrx_word' id='word_1_636' title='bbox 1438 3237 1574 3278; x_wconf 84' lang='lat' dir='ltr'>Matre</span> <span class='ocrx_word' id='word_1_637' title='bbox 1592 3229 1796 3282; x_wconf 75' lang='lat' dir='ltr'>Ecclelis,</span> <span class='ocrx_word' id='word_1_638' title='bbox 1810 3231 1851 3274; x_wconf 70' lang='lat' dir='ltr'>dt</span> <span class='ocrx_word' id='word_1_639' title='bbox 1864 3228 2012 3272; x_wconf 70' lang='lat' dir='ltr'>cunfto</span> <span class='ocrx_word' id='word_1_640' title='bbox 2085 3224 2182 3284; x_wconf 88' lang='lat' dir='ltr'>pulo</span> <span class='ocrx_word' id='word_1_641' title='bbox 2197 3227 2325 3270; x_wconf 83' lang='lat' dir='ltr'>Chri-</span> 
     </span>
     <span class='ocr_line' id='line_1_110' title="bbox 1347 3286 2322 3339; baseline -0.011 0"><span class='ocrx_word' id='word_1_642' title='bbox 1347 3297 1471 3339; x_wconf 85' lang='lat' dir='ltr'>lliano</span> <span class='ocrx_word' id='word_1_643' title='bbox 1487 3293 1626 3338; x_wconf 87' lang='lat' dir='ltr'>dicere</span> <span class='ocrx_word' id='word_1_644' title='bbox 1647 3303 1741 3333; x_wconf 89' lang='lat' dir='ltr'>cum</span> <span class='ocrx_word' id='word_1_645' title='bbox 1767 3289 1991 3332; x_wconf 73' lang='lat' dir='ltr'>devotione</span> <span class='ocrx_word' id='word_1_646' title='bbox 2040 3286 2213 3332; x_wconf 82' lang='lat' dir='ltr'>ebebitis</span> <span class='ocrx_word' id='word_1_647' title='bbox 2229 3314 2244 3339; x_wconf 90' lang='lat'>,</span> <span class='ocrx_word' id='word_1_648' title='bbox 2274 3300 2322 3329; x_wconf 82' lang='lat' dir='ltr'>ac</span> 
     </span>
     <span class='ocr_line' id='line_1_111' title="bbox 1343 3345 2324 3412; baseline -0.009 -15"><span class='ocrx_word' id='word_1_649' title='bbox 1343 3354 1515 3412; x_wconf 81' lang='lat' dir='ltr'>quilibet</span> <span class='ocrx_word' id='word_1_650' title='bbox 1533 3347 1718 3397; x_wconf 70' lang='lat' dir='ltr'>Vestrum</span> <span class='ocrx_word' id='word_1_651' title='bbox 1734 3349 1873 3394; x_wconf 85' lang='lat' dir='ltr'>dicere</span> <span class='ocrx_word' id='word_1_652' title='bbox 1891 3347 2099 3391; x_wconf 86' lang='lat' dir='ltr'>tenebitur</span> <span class='ocrx_word' id='word_1_653' title='bbox 2115 3377 2129 3398; x_wconf 85' lang='lat'><strong>‚</strong></span> <span class='ocrx_word' id='word_1_654' title='bbox 2155 3347 2196 3389; x_wconf 75' lang='lat' dir='ltr'>Gt</span> <span class='ocrx_word' id='word_1_655' title='bbox 2215 3345 2324 3389; x_wconf 90' lang='lat' dir='ltr'>obli-</span> 
     </span>
     <span class='ocr_line' id='line_1_112' title="bbox 1343 3404 2324 3471; baseline -0.006 -14"><span class='ocrx_word' id='word_1_656' title='bbox 1343 3414 1503 3471; x_wconf 79' lang='lat' dir='ltr'>gabitur</span> <span class='ocrx_word' id='word_1_657' title='bbox 1525 3426 1539 3457; x_wconf 76' lang='grc' dir='ltr'><strong><em>ε</em></strong></span> <span class='ocrx_word' id='word_1_658' title='bbox 1583 3409 1762 3461; x_wconf 77' lang='lat' dir='ltr'>alioquin</span> <span class='ocrx_word' id='word_1_659' title='bbox 1798 3404 2019 3460; x_wconf 81' lang='lat' dir='ltr'>huiusmodi</span> <span class='ocrx_word' id='word_1_660' title='bbox 2054 3405 2324 3462; x_wconf 70' lang='lat' dir='ltr'>indulgentie</span> 
     </span>
     <span class='ocr_line' id='line_1_113' title="bbox 1345 3464 2322 3525; baseline -0.011 -7"><span class='ocrx_word' id='word_1_661' title='bbox 1345 3476 1457 3518; x_wconf 81' lang='lat' dir='ltr'>vobis</span> <span class='ocrx_word' id='word_1_662' title='bbox 1474 3466 1636 3517; x_wconf 66' lang='lat' dir='ltr'>minime</span> <span class='ocrx_word' id='word_1_663' title='bbox 1654 3465 1949 3525; x_wconf 75' lang='lat' dir='ltr'>suffragentur:</span> <span class='ocrx_word' id='word_1_664' title='bbox 1976 3481 2054 3510; x_wconf 91' lang='lat' dir='ltr'>nun</span> <span class='ocrx_word' id='word_1_665' title='bbox 2074 3464 2322 3510; x_wconf 76' lang='lat' dir='ltr'>obstantibus</span> 
     </span>
     <span class='ocr_line' id='line_1_114' title="bbox 1342 3522 2322 3582; baseline -0.013 -5"><span class='ocrx_word' id='word_1_666' title='bbox 1342 3530 1708 3577; x_wconf 76' lang='lat' dir='ltr'>constitutionibus</span> <span class='ocrx_word' id='word_1_667' title='bbox 1727 3526 1969 3582; x_wconf 72' lang='lat' dir='ltr'>Apostolicis</span> <span class='ocrx_word' id='word_1_668' title='bbox 1984 3556 1999 3581; x_wconf 81' lang='lat'>‚</span> <span class='ocrx_word' id='word_1_669' title='bbox 2029 3522 2263 3582; x_wconf 75' lang='lat' dir='ltr'>coeterisque</span> <span class='ocrx_word' id='word_1_670' title='bbox 2281 3525 2322 3569; x_wconf 83' lang='lat' dir='ltr'>in</span> 
     </span>
    </p>
   </div>
   <div class='ocr_carea' id='block_1_8' title="bbox 1340 3584 1959 3645">
    <p class='ocr_par' dir='ltr' id='par_1_11' title="bbox 1340 3584 1959 3645">
     <span class='ocr_line' id='line_1_115' title="bbox 1340 3584 1959 3645; baseline -0.015 -7"><span class='ocrx_word' id='word_1_671' title='bbox 1340 3591 1592 3638; x_wconf 77' lang='lat' dir='ltr'>contrarium</span> <span class='ocrx_word' id='word_1_672' title='bbox 1613 3584 1932 3645; x_wconf 81' lang='lat' dir='ltr'>quibuscumque</span> <span class='ocrx_word' id='word_1_673' title='bbox 1947 3617 1959 3629; x_wconf 92' lang='lat'><strong>.</strong></span> 
     </span>
    </p>
   </div>
   <div class='ocr_carea' id='block_1_9' title="bbox 1400 3702 2317 3827">
    <p class='ocr_par' dir='ltr' id='par_1_12' title="bbox 1400 3702 2317 3827">
     <span class='ocr_line' id='line_1_116' title="bbox 1400 3702 2317 3766; baseline -0.013 -10"><span class='ocrx_word' id='word_1_674' title='bbox 1400 3708 1619 3761; x_wconf 68' lang='lat' dir='ltr'>Radriouez</span> <span class='ocrx_word' id='word_1_675' title='bbox 1646 3705 1690 3750; x_wconf 84' lang='lat' dir='ltr'>in</span> <span class='ocrx_word' id='word_1_676' title='bbox 1720 3708 1873 3752; x_wconf 69' lang='lat' dir='ltr'>ColleH.</span> <span class='ocrx_word' id='word_1_677' title='bbox 1894 3708 2080 3764; x_wconf 70' lang='lat' dir='ltr'>privileg.</span> <span class='ocrx_word' id='word_1_678' title='bbox 2111 3702 2192 3766; x_wconf 81' lang='lat' dir='ltr'><em>fol.</em></span> <span class='ocrx_word' id='word_1_679' title='bbox 2229 3715 2242 3746; x_wconf 88' lang='lat' dir='ltr'>i</span> <span class='ocrx_word' id='word_1_680' title='bbox 2250 3715 2317 3759; x_wconf 83' lang='lat'>33.</span> 
     </span>
     <span class='ocr_line' id='line_1_117' title="bbox 1451 3763 2317 3827; baseline -0.01 -15"><span class='ocrx_word' id='word_1_681' title='bbox 1451 3769 1698 3826; x_wconf 76' lang='lat' dir='ltr'>Waddtngui</span> <span class='ocrx_word' id='word_1_682' title='bbox 1727 3778 1821 3811; x_wconf 80' lang='lat' dir='ltr'>tom.</span> <span class='ocrx_word' id='word_1_683' title='bbox 1848 3781 1908 3821; x_wconf 83' lang='lat'>¹3-</span> <span class='ocrx_word' id='word_1_684' title='bbox 1939 3769 2084 3812; x_wconf 69' lang='lat' dir='ltr'>annal.</span> <span class='ocrx_word' id='word_1_685' title='bbox 2102 3767 2185 3827; x_wconf 78' lang='lat' dir='ltr'><em>jol.</em></span> <span class='ocrx_word' id='word_1_686' title='bbox 2197 3763 2317 3818; x_wconf 81' lang='lat' dir='ltr'>parl-</span> 
     </span>
    </p>
   </div>
   <div class='ocr_carea' id='block_1_10' title="bbox 1448 3826 2256 3929">
    <p class='ocr_par' dir='ltr' id='par_1_13' title="bbox 1448 3826 2256 3929">
     <span class='ocr_line' id='line_1_118' title="bbox 1448 3826 2256 3929; baseline -0.009 -57"><span class='ocrx_word' id='word_1_687' title='bbox 1448 3838 1515 3872; x_wconf 70' lang='grc' dir='ltr'>ην</span> <span class='ocrx_word' id='word_1_688' title='bbox 1548 3843 1641 3886; x_wconf 75' lang='lat'>¹33·</span> <span class='ocrx_word' id='word_1_689' title='bbox 1673 3829 1720 3878; x_wconf 67' lang='grc' dir='ltr'>θ’</span> <span class='ocrx_word' id='word_1_690' title='bbox 1737 3826 1820 3888; x_wconf 86' lang='lat' dir='ltr'><em>sol.</em></span> <span class='ocrx_word' id='word_1_691' title='bbox 1842 3830 1939 3873; x_wconf 84' lang='lat'>260.</span> <span class='ocrx_word' id='word_1_692' title='bbox 2148 3882 2256 3929; x_wconf 56' lang='lat' dir='ltr'>No-</span> 
     </span>
    </p>
   </div>
  </div>
 </body>
</html>
