2444 4192
839 168 1002 247 Sub
1061 167 1280 252 Sixto
1330 161 1389 243 »I
1409 161 1511 243 V.
1931 189 2094 266 177

1183 307 1286 347 reffe
1307 305 1540 346 deberent,
1561 313 1640 341 nec
1665 298 1868 353 Capitulis
1884 306 2153 352 Generalibus

1182 360 1426 405 subduntur,
1441 356 1643 398 accedere
1660 364 1895 409 teneantur,
1908 364 2066 405 ratione
2090 377 2153 407 ta..

1175 430 1271 460 men
1300 412 1608 459 Parochialium
1624 441 1639 465 ,
1666 425 1737 456 aut
1763 415 1933 459 aliarum
1949 420 2157 464 Ecclefia-

1169 490 1264 520 rum
1280 473 1539 518 Saecularium
1553 473 1679 515 etiam
1705 486 1954 518 annexarum
1970 476 2022 519 de
2031 478 2156 523 beant

1174 535 1228 582 ii,
1241 533 1309 589 qui
1325 531 1487 575 illarum
1514 545 1655 574 curam
1670 542 1819 587 gerunt
1835 561 1849 583 ‚
1872 534 2156 591 quicunque„

1169 593 1232 636 illi
1249 592 1322 634 fint
1339 619 1354 644 ,
1381 592 1551 646 Synodo
1564 589 1756 635 intereffe
1769 606 1829 635 =
1841 592 1934 635 hinc
1949 606 2038 635 cum
2060 598 2162 637 Con-

1170 651 1308 695 cilium
1334 652 1552 707 Regulam
1567 665 1625 694 eos
1639 679 1655 703 ,
1683 654 1755 707 qm·
1767 664 1908 695 curam
1928 651 2162 695 animarum

1171 720 1352 754 exercent
1367 738 1382 761 ,
1394 711 1450 751 ad
1465 709 1831 768 accffamspect'stcc'
1844 711 1999 768 obligat
2016 740 2031 764 ,
2067 713 2163 755 alios

1171 771 1224 813 ab
1248 771 1319 813 illo
1340 772 1528 812 immunes
1549 770 1726 814 declarat
1740 799 1754 822 ‚
1786 771 1893 826 quod
1924 783 2001 813 non
2015 770 2162 827 solam

1172 828 1459 887 Constitutione
1496 832 1711 872 Innocentis·
1739 834 1763 874 1
1779 833 1819 874 V.
1856 830 1993 876 Nimis
2020 829 2158 886 iniqua

1158 889 1294 948 supra
1310 886 1393 948 fil.
1421 901 1491 932 21·
1524 888 1690 932 videnda
1701 888 1912 946 fincitum
1928 889 2023 946 jam
2038 892 2160 946 pm'us

1158 946 1309 1009 fuerat
1323 975 1337 999 ‚
1365 946 1505 992 ver-tim
1524 952 1646 991 etlam
1674 948 1789 991 varia?
1815 948 1983 1007 decisum
2008 951 2052 992 in
2080 952 2162 995 Au.

1172 1007 1345 1052 &oribus
1374 1005 1586 1064 reperitur
1597 1037 1609 1050 .

1290 1069 1427 1123 Neque
1441 1066 1499 1109 ad
1509 1066 1776 1126 conferentur
1788 1070 1951 1114 morales
1963 1097 1980 1119 ,
1995 1067 2078 1125 stu
2091 1080 2160 1110 ca-

1154 1126 1232 1184 ster
1245 1125 1485 1184 conscientie
1498 1124 1549 1168 ab
1574 1128 1768 1186 Epssopt‘s
1785 1130 2000 1184 Regulam
2028 1126 2163 1169 vocari

1163 1185 1296 1244 pff,
1317 1187 1470 1241 probat
1495 1187 1717 1231 luculenter
1733 1188 1933 1241 Refiltm'o
1957 1188 2047 1229 Sac-
2063 1189 2164 1230 Com

1163 1249 1416 1347 {riegatt’ofn‘s
1434 1245 1601 1289 concilii
1621 1250 1664 1290 ln
1676 1246 1861 1304 thafiuro
1878 1243 1993 1303 refil.
2010 1249 2161 1304 tom-13⁸

1190 1318 1215 1346 o
1236 1317 1275 1347 .2
1316 1333 1327 1345 .
1342 1314 1404 1346 tta
1419 1313 1536 1347 exten
1554 1318 1606 1347 a.

1280 1304 1811 1419 {quipendifvffitationis
1844 1367 2069 1409 Sacrorum
2085 1362 2159 1406 Li-

1167 1420 1326 1465 minum
1341 1450 1353 1462 .
1373 1424 1421 1464 In
1438 1420 1639 1464 relatione
1652 1421 1774 1467 statuis
1794 1422 1985 1467 Ecclefiae
2000 1421 2054 1465 de
2070 1429 2167 1464 ruo-⁴

1168 1495 1215 1525 re
1229 1482 1281 1525 sb
1299 1481 1502 1538 Episcopo
1518 1480 1768 1539 Aquipendii
1785 1481 1838 1525 sd
1865 1482 1968 1525 hanc
1985 1484 2156 1526 Sacram

1169 1542 1553 1598 congregationem
1567 1538 1793 1584 transmin'a
1806 1567 1821 1589 ‚
1854 1540 2008 1596 legitur
2019 1540 2071 1583 ab
2085 1553 2161 1582 eo-

1170 1598 1267 1643 dem
1282 1601 1480 1643 institutas
1506 1597 1619 1644 fuisse
1643 1600 1686 1644 in
1715 1602 1782 1644 sua
1804 1598 1977 1644 Dioeceli
1994 1598 2160 1644 Confe-

1169 1660 1323 1703 rentias
1340 1687 1355 1711 ,
1376 1658 1460 1704 five
1473 1659 1831 1716 Congregationes
1851 1672 1927 1716 pro
1938 1657 2163 1702 discutien-

1099 1726 1104 1729 “
1169 1717 1234 1762 dis
1249 1717 1404 1761 cafibus
1423 1718 1700 1771 conscientiae,
1717 1732 1805 1776 quae
1817 1716 1983 1774 [iugulo
1995 1731 2162 1775 quoque

1172 1776 1308 1820 mense
1321 1788 1554 1835 coguntur,
1584 1778 1732 1834 cuique
1760 1776 2068 1834 diligentiffime
2099 1777 2165 1820 in-

1169 1837 1405 1882 terveniunt
1428 1851 1571 1880 omnes
1601 1839 1732 1881 Paroc
1742 1837 1783 1879 hi
1809 1837 1850 1878 δι
1886 1835 2162 1885 Sacerdotes,‘

1169 1896 1316 1953 quibus
1332 1892 1513 1939 fidelium
1531 1894 1863 1939 sacramentales
1889 1891 2160 1936 conseffiones

1169 1951 1507 2004 commiisae'sunt,
1520 1956 1562 1998 δι
1579 1955 1756 2013 reliquus
1781 1950 2163 1997 Ecclefiasticorum

1173 2014 1355 2055 Coetus.

1293 2071 1343 2111 In
1360 2070 1501 2112 eadem
1515 2069 1722 2112 relatione
1743 2071 1920 2113 habetur
1934 2097 1951 2119 ‚
1980 2076 2161 2128 quatuor

1173 2128 1249 2172 effe
1273 2129 1512 2171 Conventus
1547 2127 1820 2183 Regularium
1851 2127 1891 2169 in
1919 2128 2167 2173 civitate-2

1170 2184 1422 2242 Aquipendii
1451 2214 1466 2236 ,
1512 2186 1899 2242 Augustinianorum
1936 2184 2166 2234 videlicet,

1173 2243 1386 2286 Minorum
1410 2243 1763 2298 conventualium
1777 2272 1794 2293 ,
1814 2246 2127 2297 Capucinorum
2149 2271 2167 2294 ,

1174 2302 1216 2344 δι
1230 2301 1400 2345 Patrum
1417 2300 1589 2345 Minoris
1602 2299 1895 2352 Observantiae‚
1910 2302 1950 2344 δι
1971 2302 2164 2358 Religio-

1171 2359 1235 2406 sos
1264 2361 1306 2404 in
1334 2360 1476 2403 iisdem
1491 2359 1685 2417 degentes
1707 2358 1806 2418 saepe
1835 2356 1972 2415 saepius
1989 2375 2070 2405 non
2090 2358 2169 2404 else

1177 2420 1217 2462 in
1247 2421 1452 2464 numeroa
1469 2419 1752 2464 sanctionibus
1793 2419 2040 2475 Apostolicis
2063 2428 2168 2476 pra-3v

1173 2480 1330 2536 scripto
1343 2506 1359 2523 .

1300 2538 1456 2584 Rursus
1473 2538 1512 2582 in
1527 2538 1656 2582 citata
1674 2536 1827 2594 legitur
1845 2537 2168 2590 relatione‚alios

1173 2599 1351 2656 quinque
1382 2596 1458 2644 else
1491 2597 1799 2654 Religiosorum
1835 2599 2079 2642 Conventus
2092 2598 2167 2642 iri-³

1174 2660 1382 2712 Dioecefi,
1411 2656 1706 2701 duos'Patrum
1722 2657 1907 2700 Minoris
1932 2655 2169 2706 Observan,

1175 2720 1269 2771 tiae‚
1295 2719 1469 2762 alterum
1497 2718 1539 2760 in
1565 2719 1695 2760 Terra
1723 2715 1902 2768 Canini,
1927 2714 2107 2760 alterum
2123 2714 2165 2759 in

1177 2781 1308 2824 Terra
1349 2777 1523 2822 Farnefii
1547 2804 1564 2828 ,
1594 2778 1665 2819 ubi
1694 2777 1851 2834 pariter
1884 2775 2022 2820 existit
2051 2778 2170 2820 Con-

1175 2848 1323 2882 ventus
1338 2838 1649 2894 Capucinorum
1665 2865 1677 2877 .
1709 2838 1897 2890 Quartus
1918 2838 2166 2880 Conventus

1175 2897 1234 2940 est
1246 2896 1318 2941 ille
1334 2900 1554 2940 Servorum
1575 2897 1620 2936 Β.
1635 2897 1696 2936 Μ.
1712 2894 1896 2949 Virginis
1913 2922 1928 2944 ,
1961 2893 2030 2950 qui
2049 2893 2162 2938 estin

1175 2959 1308 3000 Terra
1323 2954 1491 3006 Ischiae‚
1515 2954 1557 2997 &
1576 2951 1803 3008 postremus
1832 2951 1889 2994 est
1911 2954 2164 2996 Conventus

1174 3014 1498 3060 Carmelitarum
1512 3012 1555 3054 in
1573 3009 1739 3067 Oppido
1764 3007 2030 3054 Cellularum
2046 3039 2062 3062 ‚
2093 3009 2166 3065 qui

1176 3075 1235 3118 est
1251 3071 1481 3129 Episcopali
1494 3069 1729 3113 Vifitationi
1744 3067 1958 3125 subjeetus.
1975 3067 2166 3111 Tandem

1174 3136 1215 3178 in
1234 3133 1436 3175 relatione
1450 3158 1466 3181 ,
1490 3129 1581 3172 aliis
1609 3127 1879 3186 praetermiffis
1897 3127 2032 3170 dubiis
2046 3155 2060 3179 ‚
2094 3127 2165 3183 qui

1084 3218 1088 3223 ·
1178 3190 1395 3248 specialem
1410 3202 1492 3230 non
1514 3197 1721 3232 merentur
1736 3185 2021 3230 discuffionem
2033 3214 2048 3237 ‚
2069 3199 2167 3240 pro-

1179 3251 1295 3309 ponit
1312 3247 1533 3304 Episcopus
1549 3276 1564 3300 ,
1594 3261 1644 3290 an
1659 3246 1928 3302 Regularibus
1943 3272 1958 3296 ‚
1991 3245 2062 3300 qui
2083 3242 2169 3285 suo.

1183 3325 1275 3354 rum
1318 3307 1570 3352 subditorum
1611 3303 1882 3350 confessiones
1914 3301 2053 3346 audire
2097 3317 2167 3345 cu·

1093 3406 1095 3409 .
1180 3370 1299 3426 piunt
1311 3360 1331 3419 ¹,
1346 3367 1522 3411 liberum
1537 3365 1608 3408 fibi
1621 3365 1668 3408 fit
1681 3367 1721 3407 &
1737 3364 1896 3407 licitum
1912 3391 1927 3414 ,
1960 3361 2168 3404 conditio-

1184 3443 1278 3472 nem
1293 3428 1334 3470 in
1348 3423 1626 3470 concedendis
1641 3423 1907 3466 facultatibus
1927 3419 2157 3478 injungere,

1186 3485 1442 3530 intereffendi
1457 3483 1653 3529 videlicet
1670 3482 1887 3525 menstruis
1903 3479 2169 3538 disceptatio-

1185 3547 1300 3590 nibus
1319 3572 1334 3593 ,
1359 3547 1400 3587 &
1424 3543 1826 3598 Congregationibus
1869 3539 2032 3585 casuum
2060 3553 2164 3584 con-

1187 3605 1383 3649 scientiae.

1315 3664 1400 3706 Pro
1426 3670 1541 3717 parte
1553 3659 1793 3705 affirmativa
1822 3658 2038 3718 'ponderari
2058 3653 2164 3720 posse

1200 3722 1390 3773 videtur,
1423 3721 1463 3763 id
1479 3734 1559 3762 non
1574 3719 1651 3763 effe
1663 3734 1845 3764 novum:
1871 3718 1988 3763 clarae
2015 3723 2164 3758 etenim

1199 3781 1401 3824 memoriae
1417 3780 1647 3824 Cardinalis
1662 3780 1714 3824 de
1731 3784 1843 3826 Luca
1870 3782 1914 3822 in
1928 3771 2164 3869 Annqiaiio·

1724 3842 1761 3884 Z
1994 3843 2036 3873 m
2063 3841 2087 3869 u
