2444 4192
342 215 395 271 x

280 339 365 388 bus
388 333 615 387 Ordinem
648 329 857 382 nostrum
887 341 906 392 ’,
941 331 1165 386 Minorunr
1197 335 1402 405 epitheto
1438 331 1621 403 privare
1648 368 1665 393 ,
1695 330 1861 385 frustra
1892 331 1982 384 fuit
2006 330 2278 400 quaesitum,

280 407 331 459 ὅ(
362 407 499 458 firma
526 401 723 455 confistit
749 402 1034 458 Constitutio
1062 408 1194 457 Pauli
1225 411 1290 457 V.
1333 407 1549 472 incipiens
1578 405 1767 474 Ecclqfiae
1809 404 2058 456 Militantis
2085 419 2195 454 tomo
2230 422 2275 452 1·

275 493 476 547 pag-57·
508 473 736 531 videnda,
761 472 811 524 ὅ(
839 471 1099 541 sequentem
1135 476 1478 544 paragraphum
1513 478 1817 527 concludens:
1846 474 1945 525 Nos
1981 510 1996 525 .
2034 510 2050 525 .
2083 510 2098 525 .
2135 510 2149 524 .
2185 491 2276 524 cuns

292 549 598 599 Venerabilium
629 545 831 595 Fratrum
858 546 1079 610 nestrorum
1111 546 1276 596 SanHae
1315 545 1517 596 Romana
1546 547 1732 619 Ecclefiae
1759 546 2049 598 cardinalium
2077 580 2094 604 ,
2132 545 2277 596 Conci·

278 621 337 669 lii
385 620 637 672 Tn’dentini
666 615 948 682 Interpretum
984 616 1151 676 confilio
1182 651 1200 675 ,
1233 614 1401 666 matura
1425 615 1722 668 deliberatione
1761 617 1912 669 habitas
1938 653 1956 678 ,
1986 617 2067 666 hac
2097 618 2274 684 rufin-‚³
2359 648 2362 652 -

269 696 468 758 perpetua
502 689 702 740 valitura
731 686 1031 753 Constitutione
1045 723 1063 747 ,
1089 686 1341 737 artHoritate
1365 687 1610 755 Apo-Holica
1637 690 1896 740 declaramus
1924 723 1943 748 ,
1981 687 2159 737 Fratres
2187 686 2273 736 Ca-

268 766 439 828 pacinos
463 760 538 828 ff
572 763 678 810 ver?
712 758 889 807 Fratres
913 756 1109 808 Minores
1139 793 1155 807 .
1191 760 1453 808 Decretalcs
1481 793 1500 818 ‚
1571 778 1638 811 uae
1670 765 1837 811 Beatos
1872 758 2080 810 Fidelem
2110 758 2139 806 ὲ
2167 759 2272 826 Sig-

272 835 483 901 maringa
510 867 526 889 ,
563 833 965 894 Protomartyrem
994 865 1011 888 ,
1036 827 1301 899 josephum
1328 830 1355 878 εἰ
1382 778 1587 880 Leonilsa
1615 865 1632 889 ,
1678 830 1729 882 ἃ
1755 833 1957 881 Felicem
1993 829 2021 878 ὲ
2058 830 2272 878 Cantali-

272 907 348 952 cio
381 940 397 961 ,
440 903 700 968 Capucinos
736 936 752 959 ,
797 900 1074 950 Sanstorum
1120 898 1381 950 Ordinibus
1412 897 1650 968 inscriptos
1685 916 1948 952 memorant
1975 934 1993 958 ‚
2037 915 2117 949 eos
2159 898 2266 949 Pro-

254 974 436 1043 sefflres
469 973 645 1022 Ordinis
698 971 900 1021 Fratrum
940 971 1162 1021 Minorum
1208 970 1338 1020 Beati
1386 970 1601 1038 Francifii
1636 1006 1654 1031 ,
1694 977 1766 1041 qui
1804 973 2007 1040 Capacint'
2040 984 2271 1038 nuncupan-

266 1065 338 1093 tur
357 1080 373 1102 ,
406 1058 572 1093 vocant
607 1079 621 1091 .
658 1047 787 1093 Dum
819 1041 1227 1111 impraesentiarum
1267 1058 1352 1109 pro
1380 1040 1613 1110 apotheosi
1649 1043 1864 1112 prodigia
1900 1041 2030 1092 Beati
2063 1042 2274 1109 Seraphi-

265 1119 313 1164 ni
349 1116 376 1163 ὲ
405 1118 571 1164 Monte
606 1114 838 1163 Granario
869 1149 885 1173 ,
921 1111 999 1164 seu
1036 1113 1093 1163 ab
1126 1111 1302 1163 Asculo
1329 1147 1345 1170 ,
1375 1110 1425 1164 ἃ
1450 1129 1535 1180 pro
1577 1109 1705 1162 sacro
1737 1113 1912 1163 honore
1949 1111 2145 1162 virtutes
2179 1115 2270 1162 Ve-

263 1204 360 1235 ner.
391 1188 479 1236 Dei
511 1190 769 1235 Servorum
797 1186 1031 1235 Laurentii
1061 1185 1089 1232 ὲ
1115 1181 1373 1234 Brundusio
1403 1219 1419 1242 ‚
1459 1182 1510 1234 ὅ(
1552 1183 1772 1234 Bernardi
1805 1185 1831 1233 ὲ
1862 1185 2095 1235 Corleone
2120 1218 2138 1242 ,
2180 1186 2276 1233 Ca-

261 1256 570 1324 pucinorum,
600 1258 646 1303 in
677 1254 805 1306 sacro
844 1257 1043 1307 Rituum
1069 1251 1274 1306 consessu
1308 1252 1695 1315 discutiuntur&
1722 1253 1996 1323 profeffione
2033 1253 2277 1305 Fratrum...

261 1324 509 1378 Maurum
554 1328 746 1378 illorum
777 1328 877 1376 vita
908 1325 1262 1378 commendatur
1289 1362 1305 1377 .
1350 1326 1566 1377 Muricen
1608 1325 1816 1377 Ecclefiae
1851 1325 1966 1378 dum
2009 1331 2152 1381 Sacra
2192 1328 2273 1376 Se-

261 1397 344 1446 des
388 1397 619 1447 Fratribus
656 1396 884 1449 Anselmo
921 1400 947 1447 d
990 1402 1209 1448 Matzato
1232 1433 1250 1457 ,
1285 1398 1497 1448 Antonio
1527 1396 1779 1448 Barberino
1813 1397 1842 1447 ὲ
1883 1397 2119 1448 florentia
2145 1431 2163 1455 ,
2215 1393 2269 1449 ὅ(

263 1466 511 1519 Francisco
539 1470 702 1519 Mariae
735 1468 793 1518 ab
828 1470 996 1519 Aretio
1028 1469 1279 1536 Capucinis
1307 1466 1552 1519 destinavit
1569 1503 1586 1526 ,
1603 1466 1652 1520 ὅ(
1681 1469 1836 1537 plures
1863 1470 2129 1536 Capucinos
2154 1469 2277 1535 My-

263 1553 336 1589 tra
368 1535 685 1590 Ecclefiasticae
714 1539 996 1590 Hierarchiae
1030 1538 1293 1611 insignivit,
1316 1556 1392 1590 eos
1418 1539 1469 1589 de
1489 1539 1652 1590 Ordine
1678 1538 1887 1590 Fratrum
1917 1538 2142 1591 Mineruia
2158 1555 2276 1589 con-

263 1608 481 1661 fistoriale
509 1610 792 1677 preconium
823 1612 1064 1679 vulgavit.

405 1686 534 1732 Dum
563 1682 792 1750 Capucini
828 1681 1022 1732 Ordinis
1056 1680 1323 1733 reformatio
1348 1681 1374 1732 ὲ
1404 1682 1651 1732 Clemente
1686 1683 1813 1734 vn.
1838 1680 2272 1750 approbata310cus
2345 1736 2352 1744 ,

267 1753 315 1801 in
347 1754 420 1803 Ca
481 1752 543 1803 lla
566 1750 806 1804 Pontificia
837 1753 865 1802 ὲ
892 1752 1141 1805 Βεοεάἰᾶο
1176 1756 1333 1805 xm.
1362 1754 1406 1803 ei
1438 1750 1702 1814 concessum
1729 1751 1779 1804 ἃ
1811 1751 2067 1821 Apostolici
2097 1751 2275 1820 Pulpiti

268 1824 403 1891 provi
439 1841 472 1873 o
502 1823 528 1871 ὲ
564 1823 767 1894 gloriose
804 1839 1022 1894 regnante
1070 1829 1335 1876 Beneorcro
1375 1827 1523 1875 XIV.
1574 1825 1620 1872 in
1653 1836 1928 1894 perpetuum
1958 1820 2048 1875 fuit
2085 1837 2275 1874 concre-

264 1895 365 1943 dita
385 1928 402 1952 ,
436 1897 668 1962 Capucini
697 1892 905 1962 semper,
936 1897 1115 1947 Ordinis
1142 1894 1371 1948 Minorem
1404 1893 1653 1963 Prosefflres
1679 1892 1810 1946 fuere
1838 1894 2155 1963 nuncucupati
2176 1927 2193 1953 ,
2223 1890 2275 1944 δι

267 1966 408 2014 Ordo
435 1967 704 2034 Capucinus
727 2001 744 2023 ‚
774 1964 951 2036 semper
974 1967 1176 2019 identico
1211 1967 1407 2018 Ordinis
1438 1966 1638 2017 Fratrum
1661 1965 1883 2017 Minorem
1917 1967 2057 2016 titulo
2083 1962 2174 2015 fuit
2199 1962 2277 2012 de·

264 2050 452 2086 coratus
482 2073 496 2085 .
530 2035 856 2105 Apostolicum
893 2040 1115 2108 Diploma
1146 2038 1204 2089 de
1238 2038 1422 2089 Ordine
1455 2039 1700 2101 Capucino
1733 2053 1826 2083 non
1863 2035 2088 2101 reperitur
2114 2067 2131 2091 ,
2179 2047 2275 2099 quo

260 2109 359 2168 ejus
387 2124 496 2155 cum
524 2107 707 2156 Ordine
739 2110 957 2156 Fratrum
987 2111 1237 2156 Minorum
1268 2106 1419 2154 unitas
1449 2119 1541 2152 non
1570 2103 1901 2169 depraedicatur
1928 2123 1943 2151 ε
1996 2102 2184 2152 Λιιᾶοι·
2214 2100 2275 2151 de

259 2176 504 2225 Minoritis
540 2176 640 2244 agit
663 2178 764 2237 jam
797 2177 953 2224 nullus
975 2208 994 2231 ,
1026 2176 1108 2238 qui
1138 2172 1263 2221 Asta
1297 2170 1651 2235 Capucinorum
1676 2169 1804 2219 libris
1832 2167 1922 2218 suis
1946 2185 2037 2219 non
2066 2172 2270 2220 commi-

262 2243 385 2294 sceat
402 2277 420 2301 .
449 2256 532 2292 aut
565 2254 747 2309 partem
776 2241 975 2291 Ordinis
1006 2239 1283 2291 Minoritani
1313 2240 1361 2288 in
1384 2237 1565 2289 Ordine
1597 2239 1843 2307 Capucino
1870 2255 1963 2290 non
1990 2237 2238 2292 constituat
2256 2274 2272 2291 .

262 2312 477 2364 Eundem
499 2329 608 2363 cum
640 2310 878 2362 Fratribus
910 2310 1175 2362 Minoribus
1205 2313 1388 2361 Patrem
1404 2343 1423 2368 .
1443 2313 1504 2361 D.
1531 2306 1857 2367 franciscum,
1876 2312 2105 2379 Capucini
2142 2328 2269 2364 reve-

261 2399 419 2434 rentur
438 2420 452 2443 ,
486 2382 676 2434 eandem
705 2399 815 2431 cum
832 2384 932 2432 aliis
950 2380 1185 2433 Fratribus
1212 2379 1476 2431 Minoribus
1497 2380 1728 2451 Regulam
1758 2377 2065 2450 profitentur,
2096 2379 2147 2435 δι
2170 2400 2271 2434 om·

264 2456 340 2503 nia
368 2457 456 2505 alia
487 2487 504 2512 ‚
540 2471 643 2522 quae
673 2451 962 2504 identitatem
991 2453 1187 2504 Ordinis
1227 2465 1390 2502 notant
1418 2485 1436 2511 ,
1462 2454 1727 2521 exprimunt
1754 2485 1771 2510 ‚
1808 2450 2132 2504 constituentes
2163 2471 2263 2504 cor-

261 2543 346 2593 pus
378 2524 736 2578 Hierarchicum
755 2560 772 2583 ‚
803 2541 896 2575 non
924 2523 1111 2593 quidem
1148 2521 1440 2592 separatum,
1476 2520 1551 2573 sed
1580 2522 1766 2591 corpori
1797 2524 2011 2590 primitus
2034 2527 2137 2587 jam
2167 2522 2260 2576 for-

260 2610 389 2646 mato
421 2613 498 2665 per
535 2596 824 2666 legitimam.
853 2594 903 2647 ἅ
927 2600 1064 2660 juata
1088 2595 1374 2645 enuntiatam
1401 2595 1531 2645 Pauli
1552 2596 1613 2645 V.
1649 2590 2042 2646 Constitutionem
2061 2610 2140 2662 per
2154 2615 2261 2646 aaa·

261 2685 382 2736 quus
412 2673 689 2733 interruptam
717 2667 871 2717 linem
897 2668 1079 2718 unitum
1098 2700 1112 2715 .
1151 2663 1261 2717 lmo
1294 2662 1327 2715 fi
1355 2682 1452 2715 rem
1482 2665 1680 2733 penitius
1708 2661 2030 2732 inspiciamus.
2055 2669 2158 2717 Nos
2191 2669 2261 2718 al-

266 2739 384 2788 tiore
419 2742 521 2801 jure
552 2737 795 2789 Minoritoe
825 2772 842 2797 ‚
874 2739 1014 2806 qutlm
1044 2737 1274 2805 Capucini
1309 2750 1523 2788 extamus
1552 2770 1570 2794 .
1613 2753 1721 2787 nam
1760 2733 1874 2786 dum
1911 2734 1970 2786 ab
2002 2752 2085 2788 ore
2116 2736 2267 2789 infan-

264 2810 385 2859 tium
417 2843 433 2866 .
471 2807 521 2860 ἀ
552 2806 807 2859 ἀὶῐίἰοὲὶίνει
838 2806 1041 2861 Habitsss
1067 2807 1204 2858 nostri
1236 2821 1363 2876 parte
1398 2806 1625 2876 Capucini
1658 2805 1882 2858 duntaxat
1913 2824 2268 2877 nuncupamur,

268 2880 504 2929 Minoritae
533 2893 719 2930 econtra
753 2897 807 2929 ex
839 2895 951 2931 vera
980 2877 1137 2931 Sanftl
1170 2878 1317 2929 Patris
1345 2874 1573 2931 francisci
1597 2878 1842 2929 Filiatione
1874 2874 1925 2930 ἃ
1960 2880 2146 2950 Regula
2181 2898 2267 2931 vo·

272 2966 434 3000 camur
461 2948 510 3001 ἀ
546 2948 733 3001 sumus.

413 3022 570 3079 Hine.
605 3019 636 3072 si
664 3019 894 3072 Ordinem
925 3036 1262 3090 quemcumque
1290 3019 1486 3073 Ordinis
1518 3018 1760 3090 privilegia
1786 3015 2063 3078 srui.etiam
2092 3021 2156 3081 ii.
2188 3023 2269 3090 qui

274 3087 365 3140 sola
390 3093 502 3153 Juris
546 3093 701 3142 limina
729 3088 1014 3151 salutirunt.
1047 3092 1189 3160 probe
1221 3089 1414 3143 noscunt
1439 3125 1456 3149 .
1484 3089 1717 3141 Ordinem
1755 3091 2050 3160 Capucinum
2089 3091 2148 3143 ab
2176 3094 2269 3144 Or·

271 3161 389 3212 dinis
421 3159 486 3211 sui
517 3163 788 3213 Minoritani
819 3165 1139 3232 praerogativis
1178 3181 1315 3213 nemo
1342 3160 1584 3214 excludett
1624 3162 1721 3212 imo
1748 3158 1806 3211 εὸ
1835 3164 2001 3213 certior
2026 3161 2166 3213 debet
2200 3177 2269 3215 te·

273 3235 368 3281 neri
397 3232 543 3282 nostra
589 3235 754 3284 harum
786 3236 1058 3285 communio
1093 3269 1108 3293 .
1150 3232 1245 3303 qud
1280 3231 1478 3285 severior
1517 3230 1677 3283 nostr·
1718 3233 1906 3302 Regula·
1938 3230 2267 3285 observantia..

273 3300 432 3369 pallini
461 3305 813 3354 commendatur
832 3339 847 3364 ,
883 3304 931 3357 ἀ
995 3303 1056 3354 uo
1094 3304 1288 3356 strima-
1316 3306 1440 3376 leges
1471 3301 1631 3356 nostre
1661 3299 1969 3364 distinctiva.
1996 3301 2092 3356 live
2118 3307 2267 3357 muni·

274 3373 440 3439 cipales
471 3375 659 3439 puritati
693 3376 824 3438 hujus
852 3392 958 3426 acce
997 3389 1108 3427 unt.

419 3444 703 3495 intravimus
747 3445 935 3513 quidem
972 3463 1083 3496 cum
1119 3444 1267 3498 nostra
1306 3443 1632 3498 reformatione
1663 3444 1987 3497 Minoriticam
2027 3445 2266 3501 Vineam..

276 3511 462 3570 ultimi.
486 3517 705 3581 operariis
742 3529 900 3566 autem
942 3517 1030 3568 illis
1064 3516 1306 3588 Evangelii
1337 3551 1354 3575 .
1390 3533 1506 3586 quos
1539 3512 1867 3568 Paterfamilias
1903 3515 2109 3586 primam
2140 3521 2262 3571 circa

275 3581 566 3633 undecimam
595 3585 755 3635 horam
780 3585 838 3636 ad
867 3587 1009 3638 vinee
1046 3585 1130 3638 sua
1160 3590 1392 3638 culturam
1423 3588 1593 3658 legavit
1614 3621 1631 3645 .
1666 3584 1717 3639 ἀ
1745 3588 1790 3638 in
1816 3585 2037 3657 stipendio
2055 3588 2155 3639 aliis
2176 3592 2261 3659 pri·

273 3667 355 3702 sno
384 3650 515 3701 mani
556 3653 793 3703 continetis
817 3690 831 3713 .
857 3657 904 3708 ἀ
940 3656 1139 3725 pondere
1162 3658 1252 3708 diei
1278 3658 1325 3710 ἅ
1352 3655 1479 3709 antu
1516 3654 1678 3709 lassatis
1712 3659 2008 3727 equiparavit
2038 3693 2054 3719 .
2096 3658 2256 3712 similes

273 3736 356 3773 uos
378 3718 564 3772 effectos
591 3724 852 3793 gloriamur
883 3760 900 3785 .
931 3728 981 3779 ἁ
1018 3728 1179 3780 invido
1212 3730 1451 3781 conamine
1498 3729 1543 3779 in
1581 3729 1741 3781 nostra
1784 3727 1916 3781 sortis
1951 3728 2001 3783 ἃ
2048 3729 2248 3798 stipendii

271 3789 526 3862 apostolici
554 3799 638 3844 ulu
679 3796 855 3847 turbari
890 3813 981 3847 non
1013 3800 1219 3850 valemus
1240 3835 1254 3850 .
1286 3800 1458 3852 'reatui
1500 3797 1625 3852 sacro
1652 3800 1683 3852 li
1716 3799 1968 3854 insistamus
1996 3834 2011 3862 ‚
2048 3799 2254 3856 fastum-⁴

2092 3876 2175 3924 Ρα-
