2444 4192
356 193 467 247 xl!

304 326 382 375 alii
411 342 514 375 eam
541 325 620 374 vel
653 325 895 374 cum—vel
927 322 1018 374 fine
1046 322 1179 375 causa
1209 323 1459 375 excludunt
1492 342 1507 371 ε
1542 320 1592 372 ὅ(
1620 357 1638 381 ,
1672 336 1724 372 ut
1752 323 1909 391 paucis
1936 322 2086 371 multa
2119 320 2305 377 dicam,

301 393 412 464 φιό-
440 400 615 459 majore
639 393 742 445 nisu
761 397 1014 466 Regulam
1042 396 1169 445 illam
1197 408 1523 464 propugnant,
1540 392 1598 443 eo
1627 394 1908 463 angustiores
1933 392 1991 440 ad
2019 393 2188 442 limites
2210 396 2306 442 Cu-

301 470 383 517 riae
407 464 731 517 Ecdefiasticae
767 484 869 516 eam
900 465 1173 516 coarflant.
1212 470 1340 519 Hinc
1364 482 1421 514 ex
1448 478 1575 515 tanta
1607 466 1960 535 privilegiorum
1992 462 2307 512 communica-

299 553 463 589 torum
504 535 739 607 farragine
771 570 791 595 ,
842 552 975 587 tomo
1027 537 1136 586 huic
1177 554 1345 605 paucas
1382 533 1432 587 ἃ
1470 536 1572 585 illas
1617 534 1862 585 dumtaxat
1908 530 2307 589 constitutiones,

394 627 498 659 rum
527 609 890 658 communicatio
923 625 978 657 ex
1003 611 1239 658 communi
1283 605 1548 657 AuRorum
1580 604 1673 656 fide
1702 639 1720 664 ,
1760 619 1883 655 certa
1918 602 1968 654 ἃ
2011 603 2309 653 indubitata...

327 682 604 750 opponitur,
636 696 691 728 ac
718 678 890 729 Ordini
917 673 1072 727 nostro
1102 677 1352 735 conducit,
1383 674 1654 726 immisceo.
2280 700 2284 706 ·

444 754 518 801 Ex
544 766 640 817 quo
671 765 779 798 meo
811 748 992 799 delectu
1028 782 1047 806 ,
1083 751 1158 798 vel
1188 750 1326 798 etiam
1357 746 1571 815 neglestu
1601 744 2011 796 communicationi
2043 742 2310 811 privilegio&

298 841 408 874 rum
437 838 521 870 nec
550 820 827 888 derogatum
857 855 873 877 ,
911 836 997 867 nec
1028 818 1373 884 praejudicatum
1402 819 1541 884 cupio
1571 851 1589 875 ,
1615 834 1724 866 cum
1756 831 1861 866 tum
1902 816 1978 864 ille
2001 849 2018 872 ,
2045 827 2150 862 tum
2183 814 2263 862 iste
2284 845 2304 870 ,

296 911 355 943 ex
382 893 613 961 precipuo
647 888 847 938 vitanda
872 886 1148 937 confusionis
1171 890 1355 938 motivo
1385 886 1620 936 dimanent
1647 921 1665 944 ,
1684 883 1894 953 ‚aliasque
1939 883 2112 934 Ordini
2147 882 2301 933 nostro

295 981 379 1032 pet
409 960 653 1029 privilegia
685 962 813 1008 Mari
841 962 1020 1026 Magno
1048 960 1292 1007 Minor-um
1325 953 1491 1005 inserta
1523 991 1541 1015 ,
1587 970 1669 1005 aut
1696 954 1807 1004 alias
1836 955 2007 1004 ordini
2054 956 2305 1004 Minorita-

293 1050 357 1082 no
399 1027 601 1080 conceffa
625 1061 642 1084 ,
678 1027 957 1077 sufficienter
983 1025 1223 1094 provisum
1257 1025 1505 1083 videatur,
1529 1027 1639 1091 quin
1668 1025 1773 1071 hinc
1802 1024 1906 1072 inde
1935 1022 2132 1090 dispersa
2158 1026 2303 1091 inqui·

293 1119 397 1153 rere
430 1100 677 1150 debeamus
713 1133 728 1147 .
759 1095 958 1148 AEstimo
990 1098 1117 1146 illam
1154 1132 1170 1156 ,
1207 1114 1292 1146 ceu
1325 1093 1563 1164 specialem
1598 1094 1796 1163 gratiam
1818 1128 1835 1151 ,
1876 1090 1966 1161 quii
1996 1093 2306 1161 Apostolica...

291 1172 435 1223 Sedet
461 1171 680 1235 equalem
708 1183 820 1236 erga
862 1167 1116 1237 Regulares
1149 1165 1368 1217 affestum
1412 1165 1605 1235 probare
1634 1163 1789 1214 voluit
1819 1199 1836 1223 ,
1881 1178 1933 1215 ut
1968 1199 1985 1222 ,
2016 1161 2132 1214 ficut
2162 1163 2305 1216 teste·

290 1242 551 1310 Pignatello
575 1253 676 1286 tom.
691 1256 738 1287 x.
770 1236 989 1305 consideat.
1026 1257 1069 1287 ι.
1085 1235 1178 1306 fil.
1213 1256 1260 1301 3.
1290 1238 1372 1287 col.
1399 1256 1441 1287 ι.
1472 1255 1585 1287 num.
1614 1245 1696 1285 26.
1737 1235 1980 1304 Religiones
2012 1254 2146 1284 omnes
2169 1254 2306 1305 cqua-

292 1312 398 1360 liter
433 1309 627 1376 insidant
660 1343 677 1367 ,
711 1307 904 1378 quelibet
918 1313 1063 1374 juxta
1085 1314 1299 1376 propriam
1326 1309 1514 1377 regulam
1544 1344 1560 1367 ,
1594 1322 1671 1374 pro
1688 1306 1884 1375 fimitio
1918 1305 2106 1374 Ecclfsiae
2138 1342 2155 1367 ,
2190 1312 2302 1359 ita-³

292 1385 421 1432 ceia-
446 1380 661 1450 equaliter
684 1394 884 1447 conpotes
894 1380 989 1447 fiat
1022 1398 1071 1429 ιιι·
1108 1383 1339 1448 participes
1354 1380 1679 1449 Apostolicorum
1700 1378 1983 1445 conceffi'onum
2001 1397 2014 1425 ε
2032 1394 2122 1427 non
2155 1375 2299 1430 semel

290 1455 432 1504 etiam
459 1451 507 1501 in
534 1449 672 1500 cursu
702 1449 751 1502 δι
779 1450 898 1501 notia
928 1450 1061 1515 hujus
1092 1453 1211 1502 tomi
1247 1450 1326 1503 illi
1354 1466 1461 1502 utor
1480 1487 1497 1511 ‚
1537 1465 1615 1509 ut,
1633 1468 1732 1518 φιτ
1762 1452 1916 1500 minua
1948 1448 2092 1499 solida
2126 1451 2172 1499 in
2206 1452 2304 1500 Mi·

290 1522 514 1574 noritania
539 1521 726 1571 indultis
759 1521 1004 1581 videntur,
1032 1524 1167 1583 hujus
1200 1522 1481 1573 adminiculo
1516 1522 1847 1585 coadjuvemur
1886 1541 1899 1570 t
1938 1521 2043 1571 hinc
2073 1538 2175 1571 eam
2204 1521 2296 1571 in..

290 1595 429 1662 pleno
464 1593 631 1643 robore
661 1590 744 1642 suo
772 1594 982 1661 relinquo
1013 1628 1031 1652 ,
1076 1592 1287 1662 illiusque
1317 1592 1450 1644 usum
1481 1610 1566 1662 pro
1597 1591 1771 1642 calibus
1804 1627 1821 1651 ,
1858 1593 1903 1641 in
1940 1592 2104 1660 quibua
2148 1593 2297 1661 privi-

290 1667 466 1737 legium
501 1665 899 1714 communicatum
931 1666 1097 1716 meliua
1126 1666 1383 1736 allegatur,
1418 1666 1556 1733 quim
1585 1664 1764 1713 nullum
1787 1693 1805 1720 ,
1831 1662 2111 1712 commendo
2130 1697 2143 1712 .

431 1733 799 1786 constitutiones
831 1748 989 1785 autem
1021 1771 1038 1794 ,
1067 1754 1167 1804 φιτ
1195 1739 1449 1807 Regularea
1482 1732 1739 1804 promiscue
1774 1748 1971 1803 tangunt
1995 1767 2013 1792 ,
2048 1731 2099 1785 ἀ
2128 1732 2188 1783 ad
2231 1749 2298 1783 re·

288 1806 464 1878 gularia
499 1803 747 1873 discipline
773 1807 953 1856 cultum
979 1808 1224 1858 collimant
1259 1844 1275 1867 ,
1307 1807 1586 1858 Minoriticia
1616 1802 1907 1856 commisceri
1944 1840 1961 1864 ,
2003 1807 2165 1854 nemo'
2194 1801 2295 1854 suc-

290 1874 517 1927 censebit:
554 1874 807 1927 consulitur
841 1878 963 1927 enim
996 1880 1099 1928 exin
1129 1878 1267 1929 statiis
1306 1880 1445 1929 nostri
1475 1877 1731 1947 paupertati
1761 1874 1811 1928 Gt
1845 1874 2103 1927 commodo
2138 1894 2151 1924 t
2185 1892 2294 1943 pau-

291 1949 461 2017 pertati
484 1982 502 2005 ‚
535 1965 625 2015 qua
661 1948 794 2017 ligati
839 1948 954 1998 dum
988 1950 1243 2000 veneranda
1281 1950 1503 2021 regularia
1536 1948 1713 1999 Politiae
1747 1946 1950 1996 instituta
1985 1982 2003 2005 ,
2039 1963 2138 2012 quai
2177 1946 2297 1994 nulli

286 2019 596 2070 sacerdotum
632 2020 823 2068 Domini
859 2017 934 2069 seu
984 2022 1291 2088 Regularium
1325 2024 1536 2086 ignorare
1567 2015 1634 2064 fat
1672 2015 1736 2063 est
1766 2047 1783 2071 ‚
1819 2031 1899 2083 per·
1935 2017 2110 2065 multos
2150 2013 2296 2064 libros

286 2087 483 2156 dispersa
514 2090 589 2137 vel
617 2105 703 2136 aere
742 2089 815 2134 vel
852 2102 936 2135 ore
967 2089 1189 2156 colligere
1220 2102 1313 2136 non
1340 2088 1586 2141 valemus,
1611 2084 1792 2140 hinet
1822 2083 1958 2133 turba
1985 2083 2220 2144 extr-afta,
2245 2082 2298 2136 ἃ

284 2158 402 2210 serie
443 2157 775 2222 chronologica
799 2155 847 2200 in
874 2155 1067 2201 naricum
1092 2167 1280 2201 tomum
1319 2149 1533 2220 congesta
1567 2150 1823 2217 reperimus
1856 2170 1869 2199 ε
1908 2153 2162 2203 commodo
2209 2170 2292 2203 au-

287 2244 388 2280 tem
422 2259 440 2284 ‚
473 2224 591 2273 dum
622 2255 640 2279 ,
670 2238 774 2290 quat
802 2234 991 2270 manent
1018 2219 1277 2288 praescripta
1308 2254 1324 2279 ‚
1354 2222 1400 2271 in
1432 2223 1538 2271 loco
1569 2221 1834 2271 authentico
1870 2220 2185 2291 conspicimus
2214 2242 2288 2274 ex·

286 2292 521 2368 pressa,&
543 2328 559 2351 ,
587 2309 688 2360 φιτ
715 2290 906 2342 creduli
937 2288 1229 2359 praetenfione
1258 2294 1500 2360 aliquoties
1530 2293 1782 2362 allegamus
1810 2307 1935 2343 certa
1971 2327 1988 2351 ‚
2022 2294 2287 2346 invenimua

289 2369 337 2418 in
373 2370 587 2417 Romano
678 2379 738 2431 po
771 2361 830 2412 ad
861 2359 1161 2413 directionem
1197 2362 1398 2414 nostram
1431 2362 1603 2414 caduca
1635 2364 1708 2413 vel
1744 2360 2010 2423 nulla‚'&,
2040 2381 2138 2432 φιτ
2171 2383 2288 2416 non-

292 2452 527 2505 nunquam
552 2435 597 2483 in
652 2450 736 2483 oro
766 2431 817 2485 ἅ
854 2435 1014 2484 Curiis
1049 2431 1252 2484 exhiberi
1280 2448 1500 2505 oportet,
1534 2433 1626 2485 {ine
1653 2435 1791 2505 longa
1821 2434 2033 2505 indagine
2061 2437 2107 2486 in
2133 2453 2290 2506 prom·

286 2524 371 2579 ptu
410 2504 629 2557 habemus
656 2502 871 2555 Rovnma
897 2501 1084 2555 censurii
1116 2506 1303 2556 limata.

429 2580 499 2628 Ex
529 2590 625 2644 quo
653 2574 769 2625 dum
794 2575 872 2625 alii
898 2576 1051 2644 operia
1082 2575 1376 2644 imprimendi
1404 2572 1712 2627 neceffitatem
1747 2573 1998 2649 agnoscent
2023 2611 2040 2636 ‚
2069 2579 2148 2629 alii
2179 2596 2286 2630 con·

287 2665 450 2701 nexam
481 2647 603 2697 illiua
644 2646 893 2696 utilitatem
931 2644 1171 2697 advertent
1205 2681 1222 2706 ,
1268 2664 1359 2698 non
1404 2645 1552 2699 solum
1596 2645 1768 2699 Ordini
1809 2649 2051 2715 Capucino
2089 2652 2287 2716 peculia·

288 2738 420 2777 rem,
447 2716 522 2768 sed
555 2717 693 2768 etiarn
725 2717 772 2766 in
809 2717 924 2768 alios
949 2751 967 2777 ‚
1005 2718 1124 2767 inter
1156 2734 1273 2788 quoa
1302 2718 1656 2789 privilegiorum
1687 2717 1820 2789 viget
1854 2721 2124 2770 communio
2160 2756 2178 2780 ,
2212 2722 2287 2773 di-

285 2803 581 2843 manantem.

430 2858 578 2912 Posita
611 2855 716 2909 sunt
741 2859 995 2918 nonnulla,
1031 2875 1135 2928 qun
1173 2859 1247 2910 vel
1281 2857 1466 2929 prorsna
1494 2856 1826 2929 supervacanea
1855 2895 1873 2920 .
1912 2863 1988 2912 vel
2028 2862 2180 2914 minua
2212 2880 2286 2913 ne·

288 2927 470 2981 cellaria
512 2928 791 2981 videbuntur
818 2962 836 2988 .
867 2944 1029 2998 utpote
1056 2932 1353 2997 Capueinum
1393 2929 1625 2983 Ordinem
1660 2946 1742 2982 aut
1778 2947 2011 2984 non-aut
2047 2935 2123 2984 vix
2153 2935 2288 2983 attin-

286 3003 441 3073 gentia
472 3035 487 3050 .
539 3003 647 3052 Sine
685 2996 774 3050 fine
807 2997 860 3052 ἀ
888 3002 1072 3052 motivo
1106 3034 1123 3059 .
1156 3003 1228 3053 vel
1273 3002 1493 3054 historice
1531 2999 1801 3054 eruditioni·
1827 3037 1844 3063 ‚
1894 3004 1966 3054 vel
2012 3003 2279 3056 Monasticae

289 3072 501 3122 utilitatis
531 3067 859 3140 transcriptum
893 3069 957 3122 est
988 3071 1136 3130 nihil3
1171 3072 1308 3133 hinc.
1345 3090 1446 3144 que
1469 3073 1610 3142 aliqui
1644 3069 1723 3123 fibi
1765 3071 1995 3143 luperflua
2018 3072 2283 3136 censebunt,

289 3141 535 3211 placebunt
581 3142 681 3193 aliia
723 3157 809 3192 eeu
850 3138 929 3192 fibi
963 3139 1199 3194 neceffaria
1231 3177 1248 3204 ‚
1281 3141 1330 3196 ἀ
1374 3146 1530 3195 omnia
1566 3143 1885 3213 approbabunt
1930 3145 1960 3195 ii
1993 3179 2010 3204 .
2046 3146 2125 3215 qui
2174 3149 2286 3198 anti·

287 3231 376 3280 qua
406 3225 708 3263 monumenta
740 3210 800 3262 ad
836 3211 1068 3264 historiam
1105 3247 1122 3272 .
1158 3231 1256 3284 φιτ
1292 3229 1421 3266 muta
1462 3228 1728 3282 temporum
1768 3214 1888 3265 testia
1916 3250 1932 3274 .
1982 3213 2033 3267 ἀ
2077 3217 2284 3268 nuncia..

288 3282 493 3333 veritati«
527 3316 544 3340 .
592 3281 643 3335 ἁ
677 3280 910 3333 ventilatis
949 3282 1011 3335 est
1041 3318 1058 3343 .
1108 3280 1381 3336 firmandam
1414 3320 1432 3347 .
1480 3282 1647 3335 versari
1675 3319 1691 3344 .
1737 3283 1786 3337 ἀ
1824 3302 1877 3335 ea
1912 3302 2091 3355 quoque
2122 3320 2138 3346 ‚
2186 3307 2286 3358 φιτ

285 3356 399 3473 alim
449 3350 653 3405 concell'a
687 3386 706 3413 .
758 3350 810 3406 ἁ
856 3351 1011 3426 postea
1044 3356 1280 3409 annullata
1314 3390 1332 3417 ‚
1383 3369 1466 3408 aut
1510 3353 1775 3407 modificata
1810 3352 1941 3410 fuere
1976 3393 1994 3418 .
2043 3355 2156 3409 scire
2207 3375 2284 3431 ge·

326 3436 425 3472 nunt
445 3455 459 3471 .

429 3493 617 3544 Horum
651 3491 854 3546 studitam
894 3491 944 3547 ἁ
976 3496 1171 3566 genium
1215 3498 1353 3548 Note
1380 3531 1397 3556 .
1431 3512 1533 3566 qn·
1573 3496 1780 3567 pluribua
1816 3495 2237 3551 constitutionibus
2261 3536 2277 3560 ,

286 3557 534 3633 presertim
601 3579 782 3614 taviota
807 3564 857 3618 ἁ
888 3570 1090 3636 gratiora
1116 3566 1482 3627 continentibus.
1509 3564 1863 3628 subnectuntur.
1893 3569 2098 3639 apprime
2120 3571 2275 3622 diver-

287 3646 383 3686 mit
410 3666 423 3680 .
471 3633 527 3682 ln
596 3635 630 3680 ia
656 3632 766 3683 nihil
807 3641 950 3703 gratia
990 3634 1195 3718 suppono
1223 3672 1239 3696 .
1285 3635 1360 3689 sed
1394 3639 1642 3720 veritatem
1683 3655 1767 3690 ceu
1798 3641 1987 3691 unicum
2020 3639 2269 3710 scriptioni:

289 3700 1553 3848 ffl2·.42²:‘:³.10.”:?:2?2;·.¹·:&spa-‘32:332
1584 3709 1755 3832 13⁰5*ss
1759 3725 1955 3852 ’ἶῖᾈέ
1959 3729 2042 3845 ἵζ”ἶ
2072 3727 2278 3835 ἓῗῙὝΞ

2122 3866 2203 3924 pta
