2444 4192
919 196 1466 313 Appendix.

1951 230 2118 311 549

251 355 345 404 §.4.
410 351 674 394 Prohibentes
699 359 840 389 omues
857 373 876 412 ,·
909 349 950 389 δε
979 348 1152 414 singulos
1215 350 1353 391 tefimo
1366 346 1630 402 octuagesimo
1643 346 1811 401 quinto,
1832 353 2178 411 NonisJanuarii,

194 412 323 456 libros
339 438 354 461 ‚
368 423 492 464 opera
506 438 519 460 ,
550 411 591 450 δι
605 410 796 448 tractatus
810 405 1030 458 huJusmodi
1045 407 1153 458 iudi·
1213 406 1479 448 Pontificatus
1493 406 1629 448 Nostri
1641 410 1764 448 Anno
1782 406 1921 449 Primo
1936 436 1961 453 ,μ

193 471 326 514 ciariae
356 467 594 523 Astrologiae
617 490 632 513 2
675 465 950 512 Geornantiae‚
982 464 1155 515 Hydro-

194 528 350 571 rnantiae
363 555 378 578 ‚
394 524 660 583 Pyromantiae
677 551 694 575 ,
705 521 958 564 Onomantiae
973 546 989 572 ,
1003 521 1155 561 Chiro-

193 589 350 631 mantiae
362 614 377 637 ,
393 584 686 630 Necromantiae
701 607 716 630 ,
747 581 854 622 Artis
870 580 1036 631 Magicae
1049 604 1064 627 ‚
1090 583 1161 619 aut

194 647 235 689 in
262 647 404 701 quibus
430 641 661 696 sortilegia,
687 636 881 680 veneficia
908 664 923 687 ‚
948 636 1114 691 auguria
1142 661 1159 685 ,

191 704 441 748 execrabiles
454 701 745 745 incantationes
759 726 776 749 ,
802 710 847 737 ac
863 693 1158 758 superstitiones

192 765 472 812 continentur,
484 774 549 813 ac,
559 770 603 802 ut
618 758 745 813 supra,
760 759 797 798 in
812 762 1035 796 memorato
1048 754 1160 794 Indi·-

195 821 492 866 ceinterdic'tos
507 846 523 870 ‚
547 818 615 861 sub
629 814 801 865 censuris
815 840 830 863 ‚
855 814 893 854 &
912 811 1042 865 poenis
1055 812 1093 853 in
1108 823 1157 852 eo

192 879 417 932 contentis,
433 879 458 923 a
485 876 802 933 quibuscumque
820 868 1157 915 Chriltifidelibus

193 939 299 994 legi,
325 949 396 982 aut
421 933 733 994 quomodolibet
752 929 945 979 retineri,
977 927 1044 972 sed
1069 927 1160 972 illos

194 996 427 1053 Episcopis‚
465 993 746 1038 &Ordinariis
771 991 983 1040 locorum,
1015 988 1080 1031 vel
1097 988 1162 1028 ln-

198 1055 457 1112 quifitoribus
472 1051 668 1110 praedietis
695 1048 920 1107 praesentari
934 1074 949 1098 ‚
969 1048 1009 1089 δι
1031 1043 1163 1089 coufi-

198 1114 310 1170 gnari
326 1112 478 1158 debere
492 1142 505 1154 .
536 1114 589 1155 Et
607 1110 864 1154 nihilominus
877 1107 1016 1151 eadem
1028 1106 1160 1148 auno.

196 1174 320 1215 ritate
334 1172 570 1219 statuimus,
599 1171 637 1212 δι
665 1168 898 1211 mandamns
918 1193 933 1216 ,
962 1174 1163 1208 utcontra

192 1229 366 1273 scienter
380 1230 591 1284 legentes,
621 1235 690 1271 aut
706 1231 925 1271 retinentes
940 1224 1062 1267 libros
1078 1251 1094 1274 ,
1121 1223 1163 1266 δι

192 1288 336 1342 scripta
352 1283 608 1341 hujusmodi,
633 1284 699 1327 seu
725 1286 765 1324 in
792 1284 938 1337 quibus
951 1283 1050 1323 talia
1065 1294 1165 1324 con-

195 1346 410 1396 tinentur,
437 1339 617 1385 similiter
635 1340 756 1384 iidem
772 1337 1031 1395 lnquifitores
1058 1337 1163 1380 libe·

196 1405 271 1453 re,
300 1399 469 1447 &licite
486 1398 708 1456 procedant
724 1426 740 1449 ,
768 1413 814 1443 ac
840 1398 1063 1450 procedere
1080 1423 1096 1446 ‚
1121 1397 1164 1439 δι

197 1463 332 1519 poenis
346 1458 559 1515 condignis
574 1458 731 1513 punire,
748 1457 787 1499 δι
804 1459 991 1499 coercere
1005 1453 1163 1509 poffint.

253 1523 294 1572 ὁ.
309 1534 350 1571 5.
406 1522 501 1563 Non
515 1516 767 1561 obstantibus
781 1513 1165 1561 Constitutionibus,

195 1582 235 1622 &
257 1576 602 1628 Ordinationibus
626 1573 870 1630 Apostolicis
890 1601 904 1625 ,
934 1573 1162 1630 ceterisque

196 1639 411 1683 contrariis
429 1635 743 1693 quibuscumque
761 1660 774 1675 .

256 1699 295 1748 ξ.
308 1698 353 1740 6.
415 1699 471 1739 Ut
489 1703 620 1737 autem
633 1691 841 1749 praelentes
864 1689 1000 1734 nossrae
1022 1692 1162 1738 Literae

197 1754 247 1800 ad
274 1767 532 1798 communem
559 1752 740 1795 omnium
784 1751 971 1794 notitiam
1007 1749 1163 1794 facilius

198 1814 457 1858 deducantur
473 1838 488 1860 2
510 1811 688 1869 jubemus
713 1810 800 1854 illas
826 1810 865 1852 in
884 1807 1013 1852 valvis
1027 1809 1164 1853 Basili-

196 1887 335 1916 carum
349 1872 559 1929 §.joannis
575 1867 852 1915 Lateraneufis
868 1897 884 1920 ,
906 1868 946 1909 δι
970 1869 1163 1923 Principis

202 1933 496 1987 Apostolorum
520 1929 572 1972 de
604 1929 714 1973 Urbe
739 1956 754 1979 ‚
786 1942 830 1971 ac
848 1928 886 1970 in
911 1929 997 1970 acie
1020 1925 1164 1982 Campi

132 1992 134 1995 ’
200 1991 332 2035 Florae
348 1990 484 2045 affigi,
502 1990 564 2031 seu
582 1986 754 2043 appendi
771 1985 931 2042 ,eisque
949 1987 1138 2029 detractis
1152 2013 1167 2037 ‚

200 2048 372 2105 ipsarum
387 2048 568 2102 exempla
596 2047 718 2089 etiam
748 2045 928 2104 impressa
954 2047 1100 2090 eisdem
1127 2046 1167 2088 iu

202 2109 304 2152 locis
315 2109 379 2153 affi
386 2122 430 2152 xa
443 2107 638 2161 relinqui.

257 2168 296 2218 ᾗ.
313 2180 357 2219 7.
414 2167 470 2210 Et
497 2164 653 2221 insuper
677 2164 868 2207 universis
897 2192 911 2214 ,
938 2166 978 2207 δι
1006 2162 1166 2219 lingulis

202 2225 509 2271 Venerabilibus
526 2222 734 2268 Fratribus
749 2223 892 2266 nostris
907 2223 1169 2275 Patriarchis,

201 2285 445 2331 Primatibus
455 2310 469 2335 ,
481 2280 803 2339 Archiepiscopis
813 2312 829 2334 ,
846 2284 877 2325 Ε
883 2280 1071 2339 piscopis‚
1088 2283 1169 2326 Lo-

201 2351 345 2388 corum
359 2342 611 2394 Ordinariis,
634 2343 676 2384 &
696 2342 898 2392 praelatis,
930 2356 1086 2385 necnon
1106 2343 1173 2382 ln·

198 2402 455 2460 quifitoribus
469 2402 660 2458 heretice
673 2400 881 2456 pravitatis
894 2401 1063 2445 ubilibet
1078 2413 1174 2444 con·

206 2462 355 2506 stitutis
370 2491 386 2513 ,
401 2474 472 2517 per
489 2463 570 2504 haec
585 2460 874 2503 committimus
887 2486 902 2510 ,
926 2461 966 2503 δι
982 2462 1019 2505 in
1044 2461 1172 2504 virtu·

206 2533 250 2564 te
275 2521 411 2563 sanctae
439 2518 679 2563 obedientia:
694 2517 877 2569 ,districte
901 2517 1174 2575 precipiendo

205 2579 441 2623 mandamus
459 2584 530 2628 ,ut
546 2573 668 2630 perse
681 2601 698 2624 ‚
724 2576 788 2619 vel
802 2576 925 2618 alium
941 2605 957 2627 ‚
979 2578 1047 2623 seu
1074 2578 1173 2620 alios

206 2637 364 2683 easdam
375 2633 583 2692 praesentes
595 2632 750 2679 Litcras
761 2659 776 2684 ,
793 2634 1002 2691 postquam
1027 2649 1095 2677 eas
1110 2647 1172 2676 re·

205 2694 389 2749 ceperint
403 2719 419 2744 .
443 2690 507 2745 [ευ
521 2703 659 2735 earum
672 2691 858 2736 notitiam
876 2692 1089 2736 habuerint
1103 2721 1119 2745 ,
1133 2690 1174 2733 in

206 2755 299 2800 suis,
313 2754 354 2796 ἃ.
369 2749 526 2806 lingulis
543 2748 847 2793 Parocbialibus
862 2748 1064 2802 Ecclefiis‚
1076 2750 1174 2793 dum

206 2814 247 2855 in
265 2812 326 2855 eis
337 2807 474 2866 populi
486 2805 710 2851 multitudo
739 2806 789 2850 ad
806 2808 951 2850 Divina
974 2819 1177 2851 convene·

208 2875 299 2923 rit-3
317 2867 466 2913 deinde
482 2867 583 2911 vero
597 2863 717 2910 semel
733 2866 773 2908 in
789 2879 898 2909 anno
909 2891 925 2914 a
955 2867 996 2909 &
1017 2863 1174 2922 quoties

208 2932 266 2975 eis
281 2927 474 2985 expedire
489 2924 712 2978 videbitur,
735 2924 888 2982 vulgari
901 2922 1087 2969 sermone
1098 2939 1177 2981 pu·

210 2989 371 3035 blicent
385 3015 401 3039 ,
415 2995 483 3029 aut
498 2983 694 3041 publicari
709 2979 852 3028 faciant
862 3013 876 3024 .

273 3047 312 3097 ᾗ.
330 3047 371 3089 8.
474 3044 537 3086 uia
553 3041 654 3086 vero
666 3040 830 3087 difficile
854 3041 959 3087 foret
973 3044 1181 3100 praesentcs

220 3107 379 3151 Literas
394 3102 448 3148 ad
494 3101 614 3158 ngula
628 3114 794 3158 queque
818 3100 910 3146 loca
926 3131 941 3155 ‚
971 3103 1011 3146 iu
1039 3102 1183 3159 quibus

215 3167 270 3209 de
283 3166 340 3210 eis
352 3161 451 3206 fides
462 3160 642 3207 facienda
656 3161 754 3211 erit,
767 3157 940 3214 deferri,
970 3160 1157 3206 volumus
1171 3190 1187 3215 ,

220 3234 267 3270 ut
281 3235 419 3267 earum
435 3219 693 3276 transumptis
704 3246 718 3271 ,
733 3219 858 3263 etiam
871 3218 1061 3277 impressis
1073 3249 1088 3273 ‚
1103 3234 1188 3263 ma-

225 3298 281 3327 nu
294 3280 458 3327 Notarii
471 3279 625 3335 publici
641 3277 870 3339 subscriptis
886 3307 901 3331 ,
923 3293 972 3323 ac
985 3293 1112 3335 parvo
1127 3280 1189 3324 si-

219 3341 324 3399 gillo
336 3342 488 3385 Sancte
502 3341 723 3390 Romana,
740 3339 789 3383 ,δι
799 3338 1033 3382 universalis
1048 3339 1191 3395 lnqui-

219 3400 405 3451 fitiouis,
428 3408 498 3455 aut
525 3396 700 3455 alicujus
729 3396 889 3442 Praelati
918 3426 934 3451 ‚
967 3397 1034 3441 vel
1057 3399 1190 3442 Curiae

223 3455 506 3504 Ecclefiafficoe
521 3458 686 3502 munitis
703 3483 718 3506 ‚
748 3456 889 3500 eadem
919 3458 1077 3512 prorsus
1092 3457 1189 3500 fides

226 3519 267 3560 in
297 3513 540 3572 judicimr&
564 3527 679 3561 extra
704 3516 852 3572 ubique
876 3513 1062 3561 locorum
1074 3516 1190 3560 adhi-

224 3579 368 3618 beatur
383 3601 399 3626 2
410 3587 494 3630 que
507 3575 655 3620 eisdem
670 3574 929 3632 originalibus
944 3575 1068 3619 literis
1080 3575 1192 3619 adhi-

225 3637 391 3678 beretur
403 3633 459 3683 ,st
477 3632 597 3679 effent
607 3637 791 3680 exhibitae
804 3663 819 3688 ‚
830 3633 896 3678 vel
910 3635 1077 3679 ostensae·
1090 3635 1192 3680 Ναὶς

226 3694 257 3738 li
268 3706 368 3748 ergo
377 3693 456 3736 dte.

342 3753 495 3794 Datum
518 3752 656 3796 Romae
670 3754 774 3808 apud
789 3755 830 3797 S.
849 3756 1015 3797 Petrum
1030 3783 1047 3804 ,
1072 3755 1191 3797 Anno

226 3810 519 3855 Incarnationis
535 3811 756 3855 Dominicae
774 3813 984 3858 millefimo
999 3812 1190 3870 quingen-

1660 523 1765 564 XI.

1219 644 1398 691 Contra
1415 637 1686 708 Astrologos
1695 638 1982 702 judiciarios,
2032 646 2113 714 qui
2131 645 2188 695 de

1288 715 1421 760 Statu
1460 712 1735 776 Reipublicae
1768 712 2030 764 Christiana:
2062 750 2078 774 ,
2113 717 2190 764 vel

1289 780 1419 831 Sedis
1439 781 1714 847 Apostolicae
1728 816 1746 838 ,
1780 779 1853 831 seu
1878 781 1971 832 vitii
1992 786 2189 834 Romani

1289 848 1523 902 Pontificis
1548 887 1564 909 ,
1610 864 1690 900 aut
1716 854 1807 914 ejus
1838 852 2191 924 consanguineo·

1291 938 1395 972 rum
1407 920 1581 983 judicia
1595 918 1742 971 facere
1757 940 1864 980 ;nec
1884 940 1974 974 non
1992 942 2067 974 eos
2078 960 2093 983 ,
2111 927 2190 992 qui

1290 993 1395 1041 illos
1422 989 1612 1060 desuper
1640 990 1874 1042 consulere
1903 993 2195 1063 praesumpse-

1292 1064 1410 1120 rint,
1428 1079 1534 1111 cum
1564 1064 1857 1112 innovatione
1883 1062 2039 1115 similis
2070 1070 2192 1117 Con·

1291 1132 1535 1185 stitutionis
1549 1135 1668 1184 Sixti
1686 1136 1775 1184 PP.
1797 1137 1860 1185 V.

1261 1265 1644 1321 URBANUS
1686 1266 2133 1321 EPISCOPUS

1412 1395 1587 1436 Ssavus
1619 1394 1874 1435 simvoaun
1909 1395 1992 1435 Dat
2010 1419 2024 1433 .

1372 1505 1443 1550 Ad
1456 1484 1689 1564 perpetuen
1711 1510 1774 1549 rei
1786 1511 2013 1552 nemerim
2032 1537 2045 1550 .

1293 1635 1560 1680 Nscrutabilis
1570 1635 1823 1692 judiciorum
1837 1637 1912 1680 Dei
1928 1636 2103 1679 altitudo
2112 1648 2197 1679 non

1319 1697 1485 1752 patitur,
1498 1706 1542 1740 ut
1560 1697 1755 1739 humanus
1768 1697 1997 1740 intellectus
2013 1696 2200 1740 tenebro-

1228 1756 1270 1798 so
1283 1756 1468 1811 corporis
1483 1768 1648 1798 carcere
1672 1755 1901 1799 constrictus
1915 1786 1930 1807 ,
1955 1758 2067 1811 super
2098 1752 2197 1796 astra

1229 1816 1264 1858 se
1278 1814 1485 1857 extollens
1505 1842 1520 1864 ‚
1543 1827 1688 1856 arcana
1717 1813 1755 1855 in
1786 1814 1870 1859 finu
1889 1815 2042 1858 Divino
2057 1826 2203 1857 recon-

1226 1873 1336 1925 dita,
1359 1874 1400 1915 δι
1429 1872 1516 1927 ipsis
1541 1870 1769 1916 beatiffimis
1792 1873 2009 1930 Spiritibus
2025 1873 2161 1928 ignota
2182 1899 2200 1922 ,

1229 1930 1379 1975 nefaria
1407 1931 1669 1984 curiositate,
1694 1945 1772 1974 non
1803 1932 1929 1977 solum
1957 1932 2200 1988 explorare,

1230 1990 1295 2034 sed
1309 1991 1428 2034 etiam
1443 2001 1634 2047 tanquam
1644 1991 1855 2044 explorata
1868 1992 1909 2033 in
1929 1992 2003 2034 Dei
2019 2000 2204 2033 contem·

1230 2060 1346 2106 ptum
1361 2078 1377 2102 ,
1391 2050 1631 2105 Reipublicae
1644 2051 1990 2106 perturbationem
2001 2077 2016 2101 ,
2030 2050 2070 2090 δι
2085 2048 2200 2091 Prin·

1229 2109 1364 2163 cipum
1393 2108 1621 2164 periculum
1646 2110 1883 2165 arroganti,
1905 2110 1946 2152 δι
1970 2103 2200 2166 pernicioso

1229 2167 1416 2224 exemplo
1432 2170 1643 2213 venditare
1653 2167 1859 2226 praesumat
1870 2198 1881 2210 .

1287 2229 1327 2278 ξ.
1349 2242 1381 2270 ι.
1427 2227 1550 2272 'Hinc
1578 2228 1660 2278 est,
1683 2237 1756 2279 ut,
1783 2228 1967 2285 quamvis
1983 2224 2170 2270 civilibus
2186 2248 2204 2272 s

1232 2286 1511 2343 canonicisque
1524 2287 1815 2340 sanctionibus,
1840 2299 1888 2330 ac
1910 2284 2117 2329 noviffime
2128 2280 2200 2326 fel.

1234 2345 1512 2391 record-Sixti
1541 2349 1651 2403 Papae
1673 2349 1726 2390 V.
1754 2345 2051 2391 Praedecefforis
2078 2340 2200 2386 nostri

1232 2406 1531 2450 Constitutione
1555 2406 1723 2463 desuper
1737 2406 1865 2457 edita,
1877 2403 2178 2459 Astrologorum
2189 2425 2206 2451 ‚

1239 2466 1625 2510 Mathematicorum
1641 2495 1656 2518 ‚
1670 2466 2000 2513 vaticinatorum
2013 2490 2027 2513 ,
2043 2464 2081 2505 &
2102 2460 2207 2503 alio-

1236 2540 1322 2568 rum
1338 2553 1354 2575 ,
1376 2526 1444 2582 qui
1457 2534 1652 2569 eventura
1666 2525 1851 2568 divinare
1867 2552 1883 2574 ,
1907 2523 1969 2567 seu
1991 2520 2205 2578 praedicere

1235 2583 1416 2635 audent,
1442 2584 1620 2641 quosque
1637 2584 1962 2631 utihomicidas‚
1987 2582 2026 2623 δι
2051 2576 2210 2621 malefi-

1235 2658 1307 2685 cos
1321 2644 1540 2698 antiquitas
1552 2642 1935 2696 aestimavit,illorum
1949 2638 2205 2696 potiffimum,

1234 2700 1368 2756 quide
1383 2700 1532 2746 summa
1552 2702 1798 2756 Reipublica:
1818 2727 1832 2752 ,
1855 2700 1918 2743 vel
1938 2698 2133 2752 Principis
2149 2693 2209 2736 sa-

1236 2759 1324 2803 lute
1340 2758 1485 2804 iudicia
1498 2759 1603 2805 serre
1621 2760 1904 2816 presumerent
1919 2787 1935 2809 ,
1949 2771 2014 2801 ars
2029 2783 2044 2806 ‚
2057 2751 2211 2812 profes·

1238 2816 1297 2858 fio
1314 2843 1329 2865 ‚
1340 2818 1422 2858 five
1436 2818 1678 2859 exercitium
1692 2819 1882 2870 gravibus
1898 2817 2028 2870 poeois
2041 2810 2212 2857 inhibita

1238 2872 1313 2916 effe
1330 2875 1543 2919 noscantur
1555 2903 1572 2926 ,
1601 2883 1784 2917 attamen
1802 2899 1817 2922 ‚
1832 2875 1933 2916 ficut
1955 2871 2213 2925 accepimus,

1235 2933 1423 2980 nonnulli
1445 2934 1671 2990 iniquitatis
1693 2931 1765 2976 filii
1787 2931 1959 2989 propria
1983 2928 2212 2986 pusillitatis

1239 2992 1391 3044 obliti,
1404 3007 1448 3036 ac
1462 2993 1633 3036 lenitate
1660 2989 1792 3035 forsan
1807 3020 1822 3043 ,
1850 2990 1910 3034 vel
1924 2988 2214 3034 conniventia„

1242 3051 1496 3096 audentiores
1511 3048 1633 3103 faeti,
1663 3065 1887 3108 vanamque
1912 3047 2210 3094 fatidicorum

1246 3110 1546 3156 estimationem
1570 3122 1815 3168 aucupantes
1828 3139 1844 3162 ‚
1870 3109 1910 3151 in
1922 3105 2214 3163 deplorandam

1248 3171 1468 3214 animarum
1494 3169 1652 3213 suarum
1677 3170 1945 3226 perditionem
1969 3194 1985 3217 ,
2017 3175 2217 3221 graveque

1247 3227 1577 3274 christifidelium
1588 3228 1812 3274 scandalum
1824 3257 1840 3279 ,
1863 3227 1984 3272 etiam
1995 3225 2047 3268 de
2063 3224 2217 3280 Reipu-

1250 3287 1367 3332 blicae
1381 3315 1397 3337 ,
1408 3289 1448 3331 &
1462 3289 1699 3342 Principum
1715 3287 1995 3332 incolumitate
2015 3312 2033 3335 ,
2047 3283 2126 3326 illis
2141 3280 2218 3327 sol·

1248 3346 1531 3399 licitudinem‚
1563 3348 1794 3392 bominibus
1819 3346 1919 3389 vero
1941 3343 2129 3398 inquietis
2154 3354 2219 3384 re-

1250 3420 1339 3449 rum
1349 3404 1624 3450 novandarum
1643 3405 1891 3450 occasionem
1913 3417 1962 3446 ea
1986 3403 2146 3445 ratione
2162 3400 2217 3441 in-

1246 3464 1359 3509 ferre
1369 3464 1595 3521 satagentes
1609 3492 1626 3516 ‚
1642 3463 1896 3520 prognostica
1910 3463 1976 3513 ,δι
1995 3459 2219 3519 praedictio·

1252 3524 1463 3625 nes-verbo
1472 3523 1559 3574 ,vel
1571 3524 1697 3569 etiam
1707 3523 1859 3580 scripto
1871 3520 1995 3565 edere
2018 3535 2100 3566 non
2130 3530 2218 3560 eru-

1252 3584 1304 3626 be
1322 3592 1423 3627 cunt
1437 3611 1451 3624 .

1304 3642 1408 3692 §.a
1469 3645 1556 3686 Nos·
1582 3641 1718 3698 itaque
1743 3631 2217 3701 pernicium-'huiusmodi

1251 3700 1452 3750 abusibus,
1465 3702 1663 3756 quantum
1672 3702 1802 3744 Nobis
1813 3701 1956 3744 exalto
1969 3691 2218 3756 concedltufs

1250 3761 1413 3803 obviam
1427 3760 1488 3803 ire
1500 3774 1589 3812 ‚ae,
1601 3773 1702 3815 quos
1717 3762 1794 3803 Dei
1809 3759 1998 3815 respectus
2022 3753 2061 3794 in
2081 3747 2218 3795 offic¹0

1248 3833 1330 3864 non
1343 3818 1529 3865 continet
1543 3833 1784 3876 ,poenarum
1798 3818 2023 3874 gravitate,
2048 3811 2089 3851 δι
2112 3805 2220 3873 leve-

1516 3895 1521 3900 '
2045 3880 2161 3910 noris
