2444 4192
415 243 590 324 430

344 384 469 417 ratam
483 373 559 416 effe
572 372 758 415 volumus
772 400 787 422 ,
803 384 896 414 cum
910 372 1105 428 praecipua
1126 372 1302 416 Ministri

347 435 595 477 Sacramemi
609 431 862 473 Poenitentiae
883 432 1050 485 qualitas
1073 434 1120 474 sit
1140 432 1306 475 vitaein·

345 494 517 549 tegritas
528 520 544 542 ,
557 508 603 536 ac
616 502 779 532 morum
792 490 1002 543 honestas3
1026 492 1166 547 utique
1178 505 1305 534 eam-0

345 551 505 594 causam
534 551 586 593 ad
612 547 879 592 Confeffionis
902 549 1164 593 Ministerium
1181 549 1304 605 perti-

344 624 469 659 nere,
499 625 546 652 ac
559 607 730 665 proinde
745 606 842 650 nihil
871 608 1031 652 obstare
1046 637 1061 661 ,
1091 609 1305 665 quominus

346 668 403 711 ob
413 682 500 710 eam
514 667 630 724 poflit
644 667 872 722 Episcopus
882 668 1106 724 Regulares
1119 667 1142 709 i
1166 669 1305 712 semet-

344 726 430 782 ipso
458 728 703 782 approbatos
728 722 990 780 suspendere,
1018 737 1090 771 aut
1102 727 1307 783 repellero

342 787 367 827 i
384 785 707 829 Confeffionibus
720 784 930 827 audiendis
941 817 954 827 .
969 789 1160 829 Attamen
1183 788 1302 829 Con-

342 844 525 888 feffiones
539 841 730 887 audiendi
743 841 976 886 facultatem
988 846 1175 887 omnibus
1192 841 1303 886 fimul

339 906 459 945 unius
492 899 731 947 Conventus
761 903 1030 957 Regularibus
1056 901 1305 948 confessori-

338 963 412 1004 bus
425 961 548 1003 adimi
559 963 610 1004 ab
624 960 1063 1020 Episcopo,inconsulta
1080 962 1182 1005 Sede
1194 964 1304 1016 Apo-

337 1020 479 1064 stolica
520 1020 754 1064 nullatenus
782 1018 889 1077 poffe
909 1050 921 1062 .
956 1023 1017 1064 Ex
1046 1021 1302 1063 facultatibus

339 1093 413 1135 per
428 1082 548 1122 Mare
563 1080 758 1137 Magnum
771 1104 787 1128 ,
814 1078 946 1123 aliave
975 1079 1185 1136 privilegia
1214 1079 1301 1119 Re-

336 1138 538 1192 gularibus
568 1139 841 1196 cujuscunque
866 1139 1035 1182 Ordinis
1046 1167 1062 1188 ,
1094 1136 1270 1179 Instituti
1285 1163 1300 1187 ,

335 1208 400 1239 aut
415 1198 653 1251 societatis,
666 1196 904 1253 etiamJesu,
916 1194 1109 1240 conceffis
1124 1224 1139 1248 ,
1154 1194 1298 1237 saetam

335 1257 392 1298 eis
407 1270 483 1298 non
498 1256 574 1299 effe
587 1257 824 1314 potestatem
836 1255 1072 1299 absolvendi
1088 1256 1128 1297 in
1144 1252 1296 1297 cafibus

332 1314 381 1355 ab
403 1313 602 1371 Episcopo
618 1315 687 1360 fibi
710 1313 920 1358 reservatis
933 1345 948 1357 .
975 1316 1030 1357 Et
1043 1327 1116 1371 per
1132 1310 1293 1357 Confir-

333 1376 529 1415 mationes
540 1374 741 1417 dictorum
755 1373 1084 1428 Privilegiorum,
1095 1385 1194 1430 quas
1211 1372 1296 1414 Re-

330 1431 493 1486 gulares
506 1433 528 1474 i
542 1432 647 1477 Sede
660 1431 887 1489 Apostolica
901 1431 987 1487 post
999 1435 1167 1476 Sacrum
1181 1432 1294 1474 Con·

328 1490 468 1534 cilium
500 1490 789 1533 Tridentinum
820 1491 1085 1532 obtinuerunt
1099 1502 1115 1540 3
1141 1502 1294 1543 nequa-

327 1562 450 1603 quam
483 1548 662 1590 revixitse
683 1546 897 1602 privilegia
922 1547 1030 1599 prius
1054 1547 1105 1586 ab
1144 1545 1292 1585 eodem

329 1606 519 1647 Concilio
536 1613 630 1654 ,aut
645 1604 795 1645 deinde
810 1600 1046 1657 Apostolicis
1064 1602 1186 1643 etiam
1207 1603 1289 1642 De-

327 1664 454 1705 cretis
479 1661 664 1711 sublata,
694 1671 817 1714 atque
827 1660 997 1704 catineta
1019 1689 1034 1711 ,
1059 1661 1185 1716 siqua:
1216 1659 1289 1701 ha·-

326 1722 476 1765 bcbant
492 1748 507 1773 ‚
531 1717 765 1763 absolvendi
788 1721 813 1763 a
830 1719 976 1763 casibus
1005 1718 1210 1776 Episcopo
1221 1732 1288 1761 re·

329 1779 497 1824 servatis
512 1808 526 1821 .
612 1787 627 1802 ·

441 1841 494 1881 Et
517 1838 712 1881 babentes
725 1837 960 1882 facultatem
985 1837 1217 1881 absolvendi
1235 1836 1286 1880 ab

321 1897 506 1941 erunibus
531 1897 681 1939 casibus
694 1898 790 1940 Sedi
805 1896 1038 1954 Apostolicae
1062 1895 1289 1947 reservatis,

321 1969 403 1998 uon
417 1955 512 1999 ideo
522 1957 547 1999 a
559 1955 710 1999 casibus
728 1954 929 2011 Episcopo
951 1956 1168 1998 reservatis
1184 1953 1287 2010 posse

318 2011 652 2058 absolvere-Posse
664 2025 800 2056 autem
818 2013 1063 2068 Regularem
1077 2012 1285 2057 Confeffo-

319 2072 465 2120 rem2in
477 2084 524 2113 ea
540 2071 758 2127 Diecefi,in
771 2085 847 2128 qua
860 2071 913 2115 est
924 2072 1287 2128 approbatus,con-

320 2132 493 2175 fluentes
518 2142 571 2172 ex
589 2130 666 2173 alia
678 2128 833 2188 Diecefi
846 2132 871 2175 ὲ
884 2131 1061 2187 peccatis
1076 2132 1115 2174 in
1130 2129 1211 2187 ipsa
1224 2145 1285 2175 re-

318 2189 591 2239 servatis,nou
611 2197 748 2233 autem
759 2190 803 2232 iu
817 2188 974 2242 illa,ubi
987 2190 1095 2232 idem
1110 2188 1285 2235 Confes-

313 2250 381 2293 sor
404 2248 459 2292 est
490 2249 759 2305 approbatus,
769 2246 976 2291 absolvere
990 2277 1005 2301 ,
1021 2248 1091 2293 nili
1120 2248 1284 2294 eosdem

316 2309 568 2352 Poenitentes
581 2307 741 2351 noverit
765 2307 806 2350 in
834 2304 1018 2350 fraudem
1036 2309 1275 2353 reservatio-

313 2370 377 2411 nis
389 2366 440 2409 ad
453 2366 624 2410 alienam
641 2365 858 2410 Dioecefim
872 2380 948 2423 pro
961 2366 1276 2413 absolutionu

312 2426 538 2470 obtinenda
555 2422 758 2480 migrssse.
773 2426 930 2482 Vigore
955 2427 1275 2483 supradictorum

311 2485 618 2542 privilegiorum
638 2497 891 2542 nequaquam
916 2484 1042 2530 licere
1058 2486 1274 2544 Regulari·

310 2544 388 2586 bus
406 2545 527 2585 ctiam
554 2541 749 2587 satisfiet·
773 2552 890 2601 parte
910 2543 1122 2590 abtblvere
1137 2546 1271 2588 1)ωοί-

312 2610 443 2645 tentes
455 2602 477 2643 a
494 2602 670 2645 censuris
683 2603 819 2659 quoad
842 2612 1057 2647 aternum
1070 2630 1086 2654 ,
1106 2605 1146 2647 &
1160 2602 1268 2660 judi-

311 2661 418 2703 ciale
433 2657 565 2703 foruta
579 2661 647 2711 ,Gt
658 2658 867 2704 absolutos
884 2660 935 2704 ab
955 2664 1014 2704 els
1027 2661 1066 2704 in
1078 2660 1173 2704 soro
1190 2662 1268 2717 Pe-

310 2716 538 2766 nitentiall,
560 2718 702 2774 utique
724 2730 808 2762 non
830 2716 981 2761 censeri
995 2716 1198 2763 ablblutos
1222 2721 1266 2761 in

306 2776 500 2820 exteriori
518 2774 734 2830 judicim&
753 2775 1018 2820 contentioso.
1069 2778 1263 2823 uinimmo

307 2833 484 2878 censuris
505 2833 788 2878 Eccleliassicis
813 2835 1024 2884 irretitos,
1106 2836 1265 2879 denun-

308 2895 435 2936 ciatos
449 2892 502 2934 ab
518 2891 725 2948 Epist-opis
740 2893 834 2949 cogi
855 2890 964 2950 poll'e
976 2906 1117 2949 gerere
1130 2897 1170 2939 se
1185 2908 1263 2952 pro

307 2952 473 3002 talibus,
487 2950 638 2993 etiamn
651 2953 675 2994 δ
690 2951 959 3007 Regularibus
988 2949 1138 2997 fuerint
1151 2952 1269 2998 abso·

306 3011 405 3053 luti.
430 3009 604 3069 Qoties
627 3009 817 3053 exhibitis
841 3010 1042 3068 aliquibus
1074 3011 1263 3070 Regula·

304 3070 408 3113 rium
434 3067 676 3124 Apostoliciz
702 3068 928 3126 Privilegiis
939 3082 1079 3115 coram
1099 3072 1261 3129 Episco-

306 3143 387 3184 po,
411 3128 463 3170 ab
486 3124 751 3183 eojudicetur
773 3128 856 3185 ἱρὴ
881 3129 1263 3187 non-suffraganea·

306 3186 358 3229 sui
374 3216 389 3239 ,
413 3186 466 3230 de
483 3198 566 3241 quo
575 3186 710 3241 agitur
721 3212 737 3238 ‚
761 3187 788 3229 fi
800 3187 1011 3233 dictorum
1030 3188 1260 3246 privilegio·

307 3260 396 3289 rum
418 3244 541 3289 verba
553 3243 724 3287 obscura
746 3244 849 3296 tint,
873 3247 915 3289 dt
930 3247 1142 3305 ambigua3
1174 3262 1256 3292 non

301 3306 372 3348 elle
385 3303 435 3347 ad
449 3302 809 3358 Metropolitanum
834 3306 1165 3362 provocandum;
1190 3305 1254 3351 sed

303 3377 395 3407 cum
410 3363 495 3419 ejus
508 3364 553 3405 stt
573 3362 829 3419 interpretari
843 3389 861 3415 ,
871 3363 980 3419 cujus
990 3365 1044 3407 en
1058 3366 1253 3419 condere,

302 3421 500 3464 dictorum
562 3419 838 3488 rivilegiorum
873 3423 1255 3480 interpretationem

301 3481 413 3521 Sedis
429 3484 520 3537 Apo
550 3479 663 3524 olicoe
675 3479 855 3535 judicio,
878 3492 1005 3537 ‘prout
1026 3481 1123 3527 alias
1139 3485 1255 3527 Con-

302 3538 506 3581 stitutione
524 3534 821 3583 Predecess'orit
835 3539 974 3583 Notiri
998 3540 1067 3584 sel.
1085 3540 1255 3585 record.

297 3596 525 3701 tiarnensis
558 3598 632 3640 lv.
662 3595 852 3642 statutum
881 3597 956 3642 suit
967 3628 984 3652 ,
1013 3596 1091 3644 elle
1119 3599 1255 3658 requie

402 3667 469 3696 um
483 3685 496 3696 .

415 3714 693 3757 Decerncntea
720 3713 771 3757 stc
786 3717 825 3757 δι
837 3730 917 3760 non
940 3716 1038 3762 alias
1052 3732 1124 3773 per
1138 3716 1256 3772 quoss

298 3784 456 3830 cunque
478 3769 643 3828 judices
682 3772 907 3818 ordinarios
932 3804 948 3826 ,
991 3776 1054 3820 vel
1084 3775 1153 3821 del
1208 3789 1251 3818 a·

297 3833 451 3879 tosdoeo
475 3832 573 3875 tto·
593 3829 840 3874 obstantibus
871 3833 1068 3888 quibusvis
1090 3790 1249 3880 Contai-

968 215 1129 303 Sub
1190 213 1569 303 Clemente
1629 219 1720 305 X
1713 283 1738 305 ..

1365 372 1542 416 tionibus
1558 400 1573 424 ,
1602 375 1643 416 δι
1666 373 1998 419 ordinationibus·
2026 375 2328 434 Apostolicisiu

1364 428 1544 474 favorem
1558 447 1902 489 quarumcumque
1917 433 2187 488 personarum,
2203 447 2325 493 atque

1363 493 1595 546 quorumvis
1624 493 1825 535 Ordinum
1840 519 1856 541 ‚
1870 502 1951 532 tam
1978 493 2327 545 Mendicantium,

1364 552 1484 605 quam
1512 565 1591 594 non
1607 550 2027 593 Mendicantium&c.
2069 551 2330 606 ,stnservato-

1366 622 1454 651 rum
1471 607 1819 666 deputationibus,
1835 621 2059 664 eorumque
2071 634 2087 657 ,
2128 619 2222 666 tque
2237 613 2328 655 aliis

1364 666 1671 712 inhibitionibus
1682 696 1696 719 ‚
1707 667 1849 724 quibus
1864 667 2051 721 Episcopi
2065 666 2227 712 deferre
2242 672 2319 713 mi·

1365 725 1474 767 nime
1499 736 1740 778 teneantur,
1763 724 2021 780 &quibusvis
2045 723 2135 767 aliis
2150 725 2217 770 sub
2232 730 2326 784 qui-

1364 784 1607 841 buscumque
1634 784 1845 827 tenoribus
1861 812 1876 835 ,
1900 785 1937 825 8«
1955 782 2092 825 formis
2108 813 2125 835 ,
2152 797 2200 827 ac
2231 799 2332 829 cum·

1364 842 1565 898 quibusvis
1589 847 1711 885 etiam
1726 842 2083 897 derogatoriarum.
2103 843 2328 899 derogato-⁸

1365 902 1437 943 riis
1454 900 1640 957 ,aliisque
1651 901 1962 951 efficacioribus,
1976 900 2198 946 &insolitis
2214 903 2322 946 clau·
2361 901 2364 904 ⁴

1364 958 1454 1001 sulis
1470 989 1488 1011 ,
1508 972 1668 1003 necnon
1702 959 1949 1003 irritantibus
1964 986 1979 1010 ,
1999 961 2041 1002 ἃ
2060 959 2150 1002 aliis
2167 963 2321 1003 Decre-

1365 1019 1418 1060 tis
1434 1046 1449 1070 ,
1463 1018 1583 1060 etiam
1602 1020 1721 1060 Motu
1740 1019 1907 1074 proprio
1919 1018 1986 1069 ,Gt
1997 1034 2047 1061 ex
2060 1030 2174 1061 certa
2187 1020 2318 1061 scien·

1360 1079 1439 1128 tia,
1464 1090 1511 1119 ac
1540 1077 1591 1119 de
1605 1076 1843 1131 Apostolicae
1866 1077 2072 1132 potestatis
2097 1076 2319 1133 plenitudi-

1356 1149 1408 1178 ne
1419 1164 1436 1188 ,
1461 1144 1530 1177 aut
1545 1135 1642 1178 aliis
1655 1135 1965 1190 quomodolibet
1982 1136 2107 1179 etiam
2126 1150 2199 1192 pet·
2213 1138 2320 1179 viam

1357 1194 1742 1238 communicationis
1755 1220 1770 1243 ,
1783 1193 1849 1239 seu
1862 1196 2098 1238 extensionis
2110 1194 2316 1248 conceffis,

1356 1255 1397 1296 δι
1413 1253 1570 1296 iteratis
1606 1252 1760 1295 vicibus
1774 1253 2004 1310 approbatis
2018 1280 2033 1304 ,
2044 1255 2086 1296 δι
2098 1253 2318 1303 innovatis,

1355 1313 1498 1366 quibus
1528 1312 1730 1362 omnibus,
1746 1311 1894 1354 etiamfi
1920 1326 1997 1368 pro
2019 1311 2180 1355 illorum
2210 1311 2318 1356 suffi-

1354 1371 1477 1414 cienti
1494 1369 1757 1422 derogatione
1767 1372 1845 1414 &c.
1859 1371 2115 1426 praesentibus
2137 1385 2212 1427 pro
2225 1372 2313 1427 ple·

1352 1429 1405 1474 ne
1426 1457 1440 1480 ,
1466 1430 1507 1471 &
1535 1427 1778 1471 sufficienter
1793 1429 1976 1486 expreffis
1989 1455 2003 1478 ,
2019 1428 2231 1472 &insertis
2248 1431 2317 1472 ha·

1354 1488 1491 1528 bentes
1509 1515 1523 1536 ,
1541 1485 1621 1527 illis
1635 1486 1766 1540 quoad
1780 1501 1825 1528 ea
1839 1512 1854 1535 ,
1874 1499 1958 1543 quae
1975 1486 2126 1529 eisdem
2149 1487 2319 1543 prasen-

1352 1543 1461 1584 tibus
1476 1542 1740 1584 adversantur
1753 1568 1768 1590 ,
1796 1543 1878 1586 illis
1901 1542 1998 1586 alias
2021 1544 2063 1585 in
2078 1544 2147 1585 suo
2163 1544 2315 1589 robore

1350 1597 1637 1655 permansuris,
1651 1600 1793 1643 harum
1806 1599 1907 1644 serie
1921 1600 2169 1657 specialiter,
2183 1603 2225 1644 &
2243 1617 2315 1646 ex.-

1348 1655 1482 1715 presse
1512 1656 1747 1712 derogamus
1774 1686 1791 1709 ,
1833 1661 2065 1718 emeritique
2095 1663 2313 1706 contrariis

1347 1717 1660 1773 quibuscumque
1677 1745 1690 1758 .
1714 1719 1918 1765 Caeterum
1930 1747 1946 1771 ,
1965 1721 2061 1775 quia
2077 1717 2306 1767 difficile-2

1329 1774 1455 1819 ‘foret
1480 1777 1684 1831 praelentes
1710 1775 1868 1819 litteras
1893 1777 1941 1821 ad
1964 1777 2114 1830 lingula
2137 1792 2304 1836 quaeque

1349 1835 1442 1878 loca
1456 1833 1636 1887 deferri,
1650 1844 1693 1877 ut
1706 1847 1760 1878 eae
1774 1843 1908 1880 tamen
1930 1838 2116 1880 omnibus
2150 1840 2311 1881 innote-

1349 1896 1476 1946 scant,
1493 1894 1726 1938 mandamus
1754 1893 1842 1938 illas
1869 1895 1920 1938 ad
1950 1895 2099 1939 Valvas
2126 1895 2311 1940 Ecclefioe

1347 1952 1629 1997 Lateranenfis
1641 1978 1656 2002 ,
1668 1954 1706 1995 ἃ
1720 1953 1891 1996 Basilice
1919 1954 2116 2009 Principis
2134 1955 2316 2012 Apollo*

1345 2013 1478 2055 lorum
1493 2011 1543 2054 de
1557 2013 1665 2055 Urbe
1675 2039 1690 2062 ,
1705 2021 1825 2068 atque
1839 2012 2106 2057 Cancellariae
2133 2013 2314 2070 Apollo-5

1345 2071 1430 2114 licae
1442 2096 1456 2119 a
1469 2071 1510 2112 δι
1522 2071 1561 2114 in
1578 2070 1677 2115 Acie
1701 2071 1849 2128 Campi
1876 2070 2005 2115 Florae
2016 2071 2123 2130 affigi
2139 2099 2154 2123 ,
2179 2073 2220 2117 δι
2232 2087 2308 2130 pta·⁴

1344 2130 1490 2173 blicari
1519 2158 1531 2172 .
1567 2131 1765 2174 volentes
1785 2158 1801 2182 ‚
1821 2130 1934 2187 quod
1958 2132 2178 2177 earundem
2211 2145 2309 2189 pre«-⁴

1345 2188 1519 2232 sentium
1535 2189 1768 2232 litterarum
1785 2188 2039 2246 transumptis
2052 2219 2070 2244 ,
2096 2192 2222 2236 etiam
2234 2192 2312 2236 itu-i

1344 2246 1478 2305 preliis
1492 2275 1509 2299 ,
1521 2262 1645 2292 manu
1660 2246 1829 2303 alicujus
1855 2250 2015 2292 Notat-ii
2042 2250 2193 2306 publici
2209 2250 2313 2295 sub-A

1342 2307 1530 2363 scriptis,
1555 2309 1596 2351 δι
1619 2306 1746 2364 figillo
1762 2305 1921 2351 Proelati
1935 2334 1950 2360 ,
1973 2306 2042 2352 seu
2054 2306 2225 2364 personae
2261 2308 2303 2352 in

1336 2366 1531 2423 dignitate
1556 2364 1834 2410 Ecclefiastica
1869 2364 2095 2412 constitute
2120 2368 2299 2412 ununitis

1337 2423 1549 2482 injudicio
1565 2453 1578 2477 ,
1589 2426 1630 2468 δι
1655 2435 1770 2468 extra
1786 2422 1888 2468 illud
1902 2454 1919 2477 ,
1936 2424 2006 2468 ubi
2025 2439 2127 2484 opus
2144 2425 2269 2472 fuerit
2284 2454 2300 2480 ,

1334 2484 1473 2528 eadem
1502 2482 1662 2541 prorsus
1685 2481 1785 2527 fides
1813 2482 2059 2529 adhibeatur
2073 2515 2091 2539 ,
2105 2498 2192 2543 quoe
2207 2484 2298 2542 ipfis

1331 2541 1597 2599 originalibus
1613 2542 1902 2594 adhiberetur,
1929 2542 1958 2584 fi
1981 2544 2117 2589 sot-ent
2135 2544 2298 2590 exhibi-

1328 2610 1402 2653 toe,
1417 2599 1485 2643 vel
1500 2599 1658 2644 ostense
1673 2627 1686 2642 .
1867 2601 1872 2607 '

1386 2657 1501 2702 Nulli
1515 2671 1616 2714 ergo
1629 2657 1800 2702 omnino
1821 2658 2028 2703 hominum
2044 2659 2169 2705 liceat
2185 2661 2291 2704 hanc

1325 2716 1510 2775 paginam
1525 2715 1750 2760 nostrorum
1763 2715 1923 2761 Decreti
1932 2744 1947 2767 ,
1959 2718 2288 2774 Declarationis,

1326 2775 1613 2831 Derogationis
1625 2803 1640 2828 ‚
1673 2774 1853 2820 Mandati
1869 2804 1885 2827 ,
1913 2777 1954 2819 δι
1972 2777 2195 2822 voluntatis
2225 2778 2288 2821 in-

1323 2833 1527 2891 sringete,
1558 2832 1625 2877 vel
1651 2833 1690 2877 ei
1705 2830 1797 2877 ausu
1813 2836 2032 2879 temerario
2053 2836 2258 2881 contraire
2274 2870 2287 2884 .

1328 2894 1370 2940 si
1391 2893 1478 2950 quis
1494 2901 1631 2936 autem
1649 2893 1724 2936 hoc
1746 2900 1949 2938 attentare
1976 2893 2288 2953 presumpserit,

1328 2951 1648 3008 indignationem
1673 2951 1977 3009 omnipotentis
1995 2953 2071 2997 Dei
2083 2982 2098 3007 ,
2121 2969 2168 3000 ac
2185 2955 2285 2998 Bea-

1326 3022 1462 3056 torum
1488 3011 1673 3063 Petrus:
1690 3009 1804 3054 Pauli
1829 3010 2114 3069 Apostolorum
2141 3012 2229 3070 ejus
2245 3012 2285 3057 se

1323 3071 1482 3115 noverit
1508 3068 1752 3114 incursurum
1769 3096 1783 3112 .

1438 3132 1590 3173 Datum
1612 3129 1754 3172 Romo
1776 3126 1884 3184 apud
1898 3131 2080 3175 Sanctam
2110 3128 2283 3181 Mariam

1320 3187 1521 3241 Maiorem
1556 3189 1674 3231 Anno
1709 3188 2003 3234 incarnationis
2036 3188 2281 3243 Dominice,

1318 3246 1530 3292 millesimo
1545 3244 1757 3290 sexcenteli
1765 3259 1830 3290 mo
1842 3246 1976 3305 septua
2006 3250 2142 3300 elimo,
2153 3247 2283 3292 unde·

1315 3307 1425 3350 cimo
1456 3304 1660 3350 Kalendas
1682 3303 1779 3362 Julii
1796 3332 1813 3359 ,
1843 3306 1964 3352 Ponti
1995 3303 2106 3353 cattis
2137 3306 2274 3353 Nostri

1316 3370 1438 3411 Anno
1454 3364 1611 3408 Primo.

1376 3482 1530 3528 autur.
1545 3481 1711 3528 Remu.
1721 3476 1936 3538 ema-fil·
1942 3493 1964 3538 3
1969 3490 2013 3527 o·

2054 3895 2214 3941 Nora
