2444 4192
264 109 296 120 ..a

751 197 818 279 S
814 197 924 281 ub
982 197 1342 281 MartIno
1411 196 1515 276 V.

147 386 151 390 A
213 418 216 421 .
279 342 455 409 Quoad
483 340 710 409 cap.xl.
745 340 965 406 Regulae.

146 445 264 523 §aad
273 465 441 507 Fratres
465 473 541 503 non
563 455 844 560 ingla-diamur
857 455 1103 514 Monasteria

470 522 612 568 Monac
641 529 779 559 arum.

226 639 440 685 Tatuimus
464 642 503 683 Sc
516 635 741 682 ordinamus
757 663 774 686 ‚
802 631 908 676 illud
921 628 998 674 effe
1025 630 1108 673 ser·

166 726 171 730 ,
245 699 421 743 vandum
434 727 449 751 ,
462 697 571 758 quod
604 692 786 752 prefatus
810 690 1007 736 Nicolaus
1025 692 1103 731 ΙΙΙ.

137 761 325 808 decrevit
340 759 379 802 in
395 759 539 804 eadem
563 756 630 800 sua
651 751 858 799 Decretali
872 781 888 803 ,
902 753 1011 793 Exiit
1029 751 1100 804 qui

122 820 331 882 fiminat,
358 819 398 869 §.
424 819 587 872 dentque
611 818 709 871 quia
732 813 988 856 continetur.
1020 808 1102 852 Ubi

134 879 389 924 determinat
417 875 665 935 prohibitum
691 870 767 917 effe
781 869 988 915 Fratribus
1005 897 1021 920 ,
1052 880 1102 908 ne

133 937 418 996 ingrediantur
432 933 677 980 Monasteria
692 932 986 977 Monacharum
1008 940 1103 983 qua·-

133 1009 403 1054 rumcumque
416 1009 431 1040 t
446 992 688 1051 Intelligens
709 990 876 1035 nomine
898 986 1103 1032 Monaste-

131 1056 184 1100 rii
200 1054 434 1110 claustrum,
447 1053 606 1105 domos,
618 1054 660 1096 &
669 1051 850 1096 officinas
864 1049 1100 1098 interiores;

132 1114 200 1159 sed
215 1114 293 1159 alia
306 1115 398 1160 loca
411 1143 426 1167 ,
441 1113 510 1158 ubi
528 1111 712 1155 homines
724 1108 926 1158 seculares
941 1119 1102 1150 conve-

135 1174 279 1226 niunt,
305 1173 466 1232 potsunt
492 1174 656 1217 Fratres
679 1169 750 1226 ipsi
770 1167 889 1213 causa
904 1166 1102 1225 predica-

133 1232 279 1284 tionis,
300 1233 364 1276 vel
378 1227 644 1284 eleemosyna:
660 1227 843 1284 petendas
871 1225 1099 1272 accedere,

133 1293 277 1350 quibus
291 1290 333 1335 id
351 1292 376 1335 a
392 1288 676 1346 Superioribus
695 1286 772 1330 suis
789 1300 865 1343 pro
894 1283 958 1328 sua
972 1294 1107 1326 matu-

134 1353 281 1399 ritate,
306 1349 372 1393 vel
397 1346 623 1392 idoneitate
654 1345 783 1390 fuerit
804 1340 1074 1388 concessum-a
1094 1369 1110 1392 ‚

131 1409 312 1466 <inceptis
342 1406 500 1466 semper
531 1405 809 1463 praedietarum
849 1400 1107 1447 Monasteriit

135 1469 393 1514 lacturnum
406 1497 422 1522 ,
452 1466 504 1513 ad
518 1480 603 1523 quat
621 1464 723 1509 nulli
737 1464 859 1507 datur
878 1460 1108 1505 accedendi

135 1525 334 1578 facultas,
363 1527 446 1571 fine
477 1526 593 1571 Sedis
624 1523 801 1582 ejusdem
831 1522 995 1566 licentia
1024 1519 1110 1574 spe-

135 1587 255 1637 ciali,
267 1587 378 1645 quod
402 1587 527 1632 etiam
551 1584 780 1641 Gregorius
798 1583 878 1627 tx.
908 1578 1110 1624 determi-

138 1656 278 1691 navit.

142 1724 162 1744 τ’
249 1703 462 1749 Addenter
475 1702 740 1749 nihilominus
756 1730 771 1754 ,
784 1698 896 1758 quod
911 1700 938 1742 st
954 1698 1042 1754 quis
1063 1696 1112 1740 fi-

139 1763 488 1808 neMinistrorum
514 1761 677 1807 licentia
707 1758 875 1819 aliquod
906 1756 1110 1801 Monaste-

135 1823 240 1869 rium
262 1823 415 1867 intrare
429 1820 723 1879 praesumpserit
742 1848 758 1872 ,
789 1816 877 1875 ipso
895 1817 1001 1861 facto
1017 1830 1110 1860 car-

140 1883 223 1927 ceri
247 1881 506 1939 mancipetur
525 1908 540 1932 ,
564 1882 608 1925 δι
637 1878 857 1936 diligenter
887 1875 1111 1923 attendant

141 1939 312 1983 Minxisti-‘i
324 1941 466 1995 ‚quod
481 1939 683 1985 Monialct
708 1938 778 1983 fibi
803 1934 1018 1983 commiffae
1037 1935 1112 1979 de-

142 1998 271 2041 bitam
307 1996 531 2042 clausuram
558 1997 755 2048 servent,
782 2005 867 2039 tam
892 1999 1113 2046 Fratrum,

145 2056 269 2113 quim
284 2053 540 2099 Soecuiarium
553 2051 721 2097 accessus
732 2051 1031 2107 compescendo
1044 2050 1115 2093 sub

147 2114 479 2160 interminatione
505 2110 797 2156 maledictionis
812 2120 970 2153 aeternae
981 2135 993 2149 .

264 2173 373 2216 Item
397 2173 631 2219 statuimus,
656 2169 977 2218 &ordin-amus,
1003 2165 1117 2224 quod

126 2231 284 2276 „nuilus
324 2231 469 2271 Frater
511 2227 566 2268 de
595 2234 747 2268 cetero
776 2227 983 2279 praesumat
1026 2224 1115 2265 fieri

145 2291 381 2345 compater
393 2286 572 2328 virorum
588 2313 604 2336 ,
623 2282 689 2326 vel
702 2282 919 2326 mulierum
937 2295 954 2335 3
979 2282 1017 2324 &
1042 2282 1114 2336 qui

140 2347 224 2408 jam
237 2345 626 2402 compaternitatem
649 2342 932 2387 contraxerint
952 2369 967 2392 ,
989 2355 1118 2398 quan·

148 2409 234 2452 tum
248 2407 289 2450 in
303 2406 362 2449 eis
374 2404 431 2448 est
442 2432 458 2457 ,
483 2403 560 2447 hoc
581 2402 743 2446 nomine
772 2400 812 2443 se
826 2403 850 2446 ὲ
866 2403 1026 2444 nemine
1042 2415 1117 2443 no-

149 2465 293 2511 minari
306 2465 547 2522 permittant
561 2490 576 2514 ,
591 2475 665 2506 nec
689 2460 760 2516 ipfi
774 2460 874 2505 alios
889 2463 1119 2512 nominent,

148 2526 190 2585 Gt
204 2523 273 2584 qui
285 2521 603 2569 contrafecerint
615 2547 631 2572 ,
653 2521 808 2564 carceri
822 2524 1119 2579 mancipentur.

258 2642 432 2713 Qoad
464 2645 624 2712 Caput
652 2643 780 2693 ΧΠ.
804 2643 1028 2716 Regulae.

215 2784 218 2786 v
294 2763 363 2805 De
385 2759 586 2831 Bantius
612 2763 722 2806 inter
746 2763 960 2808 saracenos
975 2790 988 2805 .

152 2883 157 2909 ἱ
242 2879 487 2929 Tatuimua,
501 2878 613 2936 quod
627 2876 810 2922 servetur
829 2881 1011 2939 Regula,
1025 2880 1066 2922 &
1083 2878 1121 2923 in

155 2882 228 2999 S
259 2937 441 2997 praesenti
461 2936 678 2994 Capitulo,
692 2938 731 2979 &
747 2938 788 2980 in
801 2939 1121 2994 quibuscumque

157 2996 468 3055 nliitCapitulis
480 2995 763 3054 generalibus,
787 3001 982 3054 quantum
1006 2995 1125 3055 poffi-

156 3057 317 3104 &ile-est
329 3082 346 3107 2
360 3056 651 3114 provideatur,
678 3054 964 3111 &disponatur
981 3087 995 3111 ‚
1014 3056 1123 3101 ἀς..)

128 3145 129 3149 =
162 3117 276 3167 bono
309 3117 507 3173 regimine
536 3115 725 3158 locorum
749 3112 891 3160 Terra
927 3118 1078 3161 San&
1108 3143 1124 3165 ,

128 3183 130 3186 '
151 3183 246 3237 ‘tam
262 3175 395 3233 quoad
410 3173 690 3219 Guardianum
708 3201 723 3224 ,
738 3175 860 3230 quim
874 3176 1011 3232 quoad
1026 3174 1126 3216 alios

156 3234 327 3283 latres
340 3264 356 3288 ,
383 3235 442 3277 ita
452 3232 566 3291 quod
581 3233 732 3287 semper
745 3247 821 3289 pro
834 3233 1128 3289 gubernatione

134 3298 136 3302 ’
155 3293 338 3353 *turum
353 3295 539 3339 locorum
549 3291 755 3348 eligantur
769 3293 812 3336 in
823 3292 1029 3349 Capitulis
1044 3294 1131 3335 Ge·

172 3390 173 3393 ,
246 3354 378 3398 atibus
405 3353 460 3397 de
486 3351 719 3396 melioribus
743 3381 758 3405 ,
783 3353 828 3395 δι
852 3350 1131 3396 devotioribus

192 3457 202 3470 f
309 3414 386 3456 bus
417 3410 585 3457 Ordinis
599 3436 615 3461 2
643 3411 710 3467 qui
728 3415 811 3457 vita'
828 3440 842 3464 ,
857 3411 1038 3457 moribus
1052 3436 1067 3459 ,
1091 3411 1132 3452 δι

176 3464 360 3531 ‘Qrinl
392 3472 554 3527 probati
580 3497 597 3520 a
637 3470 744 3515 lucis
774 3469 1006 3527 exemplum
1034 3483 1133 3524 prae·

177 3520 325 3583 Q,
335 3529 697 3575 &edificationem
714 3531 870 3587 pariter
883 3527 1136 3585 infidelibus,

189 3596 276 3628 cum
292 3589 430 3643 quibus
443 3590 662 3647 contigerit
678 3589 913 3636 conversari
924 3618 937 3634 .

268 3699 270 3701 ¹
295 3645 400 3690 Item
422 3648 626 3694 statuimus
656 3652 698 3693 &
721 3650 952 3695 ordinamus
978 3676 994 3702 ‚
1021 3645 1132 3704 quod

190 3703 472 3765 Ῑῖωωῖὃίοκε
483 3708 647 3752 Ordinis
671 3710 709 3752 in
724 3711 849 3754 Curia
865 3712 1048 3754 Romana
1072 3706 1136 3748 ni-

186 3757 244 3802 h¹l
276 3768 551 3826 e³f¹gant,„ve1
581 3777 823 3824 extorquere
844 3766 1084 3824 praesumant
1109 3764 1132 3810 ἃ

184 3816 394 3863 Fratribus
444 3822 749 3886 advenientibus
793 3828 1077 3883 undecumque
1114 3838 1129 3870 t

1909 232 1936 274 t
1961 227 1996 305 3
2022 228 2059 312 5

1167 343 1278 397 quod
1302 343 1326 383 fi
1345 343 1454 382 secus
1468 341 1664 391 fecerint,
1686 342 1769 396 ipso
1783 341 1884 386 facto
1899 350 1965 388 suo
1979 351 2112 391 officio

1165 401 1242 441 sint
1267 399 1440 451 privati.
1475 401 1527 438 Et
1558 401 1813 442 Procurator
1842 405 2122 449 Cismontanus

1163 458 1310 500 tractet
1336 459 1498 508 negotia
1527 457 1716 498 Fratrum
1744 459 2127 504 cismontanorum:

1163 516 1504 559 Ultramontanus
1528 526 1665 558 autem
1691 520 1838 558 tractet
1866 521 2031 572 negotia
2055 521 2129 561 Ul-

1170 583 1526 618 tramontanorum
1543 603 1555 617 ·

1285 634 1390 675 Item
1406 633 1613 676 statuimus
1642 636 1682 677 &
1704 635 1942 678 ordinamus
1971 635 2042 678 sub
2068 650 2131 677 ea-

1162 693 1257 759 dem
1272 706 1410 759 poena,
1425 693 1533 748 quod
1550 694 1811 750 lnquifitores
1827 695 2024 739 haereticae
2039 708 2129 749 pra·

1164 762 1305 795 vitatis
1345 762 1562 797 teneantur
1601 755 1812 798 restituere
1848 753 2133 797 communitati

1163 814 1461 855 Conventuum
1489 838 1503 861 ,
1558 812 1625 855 ubi
1653 813 1834 857 officium
1865 811 2137 871 inquisitionis

1163 880 1380 922 exercent,
1391 871 1594 927 quidquid
1611 872 1680 915 fibi
1697 875 1891 918 advenire
1907 873 2060 931 poterit
2074 869 2138 912 vel

1163 941 1402 985 competere
1416 945 1464 973 ex
1479 930 1616 974 officio
1631 933 1903 990 inquilitionis
1916 959 1930 982 ³
1943 931 2068 989 usque
2085 927 2138 970 ad

1163 989 1407 1046 condignam
1422 990 1732 1038 satisfactionem
1745 990 2031 1049 expeniarum,
2043 1001 2142 1046 quas

1164 1050 1204 1092 in
1221 1048 1416 1103 praedicus
1434 1053 1716 1096 conventibus
1731 1052 1990 1109 perceperint
2005 1079 2019 1102 ‚
2043 1051 2143 1093 dum

1163 1107 1337 1152 officium
1351 1108 1617 1166 inquifitionis
1640 1122 1828 1156 exercent
1846 1140 1856 1152 .
1889 1110 1973 1154 Etfi
1986 1108 2140 1154 eisdem

1165 1168 1479 1224 lnquifitoribus
1505 1169 1850 1215 aCommunitate
1864 1200 1880 1222 ,
1906 1170 1971 1213 vel
1999 1169 2051 1212 ab
2063 1166 2142 1209 alia

1168 1227 1332 1283 persona
1363 1226 1563 1285 spirituali
1589 1240 1871 1287 competenter
1898 1227 2143 1285 provisum...

1173 1285 1298 1330 fuerit
1324 1286 1376 1330 de
1391 1286 1592 1343 expensis,
1622 1303 1704 1332 non
1732 1298 1948 1333 teneantur
1964 1284 2143 1344 praedicti

1170 1348 1413 1388 Conventus
1437 1347 1653 1402 providere
1680 1348 1834 1393 eisdem
1859 1348 1912 1390 de
1931 1348 2037 1389 victu
2060 1374 2077 1396 ,
2106 1345 2146 1386 δι

1170 1406 1315 1448 vestitu
1329 1431 1340 1442 ·
1359 1405 1487 1463 Qiod
1505 1405 1527 1447 fi
1546 1408 1643 1461 quid
1665 1406 1908 1464 superfuerit
1923 1406 2031 1448 ultra
2046 1416 2147 1460 prae·

1169 1464 1321 1508 dit-Itum
1355 1465 1500 1506 vicium
1525 1466 1565 1506 δι
1594 1466 1779 1508 vestitum
1806 1493 1821 1515 ,
1842 1466 1896 1507 de
1922 1479 1998 1516 eo,
2028 1460 2145 1519 quod

1172 1523 1241 1567 fibi
1257 1533 1517 1579 competeret
1546 1537 1594 1567 ex
1610 1523 1750 1567 officio
1765 1552 1780 1575 ‚
1816 1523 1887 1568 suo
1898 1521 2140 1566 Conventui

1171 1584 1315 1629 nativo
1345 1582 1541 1627 reddatur
1566 1584 1888 1628 distribuendum
1914 1580 2147 1625 communi·

1174 1654 1237 1687 ter
1255 1642 1363 1685 inter
1382 1644 1544 1686 Fratres
1562 1657 1573 1685 :
1593 1643 1756 1700 &quod
1772 1643 1909 1687 nullus
1924 1640 2147 1698 inquisitor

1174 1701 1354 1759 ejusdem
1370 1702 1536 1745 Ordinis
1569 1704 1606 1746 in
1621 1703 1757 1746 officio
1772 1701 2048 1760 lnquifitionis
2079 1712 2146 1740 re·

1173 1770 1337 1805 maneat
1351 1761 1456 1805 ultra
1472 1761 1574 1805 duos
1590 1777 1715 1806 annos
1730 1761 1946 1806 secundum
1961 1759 2144 1816 ejusdcm

1174 1822 1344 1865 Ordinis
1365 1822 1571 1874 generalia
1597 1822 1743 1866 statuta
1769 1822 1867 1865 dieti
1895 1816 2147 1878 Guglielmi·

1178 1885 1222 1925 C.
1234 1882 1274 1924 6.
1300 1880 1493 1937 §·finaeli·

1298 1942 1405 1986 item
1433 1938 1639 1985 statuimus
1665 1942 1704 1983 &
1728 1940 1965 1983 ordinamus
1991 1964 2005 1987 ,
2035 1933 2148 1992 quod

1173 2000 1381 2046 deeaetero
1423 2000 1561 2044 nullus
1591 2000 1858 2044 Praelatorum
1887 2030 1903 2051 ,
1935 1997 2119 2040 Minister
2138 2022 2153 2045 ,

1177 2059 1244 2099 vel
1270 2057 1487 2120 Magister,
1517 2059 1694 2113 aliquem
1719 2062 1907 2103 Fratrum
1935 2055 2153 2114 ejusdem-2

1177 2111 1345 2156 Ordinis
1359 2111 1569 2167 prasumat
1583 2116 1838 2170 adstringere
1854 2142 1870 2164 ,
1883 2117 1948 2159 vel
1965 2114 2154 2169 compet-

1179 2172 1269 2215 lere
1310 2170 1362 2212 ad
1394 2170 1569 2227 aliquam
1595 2172 1867 2228 pecuniariam
1896 2170 2146 2216 solutionem

1177 2230 1334 2271 ratione
1345 2227 1630 2291 cujuscumque
1643 2230 1790 2284 gradus
1807 2230 2061 2278 Scholastici,
2080 2230 2147 2272 vel

1179 2285 1397 2340 Magistertt
1427 2308 1442 2331 2
1480 2285 1720 2327 Lenonis„
1745 2314 1760 2338 ,
1789 2286 2147 2338 Baccalaureattis,

1179 2344 1245 2388 vel
1260 2343 1428 2387 alterius
1457 2342 1742 2400 cujuscumque
1766 2343 1835 2388 sub
1859 2359 1982 2402 poena
2012 2345 2149 2402 priva-

1180 2404 1303 2448 tionis
1326 2401 1504 2458 gradus,
1537 2412 1620 2446 tam
1649 2404 1689 2446 in
1716 2405 1907 2460 exigente
1935 2404 2055 2461 quim
2082 2405 2154 2449 itt-2

1180 2462 1474 2507 contribucnte
1488 2490 1502 2504 .

1298 2521 1495 2576 Insuper,
1521 2521 1614 2577 quia
1630 2536 1770 2579 parum
1791 2524 1847 2567 est
1863 2523 1974 2578 leges
1993 2522 2155 2565 conde·

1183 2598 1228 2628 te
1248 2610 1265 2634 ,
1293 2581 1361 2623 nisi
1388 2580 1621 2624 executioni
1646 2583 1792 2626 debitae
1818 2581 2126 2627 demandentur
2144 2610 2159 2634 ,

1186 2641 1379 2688 volumus
1405 2642 1445 2683 δι
1470 2640 1709 2685 mandamus
1723 2672 1738 2693 ,
1763 2658 1809 2685 ac
1826 2642 1959 2686 stricte
1975 2642 2155 2696 praecipi·

1189 2715 1275 2746 mus
1287 2700 1478 2743 univerfis
1501 2703 1539 2743 &
1564 2700 1727 2756 ungulis
1744 2703 1955 2746 Fratribus
1975 2698 2156 2756 ejusdem

1186 2761 1359 2806 Ordinis
1374 2787 1389 2810 2
1402 2760 1649 2818 ubicumque
1663 2760 1815 2805 suerint
1830 2792 1845 2815 ‚
1858 2764 1896 2804 &
1915 2760 2151 2811 intererint,

1183 2820 1468 2877 cujuscumque
1496 2819 1673 2878 gradus,
1698 2820 1766 2865 feu
1793 2819 2047 2865 conditionis
2071 2820 2158 2862 exi—

1185 2882 1287 2926 stant
1307 2908 1323 2933 ,
1348 2880 1461 2937 quod
1488 2883 1527 2924 in
1544 2883 1603 2924 his
1619 2878 2063 2935 omnibussupradietis
2083 2877 2157 2919 suis

1186 2939 1367 2999 Praelatis
1387 2949 1603 2984 teneantur
1615 2937 1791 2980 firmiter
1814 2937 1990 2981 obedire
2006 2963 2021 2986 ‚
2048 2938 2159 2980 scili-

1185 2998 1466 3044 cetGenerali
1491 2999 1531 3040 in
1558 3003 1652 3039 toto
1680 2996 1868 3049 Ordine,
1893 2998 1934 3040 &
1960 2995 2154 3040 Minillris

1186 3057 1511 3102 Provincialibus
1526 3056 1567 3099 in
1581 3056 1810 3101 Provinciis
1820 3083 1835 3106 ‚
1848 3054 2093 3098 Custodibus
2114 3054 2153 3096 in

1188 3115 1397 3162 Custodiis
1411 3145 1426 3166 ,
1439 3114 1689 3159 Guardianis
1720 3115 1760 3159 in
1777 3113 2125 3158 Guardianatibus
2139 3141 2155 3162 ,

1188 3171 1419 3229 caterisque
1434 3173 1615 3218 Praelatis
1627 3175 1667 3217 in
1684 3175 1745 3217 his
1761 3201 1775 3224 ,
1804 3175 1844 3217 δι
1868 3172 1958 3215 aliis
1972 3170 2098 3215 licitis
2112 3172 2154 3212 δι

1191 3232 1385 3286 honestis,
1397 3247 1482 3290 quae
1498 3248 1578 3277 non
1590 3236 1673 3278 sunt
1688 3244 1836 3279 eontra
1852 3231 2026 3274 animam
2042 3229 2068 3271 s
2061 3243 2153 3272 uam

1191 3296 1232 3336 δε
1247 3292 1447 3348 Regulam
1457 3291 1554 3337 dieti
1568 3292 1735 3337 Ordinis
1751 3321 1763 3335 .
1796 3294 1852 3335 Et
1869 3290 1894 3333 fi
1909 3290 1998 3347 quis
2013 3318 2028 3340 ‚
2043 3288 2156 3344 quod

1193 3351 1290 3397 abiit
1311 3380 1326 3404 ,
1355 3350 1651 3398 contrafecerit
1677 3379 1692 3404 ,
1712 3349 1818 3395 trina
1837 3348 2156 3397 admonitione*

1195 3409 1420 3468 praemissa,
1436 3409 1550 3454 factis
1563 3414 1754 3467 congruis
1769 3407 2001 3453 intervallis
2021 3435 2036 3459 ,
2053 3406 2156 3462 post,

1193 3471 1220 3514 fi
1235 3470 1403 3514 rebellis
1418 3499 1432 3522 ,
1444 3471 1733 3516 &inobediens
1751 3467 1934 3512 extiterit
1949 3495 1965 3520 ,
2003 3466 2155 3510 carceri

1193 3532 1479 3586 mancipetur.

1311 3592 1357 3634 ln
1372 3590 1560 3634 omnibus
1584 3596 1720 3631 autem
1734 3585 1824 3629 aliis
1853 3585 2005 3631 statutis
2019 3613 2034 3636 ,
2056 3596 2157 3624 con-

1190 3648 1470 3694 stitutionibus
1485 3674 1499 3699 ,
1522 3645 1848 3690 ordinationibus
1864 3674 1878 3696 ,
1907 3648 1946 3689 δι
1973 3641 2154 3687 declara·

1193 3708 1372 3751 tionibus
1388 3716 1473 3748 tam
1488 3707 1751 3750 summorum
1767 3705 2011 3750 Pontificum
2038 3699 2155 3756 quim

1191 3767 1368 3810 aliorum
1382 3777 1759 3823 quorumcumque,
1785 3767 1864 3807 five
1895 3767 1946 3805 de
1980 3773 2058 3803 non
2086 3768 2154 3794 ⁶0·

1190 3823 1394 3870 medendo
1415 3837 1554 3868 carnes
1572 3822 1609 3867 in
1623 3826 1925 3870 Festivitatibus
1951 3813 2154 3882 Nativita-

2011 3883 2059 3914 tis
2080 3894 2095 3916 ,
