2444 4192
371 227 563 310 444

301 362 401 408 soris
425 360 613 404 exhibito
626 361 642 411 ,‘
661 358 700 399 &
715 356 767 398 de
782 354 990 399 validitate
1004 356 1275 399 Processuum

303 420 533 478 hujusmodi
546 418 663 474 super
673 415 743 464 iis,
754 427 842 470 qun
854 415 940 471 post
954 414 1155 459 indultam
1170 418 1274 458 Bea-

299 479 562 525 tificationem
590 476 935 530 supervenerunt,
957 474 1038 517 rite
1061 472 1275 517 confecto-

299 554 420 591 rum,
444 538 534 580 satis
556 531 765 581 constitit,
791 531 954 576 tandem
981 534 1022 575 in
1037 536 1275 591 congrega-

299 600 413 643 tione
425 596 492 639 die
504 607 572 645 27.
588 591 832 646 Septembris
856 591 951 634 anni
979 592 1108 648 1673.
1136 592 1273 634 habita

298 649 1271 766 {ffleei'fififfiffissfiffiffiissffisssi‘ii{¹3

299 774 451 820 raculis
462 798 477 819 ,
502 782 586 826 quae
599 770 711 810 Deus
725 797 740 820 ,
762 767 830 825 qui
844 768 942 811 facit
962 768 1163 812 mirabilia
1179 781 1268 809 ma-

294 846 376 890 gna
396 826 799 881 solusnnterceffione
810 830 925 871 Serri
939 826 997 870 sui
1011 827 1196 882 dignatus
1208 825 1266 868 est

296 889 488 991 Ἓΐδέε
499 885 1139 989 ssssfficffiidr‘iiss‘i‘ssssssb‘i?
1143 885 1270 986 ¹²31?ss

295 964 321 992 n
484 972 495 984 α
621 972 635 986 ο
897 973 911 987 o
1135 972 1150 995 2

292 1004 633 1059 vixit‚Prcsbyter
646 1003 880 1048 cardinalis
895 1003 948 1048 de
963 1003 1150 1047 Maximis
1165 1015 1270 1044 nun-

293 1065 431 1122 cupati
446 1093 462 1117 ,
476 1078 528 1107 ex
537 1062 717 1106 unanimi
732 1061 1027 1106 Consultorum
1043 1060 1239 1103 (cntentia
1252 1088 1269 1111 ,

292 1126 334 1167 ἃ
345 1125 595 1181 prefatorum
609 1123 742 1165 Sacris
754 1120 891 1165 iisdem
902 1122 1067 1165 Ritibus
1079 1119 1269 1174 Praepofi-

293 1193 433 1227 torum
447 1180 727 1227 cardinalium
748 1179 935 1237 suffragio
949 1207 964 1232 ,
993 1180 1052 1222 uti
1078 1176 1268 1221 omnibus

292 1242 546 1297 probationis
569 1237 738 1284 calculis
761 1239 971 1288 absoluta,
998 1236 1267 1293 comprobata

289 1299 479 1345 fuerunt.
510 1298 689 1343 Primum
713 1311 858 1354 nempe
874 1296 1070 1341 francisci
1094 1296 1148 1339 de
1164 1298 1265 1338 Bar-

289 1373 363 1416 gas
375 1388 392 1411 ,
413 1359 479 1402 cui
492 1358 615 1402 index
626 1357 784 1400 finiflrae
799 1354 935 1399 manns
946 1353 1091 1399 securis
1106 1354 1189 1396 ictu
1206 1354 1263 1397 ita

395 1416 495 1470 isus,
520 1426 568 1460 ut
585 1416 655 1459 vix
668 1416 770 1459 cutis
785 1413 1228 1469 particulaeohaereret
1243 1442 1260 1464 ,

287 1476 419 1518 statim
435 1474 697 1519 consolidatis
709 1473 855 1516 offibus
867 1499 884 1523 ‚
913 1472 1044 1514 nervis
1056 1498 1073 1521 ‚
1100 1472 1143 1512 Bt
1164 1481 1262 1514 cute

286 1535 455 1577 omnino
468 1532 624 1575 validus
638 1533 839 1574 restitutus
851 1529 907 1572 est
920 1556 932 1569 .
965 1530 1021 1569 Et
1042 1536 1262 1580 quartum.»

285 1591 495 1633 Dominiei
508 1592 640 1632 Perez
656 1587 841 1643 agricolae
854 1612 870 1635 ,
880 1585 949 1640 qui
959 1596 1036 1639 ope
1055 1584 1169 1626 Beati
1184 1584 1261 1624 im·

285 1646 449 1705 plorata
460 1647 512 1689 ad
525 1646 701 1701 primum
714 1644 860 1699 ligonis
870 1643 989 1684 ictum
1016 1655 1065 1684 ex
1089 1639 1259 1684 aridiori

284 1718 404 1750 tcrrae
429 1704 503 1747 fitu
534 1703 720 1760 perennis
731 1702 815 1755 ,δι
828 1712 1042 1756 numquam
1053 1727 1069 1750 ,
1098 1698 1166 1743 vel
1192 1712 1260 1741 ex-

283 1763 499 1809 crescentis
510 1788 526 1812 ‚
557 1762 625 1806 vel
637 1761 864 1806 deficientis
879 1773 988 1815 aquae
1001 1756 1156 1803 fontem
1170 1758 1259 1801 exi-

284 1826 363 1868 lire
377 1821 557 1865 obtinuit
570 1849 588 1873 ,
598 1835 680 1877 quo
721 1819 856 1863 ubliea
870 1819 970 1862 Loci
983 1831 999 1870 ‚·
1027 1819 1068 1861 δι
1081 1820 1258 1861 Armen-

282 1894 424 1927 torum
446 1879 654 1924 calamitas
726 1880 759 1921 it
776 1886 964 1933 reparata
980 1904 995 1918 .
1023 1879 1164 1935 Qare
1194 1889 1258 1932 pe-

282 1941 398 1986 nais
421 1939 633 1988 omnibus,
662 1951 748 1996 qua
775 1934 885 1978 felic.
898 1950 983 1979 ree.
1014 1935 1166 1979 Urbani
1184 1936 1258 1977 Pa·

279 2015 340 2058 pc
354 2000 478 2042 VIII.
502 1996 681 2039 (imiliter
708 1992 1005 2039 Praedeceffnris
1036 1994 1158 2036 nostri
1174 1994 1259 2037 De·

279 2068 394 2103 creta
422 2054 663 2109 exigebant.
696 2054 813 2096 Idem
826 2051 1020 2096 Clemens
1035 2052 1257 2095 Praedeces-

278 2120 359 2166 sor,
370 2115 509 2158 accitis
520 2114 668 2155 iterum
676 2110 1002 2161 consultoribus,
1013 2124 1151 2154 eorum
1164 2125 1261 2154 una-

281 2175 420 2222 nimeu
451 2171 688 2217 senteutiam
708 2199 724 2223 ‚
754 2172 793 2213 δι
809 2170 1091 2214 cardinalium
1114 2170 1257 2227 praesa-

277 2242 418 2279 aorum
447 2229 622 2287 suffragia
651 2229 842 2287 probavit
865 2255 882 2279 ‚
925 2226 1033 2286 poffe
1064 2228 1256 2274 videlicet

278 2293 599 2351 quandocunque
613 2290 708 2333 tuto
717 2287 900 2332 deseniri
925 2286 978 2331 ad
1003 2286 1252 2333 solemnem..

278 2349 491 2396 memorati
506 2352 550 2393 Β.
564 2348 766 2392 Paschalis
781 2347 1145 2391 canonizationem
1159 2375 1175 2401 ‚
1184 2346 1251 2402 ju.

281 2421 349 2455 xta
362 2411 503 2454 Ritum
518 2411 560 2452 S.
577 2409 632 2451 R.
648 2408 695 2450 Ε.
710 2435 726 2458 ,
737 2407 778 2450 δι
788 2406 948 2450 Sacror.
964 2408 1178 2450 canonum
1194 2406 1252 2449 in.

277 2470 433 2521 nfirma,
450 2480 627 2524 eumque
640 2463 798 2510 definiri
807 2465 1000 2509 cumDeo
1013 2474 1253 2522 regnantem

278 2529 320 2571 in
348 2527 497 2571 Gloria
523 2527 790 2573 sanctorum,
813 2525 854 2567 ἃ
880 2538 1021 2568 eorum
1049 2523 1254 2582 Catalogo

278 2583 523 2640 adstriptum
537 2582 616 2627 toti
631 2582 818 2629 Ecclefiae
831 2582 1049 2627 colendum
1063 2582 1251 2640 proponi.

331 2644 356 2692 9
366 2672 377 2684 .
391 2654 457 2696 ²4·
518 2642 690 2686 Interim
702 2643 802 2686 vern
811 2639 957 2685 eodem
968 2640 1198 2690 Clemente,
1210 2640 1250 2682 ει

277 2702 413 2747 (inuiis
448 2698 744 2744 recordationis
767 2698 1011 2742 Innocentio
1035 2699 1141 2755 Papa
1169 2698 1247 2740 XI.

274 2763 399 2807 etiam
409 2754 764 2802 Prndecess'oribus
777 2754 936 2800 Nostris
968 2755 1072 2799 riam
1086 2755 1248 2801 unirer·

277 2822 325 2866 sc
337 2818 468 2861 carnis
481 2814 659 2873 ingredia
675 2840 691 2865 ‚
714 2814 858 2858 ultima
869 2828 988 2858 manu
1005 2815 1095 2859 huic
1106 2817 1246 2859 Cano·

275 2876 491 2921 nicationis
520 2873 691 2930 negotio
701 2871 884 2916 nondum
897 2871 1058 2916 admoti
1075 2901 1091 2926 ,
1117 2886 1247 2916 cum..

273 2938 360 2981 alie
380 2945 520 2992 preces
536 2941 761 2976 memorato
776 2930 1014 2975 Alexandro
1032 2930 1250 2975 predeces-

275 2995 353 3040 sori
366 2997 387 3037 a
400 2990 642 3035 Charillimis
655 2990 693 3033 in
706 2990 872 3034 Christo
885 2988 975 3033 filiis
990 2990 1250 3034 NostrisLeo·

272 3052 400 3112 poldo
416 3053 690 3095 Romanorum
708 3051 822 3106 Rege
852 3049 891 3092 in
913 3049 1244 3106 Imperatorem..

273 3114 404 3156 eledo
417 3139 431 3162 ,
443 3111 485 3152 δι
496 3108 654 3153 carolo
666 3108 942 3166 Hispaniarum
959 3110 1074 3166 Rege
1088 3108 1247 3151 Catho-

275 3174 379 3218 lico.
398 3169 585 3226 porrecte
595 3164 753 3211 suiffent
767 3169 832 3219 ,ει
846 3165 1012 3211 subinde
1031 3168 1135 3211 Vcn.
1151 3167 1244 3210 Fra·

274 3242 338 3274 ter
352 3229 512 3276 Noster,
525 3236 621 3270 tunc
634 3225 903 3277 suus‚I²larius
918 3225 1135 3283 Episcopus
1151 3225 1246 3269 Por·

273 3290 414 3333 tuentis
439 3291 482 3332 S.
500 3288 550 3330 R.
568 3286 617 3328 P..
632 3284 762 3329 Card-
774 3283 930 3327 chifius
957 3294 1212 3342 nuncupatus
1226 3314 1244 3337 ,

276 3350 362 3390 vice
379 3344 636 3390 Venerabilis
647 3345 772 3388 etiam
789 3344 946 3388 Fratris
961 3343 1098 3386 Nostri
1112 3372 1128 3397 ,
1143 3352 1240 3387 tunc

274 3404 330 3449 sui
344 3433 359 3455 ‚
387 3403 581 3448 Alderani
599 3403 784 3460 Epist-opi
817 3402 1002 3447 Ostiensis
1032 3400 1242 3470 ejusdem..

273 3468 314 3509 s.
334 3466 382 3505 R.
400 3466 446 3507 Β.
462 3461 694 3506 cardinalis
709 3461 832 3510 vao
844 3470 1061 3518 nuncupati
1076 3459 1243 3517 prefata

272 3522 615 3578 congregationis
643 3518 819 3565 rroefeeti
835 3548 851 3573 ‚
878 3523 1020 3564 morbo
1042 3529 1138 3563 tune
1167 3518 1241 3563 de·

270 3591 375 3626 teon
393 3608 407 3629 ,
432 3584 469 3621 in
489 3578 734 3624 Conlillorio
759 3579 877 3637 iplius
901 3578 1118 3624 Alexandri
1136 3580 1242 3623 Pr·-

270 3635 484 3685 decefforis
499 3637 654 3682 secreto
665 3638 854 3683 summam
868 3636 1074 3696 processus
1090 3667 1105 3690 ,
1116 3635 1243 3682 suam·

365 3725 380 3750 ‚
390 3696 431 3738 δι
442 3695 615 3739 aliorum
628 3698 895 3756 collegarum
908 3696 1068 3742 suorum
1082 3696 1125 3741 d.
1139 3699 1240 3743 stt.

272 3713 621 3804 ffcsrdimunm
654 3759 788 3800 Sacris
811 3757 972 3800 Ritibus
1003 3755 1238 3813 Propoiito·

272 3831 359 3864 rum
373 3812 606 3860 sententiam
620 3812 851 3871 caposnillet
864 3840 879 3864 ‚
891 3816 1105 3873 ceterique
1115 3819 1156 3860 m
1167 3828 1236 3860 ρο.

886 195 1051 286 Sub
1111 194 1539 283 Innocentio
1600 196 1743 285 XI
1754 200 1806 286 I.

1333 356 1427 399 dem
1452 355 1695 400 confistorio
1719 357 1932 413 praesentes
1951 353 2201 399 -Cardinales
2227 376 2242 403 ‚
2269 352 2311 394 δε

1333 413 1510 458 unanimi
1534 415 1720 472 suffragio
1745 412 2018 467 adhaefiffent3
2038 416 2077 456 δι
2104 413 2238 470 postea
2268 409 2311 452 in

1332 472 1414 516 alio
1425 473 1594 529 publico
1608 473 1856 518 Confistorio
1869 498 1883 520 ,
1896 486 1978 528 quo
1991 482 2137 526 praeter
2154 468 2306 516 Cardi-

1332 531 1441 575 nales
1454 533 1636 588 prefatos
1649 558 1664 582 ‚
1678 534 1801 576 etiam
1814 531 2050 574 Patriarchae
2060 556 2076 579 ‚
2090 527 2310 584 Archiepia

1332 587 1442 646 scopi
1457 619 1474 642 ,
1489 593 1527 634 δι
1543 593 1731 648 Episcopi
1744 591 1785 632 in
1804 590 1918 634 Urbe
1931 598 2246 640 commorantes,
2256 600 2303 629 ac

1331 649 1480 692 Dilecti
1496 649 1588 693 Filii
1603 652 1798 693 Romanae
1810 647 1941 691 curiae
1956 645 2112 689 Proelati
2131 673 2147 697 ‚
2171 641 2311 702 iplius.

1328 722 1407 764 que
1419 701 1947 752 AlexandriPraedecefforis
1962 704 2196 748 Familiares
2209 717 2309 746 con-

1328 777 1523 810 venerant
1535 795 1551 818 ,
1577 765 1747 810 dilectus
1774 766 1899 808 etiam
1923 764 1952 805 F
1958 764 2048 807 ilius
2071 762 2309 810 Alexander.

1328 824 1509 868 casalius
1527 825 1798 875 Nostrae,tune
1814 821 2201 872 sumcmfistorialis
2219 823 2307 864 Au-

1330 882 1376 925 1ae
1386 884 1622 927 Advocatus
1633 883 1686 926 de
1704 885 1799 926 Vita
1811 909 1826 932 ‚
1843 882 2061 926 virtutibus
2076 906 2091 931 ,
2117 883 2157 923 δι
2180 880 2308 922 mira-

1329 942 1433 986 culis
1449 942 1490 984 d.
1506 943 1551 984 Β.
1566 942 1768 985 Paschalis
1778 939 1938 984 dixiffet
1949 968 1966 993 ,
1978 950 2101 995 atque
2116 937 2305 995 praefato-

1330 1013 1419 1043 rum
1450 1002 1732 1044 Romanorum
1759 1002 1885 1055 Regis
1912 999 1952 1042 in
1970 1001 2311 1055 imperatorem.»

1328 1059 1445 1102 electi
1460 1086 1473 1110 ,
1495 1060 1535 1100 &
1550 1059 1832 1114 Hispaniarum
1847 1058 1977 1114 Regis
1996 1055 2206 1101 Catholici
2219 1081 2235 1104 2
2266 1055 2309 1098 δι

1329 1114 1497 1161 univerfi
1512 1116 1679 1160 Ordinis
1692 1120 1879 1160 Fratrum
1895 1117 2106 1161 Minorum
2120 1117 2162 1158 S.
2182 1116 2308 1159 Fran-

1328 1176 1421 1219 cisci
1436 1175 1488 1219 de
1502 1174 1766 1220 Observantia
1779 1177 1937 1220 nomine
1951 1174 2153 1232 supplices
2168 1185 2310 1231 preces

1326 1248 1405 1291 pro
1418 1232 1594 1292 ejusdem
1605 1235 1930 1279 canonizatione
1941 1231 2163 1285 detulisset,
2174 1233 2305 1276 dictus

1325 1293 1558 1337 Alexander
1572 1292 1841 1337 Proedecessor
1852 1292 2077 1347 huiusmodi
2088 1303 2232 1348 preces
2239 1292 2304 1334 ef-

1324 1350 1413 1395 suso
1425 1366 1517 1395 cum
1531 1352 1754 1395 exultantis
1765 1351 1886 1394 animi
1906 1349 2016 1395 sensu
2045 1350 2208 1406 excepit
2221 1379 2238 1401 ,
2262 1349 2304 1392 Bt

1322 1411 1539 1455 attendens
1553 1439 1568 1463 ,
1580 1410 1692 1466 quod
1706 1409 1758 1452 ad
1771 1410 1959 1454 Ecclesia:
1973 1409 2199 1452 Catholicae
2211 1408 2306 1464 glo.

1322 1473 1426 1511 riam
1442 1470 1566 1510 etiam
1582 1481 1773 1509 numerus
1787 1494 1801 1518 ‚
1820 1467 2118 1510 &excellentia
2132 1468 2305 1511 Sanao-

1321 1539 1413 1567 rum
1426 1551 1442 1574 ‚
1455 1527 1524 1579 qui
1541 1525 1650 1566 illam
1664 1523 1911 1567 illustrarunt
1928 1525 2128 1579 pertineat
2139 1551 2156 1575 ‚
2185 1524 2303 1581 gavi-=

1322 1581 1386 1624 sus
1400 1579 1652 1638 summopere
1668 1578 1744 1624 fuit
1769 1582 1820 1623 ab
1842 1583 1999 1626 eximiis
2023 1582 2229 1639 praedicti,
2261 1584 2302 1626 &

1319 1640 1494 1684 aliorum
1510 1643 1726 1684 Beatorum
1748 1640 1968 1687 virtutibus
1982 1670 1999 1694 2
2010 1640 2243 1699 meritisque
2256 1643 2302 1687 in

1318 1698 1464 1743 eodem
1478 1699 1725 1743 Confistorio
1734 1699 1875 1744 relatis
1889 1730 1904 1754 ,
1915 1699 2298 1758 prestantiffimum„

1318 1757 1387 1801 sibi
1413 1758 1577 1814 praeberi
1602 1768 1882 1813 argumentum
1905 1758 2080 1816 ejusdem
2107 1761 2294 1805 Ecclefiae

1318 1816 1489 1920 gloriam
1514 1814 1810 1873 amplificandi,
1840 1816 1994 1862 firmam
2014 1818 2232 1875 presertim
2254 1820 2297 1863 in

1336 1890 1424 1932 pem
1441 1875 1665 1925 adductus,
1691 1874 1807 1930 fore,
1835 1888 1880 1920 ut
1912 1876 2055 1920 fideles
2077 1886 2176 1922 tunc
2204 1877 2294 1934 ejus

1317 1934 1504 1991 supremae
1515 1934 1702 1977 custodiae
1716 1934 1926 1986 commiffi,
1938 1935 1990 1979 ad
2007 1946 2089 1979 tam
2104 1936 2296 1992 praeclara

1318 1992 1518 2050 sequenda
1532 1993 1695 2049 vestigia
1711 1995 1976 2038 vehementer
1987 1996 2269 2041 excitarentur
2279 2023 2296 2039 .

1380 2052 1419 2103 §-
1433 2063 1504 2101 25.
1564 2054 1623 2096 Ut
1637 2062 1772 2096 autem
1794 2052 2079 2097 difficillimum
2093 2069 2199 2110 opus
2214 2053 2295 2098 rit}

1318 2108 1519 2157 conficere
1535 2111 1687 2154 valeret
1699 2137 1713 2161 s
1730 2113 1756 2157 a
1769 2113 2001 2157 memoratis
2015 2114 2219 2158 fidelibus
2229 2111 2296 2172 ju.-

1319 2181 1392 2216 xta
1404 2168 1650 2227 praescriptas
1662 2169 1741 2224 jam
1769 2172 1795 2216 a
1818 2170 1859 2214 st
1884 2171 2079 2217 mutares
2090 2174 2295 2229 poeniten-

1313 2232 1391 2276 tias
1404 2257 1422 2281 ,
1438 2229 1502 2285 pia
1514 2227 1772 2286 ferventique
1783 2231 2007 2288 nuncupari
2022 2241 2116 2275 vota
2133 2232 2292 2289 impenq

1311 2291 1356 2335 se
1367 2290 1407 2333 in
1420 2288 1598 2331 Domino
1610 2288 1745 2346 flagita
1754 2289 1813 2332 vit
1823 2316 1839 2342 ,
1866 2298 1912 2333 ut
1925 2292 2193 2347 supernorum
2222 2291 2290 2334 lu·

1311 2350 1462 2393 minum
1478 2347 1826 2406 Pater‚caligantis
1842 2348 2104 2393 humanitatis
2117 2349 2212 2394 velo
2220 2356 2290 2395 reo·

1312 2406 1428 2452 scisso
1440 2435 1456 2460 ,
1472 2406 1662 2449 Divinum
1679 2406 1982 2464 beneplacitum
1995 2436 2010 2460 ,
2032 2407 2114 2452 fine
2137 2408 2286 2465 proevia

1312 2466 1420 2523 cujus
1439 2464 1710 2522 intelligentia
1722 2492 1739 2517 ‚
1759 2465 1914 2510 infirma
1927 2465 2069 2511 fuisset
2096 2466 2286 2524 quelibet

1312 2524 1583 2577 deliberatio,
1596 2523 1665 2567 fibi
1676 2524 1906 2569 ostenderet
1918 2557 1933 2567 .
1962 2527 2077 2579 Quin
2093 2527 2217 2573 etiam
2233 2524 2287 2571 ad

1310 2597 1446 2627 omnes
1460 2582 1739 2625 accuratiffimi
1759 2583 1919 2639 Judieis
1946 2594 2080 2639 partes
2107 2583 2286 2642 implen-

1308 2642 1406 2690 das,
1424 2649 1638 2693 antequam
1652 2638 1768 2697 super
1784 2649 1918 2685 retam
1933 2643 2066 2698 magni
2083 2640 2283 2686 momenti

1305 2700 1547 2743 decerneret
1565 2725 1579 2749 ‚
1591 2697 1805 2742 advocarit
1818 2699 1858 2742 in
1873 2700 2080 2743 confilium
2096 2697 2284 2757 prefatos

1307 2760 1411 2802 Ven.
1429 2759 1586 2800 Fratres
1600 2757 1886 2807 Nostros‚tunc
1899 2758 2118 2808 suos,dietae
2129 2760 2285 2806 S.R.E.

1307 2816 1553 2859 Cardinales
1568 2844 1583 2867 ,
1598 2829 1755 2858 necnon
1769 2816 2049 2871 Paniai-elias,
2063 2818 2280 2875 Archia-pi.

1308 2874 1449 2931 scopos
1466 2902 1480 2927 ,
1506 2875 1548 2917 er
1572 2875 1788 2931 Epist-opos
1805 2886 1900 2918 runc
1915 2875 1955 2918 in
1972 2877 2086 2921 Urbe
2097 2890 2280 2923 commo*

1308 2945 1447 2978 rantes
1458 2962 1475 2986 ,
1489 2934 1559 2991 qui
1571 2932 1824 2989 postmodum
1850 2934 1888 2977 in
1903 2935 2152 2980 confistorio
2166 2935 2279 2982 semi·

1305 2993 1478 3094 ξυδΙίεο
1489 2992 1539 3036 ad
1553 2993 1657 3035 hunc
1670 2991 1851 3036 effectum
1867 2992 2020 3038 indicio
2033 3022 2050 3047 ,
2080 2995 2280 3053 presenti-

1337 3065 1382 3094 us
1393 3051 1515 3096 etiam
1530 3050 1801 3102 Nostris‚tunc
1813 3050 1907 3105 suis,
1921 3053 1959 3095 a:
1976 3055 2086 3098 Sedis
2102 3053 2277 3112 Aposto-

1307 3109 1390 3153 licoe
1405 3109 1586 3156 Notariis
1599 3110 1663 3161 ,δι
1678 3109 1899 3155 Causarum
1915 3111 2060 3157 Palatii
2076 3111 2276 3171 Apostoli·

1306 3171 1342 3211 ci
1357 3169 1621 3214 Auditoribus
1637 3182 1687 3213 ex
1699 3170 1755 3213 eis
1767 3196 1782 3219 s
1808 3183 1894 3227 qun
1909 3171 2020 3215 abeo
2036 3186 2110 3228 pro
2170 3170 2237 3215 lita
2251 3200 2270 3224 ,

1304 3228 1403 3271 &ex
1420 3227 1606 3285 processu
1632 3229 1755 3273 relata
1768 3227 1925 3272 fuerant
1938 3255 1954 3280 ‚
1981 3232 2024 3274 Β.
2040 3234 2095 3276 Pa
2114 3230 2272 3275 chalem

1302 3286 1635 3331 canonizandum
1647 3288 1733 3332 este
1755 3288 1905 3346 apertis
1918 3285 2003 3333 suff«
2012 3290 2112 3348 agiis
2128 3290 2270 3335 unani·

1303 3347 1423 3389 miter
1435 3345 1672 3392 censuerunt
1683 3373 1697 3389 .

1358 3405 1382 3455 9
1412 3416 1479 3455 ss.
1539 3407 1647 3450 cum
1663 3405 1798 3463 itaque
1822 3402 1879 3448 nil
1902 3402 2010 3450 aliud
2024 3405 2269 3452 desiderare·

1300 3470 1535 3518 turcorum,
1546 3477 1631 3522 quoe
1641 3477 1690 3508 ex
1705 3466 1938 3510 Sanflorum
1953 3464 2117 3508 Patrum
2126 3469 2267 3517 aneio-f

1301 3523 1443 3574 ritate,
1456 3524 1677 3567 Sacrorum
1689 3525 1906 3568 canonum
1922 3523 2110 3569 Decretis
2123 3552 2138 3578 ,
2164 3538 2264 3583 pr·-

1302 3578 1390 3625 satae
1402 3585 1443 3627 S.
1461 3584 1515 3627 R.
1529 3583 1577 3627 B.
1586 3581 1750 3639 antiqua
1769 3580 2058 3627 consuetudine
2073 3612 2089 3636 ‚
2117 3598 2164 3628 ae
2180 3587 2265 3629 De·

1301 3651 1511 3684 cretorum
1553 3638 1731 3699 ejusdem
1767 3639 1919 3684 Urbani
1956 3642 2261 3689 Proedecessoris

1298 3699 1454 3755 pra-scri
1486 3710 1531 3743 to
1554 3696 1739 3755 agenda.
1762 3698 1804 3741 dt
1831 3698 2079 3745 observanda
2102 3711 2218 3747 erant
2242 3729 2260 3757 ,

1298 3757 1452 3801 idemA
1472 3758 1651 3802 erander
1677 3756 1951 3802 Proedecelsor
1979 3761 2260 3807 advenientea

1295 3815 1567 3873 predestinata
1595 3814 1662 3860 die
1692 3815 1754 3859 16.
1779 3818 1967 3863 Octobris
1996 3833 2103 3864 anno
2120 3830 2263 3878 prete·

2128 3889 2209 3924 1110
