2444 4192
306 207 404 279 72
846 177 1005 264 Sub
1071 172 1398 263 Nicolao
1462 173 1630 265 IV.

249 332 479 385 alium,vel
493 334 594 378 alios
616 333 798 379 Ordines
816 362 831 386 ‚
860 338 1100 382 transierunt
1114 340 1213 397 jam,
1275 339 1381 382 riora
1407 350 1479 393 per
1503 349 1695 385 carnem,
1723 333 1763 374 δι
1794 340 1968 379 nervosa
1991 328 2030 370 &
2059 324 2136 368 ossa
2168 322 2246 366 3¹¹³*

246 392 311 435 vel
331 394 564 437 transierint
580 422 595 445 ‚
610 410 647 438 in
662 397 852 449 Ordine,
866 398 948 440 five
968 400 1211 451 Ordinibus,
1274 398 1452 455 quinque
1474 395 1656 451 partibus
1680 402 1901 440 manuum,
1923 387 2069 442 pedum
2086 415 2100 437 ,
2128 387 2164 426 &
2188 383 2247 424 la-

244 450 296 492 ad
326 467 447 508 quem
458 478 472 501 2
502 455 568 497 vel
589 456 642 497 ad
670 469 773 511 quos
791 484 805 507 ,
832 459 1042 499 transitum
1064 460 1214 501 habue-

239 522 427 562 runt,aut
450 527 520 556 eos
535 514 795 570 imposterum
810 517 963 559 habere
978 518 1214 572 contigerit,

244 570 312 611 vel
325 571 447 612 etiam
461 581 580 614 extra
594 573 762 625 illos,ad
780 575 936 617 nullam
950 576 1119 617 omnino
1135 577 1206 616 ad·

241 629 582 674 ministrationem
595 661 612 683 ,
628 634 694 675 vel
711 631 891 674 officium
904 647 1041 675 curam
1054 636 1206 676 anima-

242 701 336 729 rum
350 689 541 731 habentia
556 716 571 739 ,
586 705 660 732 nec
675 692 796 733 etiam
820 691 870 732 ad
885 691 1063 747 aliquam
1079 693 1214 748 digni-

243 748 459 795 tatcm‚vel
475 747 823 799 Praelaturam‚seu
839 748 1096 804 personatum
1112 765 1212 806 quo·

242 807 454 870 quomodo
477 804 621 858 poffint
644 807 782 849 assumi
797 807 944 864 absque
967 810 1213 865 Apostolicae

243 863 361 904 hedis
379 863 567 918 speciali,
582 865 623 906 δι
641 863 819 921 expressa
834 867 998 909 licentia
1012 893 1026 916 ,
1052 882 1124 922 per
1150 868 1210 920 ip-

241 921 320 986 sius
335 921 452 964 Sedis
474 932 663 977 patentes
677 926 839 967 litteras
854 926 1118 968 concedenda
1133 954 1146 975 ,
1161 923 1215 964 fa-

244 990 399 1021 cientes
417 979 578 1035 plenam
592 1009 606 1032 ,
623 992 780 1026 certam
795 1010 810 1031 ‚
839 985 877 1025 &
896 984 1212 1026 determinatam

242 1038 296 1080 de
314 1037 464 1081 statuto
478 1067 494 1090 ‚
510 1042 552 1082 δε
564 1041 830 1084 ordinatione
857 1041 1086 1096 hujusmodi
1105 1054 1212 1082 men-

246 1098 400 1139 tionem
413 1125 424 1136 .
442 1099 533 1139 Nos
556 1099 664 1140 enim
679 1099 947 1141 nihilominus
963 1115 1012 1142 ex
1027 1113 1133 1141 nunc
1156 1099 1211 1139 ir·

245 1157 371 1197 ritum
383 1156 424 1196 &
440 1156 559 1197 inane
574 1156 835 1199 decernimus
850 1185 865 1207 ,
891 1158 919 1197 si
938 1158 1048 1201 secus
1069 1157 1109 1198 in
1137 1158 1212 1200 hac

244 1224 367 1269 parte
381 1212 503 1256 suerit
520 1224 780 1258 attentatum.
800 1214 916 1258 Nulli
932 1229 1033 1270 ergo
1046 1217 1124 1257 &c-
1137 1229 1212 1259 no-

240 1273 326 1315 flrae
344 1273 615 1315 ordinationis
630 1302 645 1326 ,
656 1273 964 1317 &inhibitionis
976 1276 1055 1316 &c.

359 1333 510 1374 Datum
529 1333 662 1376 Reate
676 1329 853 1376 secundo
866 1331 954 1377 idus
973 1332 1090 1390 Maji,
1105 1334 1212 1375 Pon-

243 1387 421 1432 tificatt'is
448 1390 572 1435 nostri
589 1394 714 1437 Anno
737 1391 900 1438 Primo.

301 1509 420 1552 Bulla
438 1509 651 1565 plumbata
667 1513 712 1553 ἐκ
726 1511 849 1555 Arch.
867 1512 1073 1556 Aracaelt't.
1094 1524 1134 1553 n.
1154 1526 1175 1554 2
1182 1523 1220 1564 3.

363 1571 514 1624 specul.
532 1573 682 1612 Minor.
702 1570 870 1612 taff-2.
884 1569 1035 1627 fhL33.
1057 1570 1220 1624 Rodrr‘q.

358 1630 404 1669 in
421 1627 841 1681 Collefl.fhl.48.col.a.
854 1631 1219 1685 Waddmg.tom.5.

358 1687 508 1728 Annal.
516 1685 597 1744 sol.
615 1699 715 1740 514.

1102 1827 1216 1842 ——1

242 1922 658 1980 concionatorem,
671 1926 776 1974 S.P.
794 1923 1036 1974 Francisco
1050 1923 1223 1974 nonnisi

310 1988 439 2062 figna
460 1994 548 2042 Dei
567 1994 739 2044 mortui
758 2029 774 2052 ,
796 1992 844 2045 ὅ(
863 1994 1049 2063 quidem
1071 1993 1218 2063 super·

311 2059 524 2112 ficialitcr
543 2062 592 2115 &
609 2063 668 2113 ad
688 2065 883 2114 modum
897 2102 912 2122 ,
933 2068 999 2114 uti
1013 2066 1059 2113 in
1074 2066 1219 2129 ρίἂιι-

311 2135 375 2180 ris
390 2134 597 2181 cernitur
615 2167 633 2190 ,
648 2131 856 2199 imprcffa
886 2131 1013 2182 fuiffc
1033 2130 1219 2182 afferen-

310 2214 433 2258 tem,
462 2200 796 2269 praedicationis
824 2200 985 2252 officio
1031 2205 1219 2268 privat,

308 2270 658 2335 doRrinamque
686 2255 772 2317 deu
800 2269 1061 2338 improbam
1089 2269 1139 2321 ὅ(
1156 2284 1218 2319 te·

313 2339 565 2390 merariam
581 2338 775 2388 damnat
789 2373 802 2389 .

245 2480 709 2535 NICOLAUS
749 2482 1219 2539 EPISCOPUS

426 2610 601 2654 Saravus
634 2611 890 2655 §navorum
924 2612 1007 2655 Det
1021 2639 1033 2652 .

263 2726 428 2775 Dilefflo
458 2728 590 2778 Filio,
618 2731 749 2772 Priore·
777 2731 835 2773 N.
853 2729 1091 2774 stovincian
1117 2731 1224 2775 Fra-

348 2797 458 2832 trum
471 2785 630 2833 ordinis
657 2791 713 2832 N·
734 2789 948 2833 Provincia
959 2792 1106 2849 Tafis:
1119 2815 1133 2832 .

374 2920 453 2963 Um
467 2915 518 2960 ad
535 2931 651 2963 aures
664 2918 823 2963 nostras
836 2919 1102 2965 insinuatione
1115 2919 1224 2963 mul-

395 2977 522 3033 tipiici
536 2974 776 3035 pervenisset
790 3008 804 3032 ,
817 2980 930 3038 quod
949 2982 1016 3024 Fr.
1034 2982 1147 3024 N.N.
1164 2979 1222 3022 tui

258 3037 425 3081 Oruims
438 3065 452 3089 ‚
471 3051 566 3081 cum
584 3040 623 3081 in
637 3036 706 3080 die
725 3039 966 3084 Festivitatis
982 3040 1093 3084 Beati
1112 3039 1222 3083 Petri

259 3097 458 3153 Martyris
473 3096 639 3153 publice
655 3096 920 3153 predicaret,
938 3098 1014 3143 suis
1041 3098 1224 3143 terminis

260 3167 342 3199 non
365 3166 609 3208 contentus,
624 3156 663 3199 in
683 3156 1025 3202 obtrectationem
1049 3158 1226 3215 Stigma-

259 3225 350 3257 tum
367 3214 567 3260 Crucifixi
580 3245 596 3269 ,
613 3215 757 3273 quibus
780 3221 826 3262 B.
843 3213 1077 3263 franciscus
1092 3229 1225 3269 certo,

261 3275 301 3316 δι
316 3273 507 3332 singulari
533 3275 648 3320 dono
675 3274 881 3334 insignitus
898 3275 1008 3322 fuisse
1021 3276 1226 3334 dignosci·

263 3344 361 3387 tur,
388 3336 604 3380 temeraria
625 3335 915 3394 objurgatione
941 3339 1156 3395 prorupit,
1182 3348 1227 3380 ut

264 3391 365 3456 signs
384 3395 459 3437 Dei
476 3396 560 3439 rivi
575 3396 621 3439 Β.
638 3398 765 3439 Petro
778 3400 953 3453 Martyri
970 3427 984 3450 ,
997 3399 1036 3441 Gt
1056 3399 1232 3442 BAEran·

261 3449 368 3494 ειίίο
383 3456 535 3499 mortui
554 3455 629 3498 Dei
647 3455 777 3513 signa,
802 3456 841 3498 8(
857 3457 938 3499 boee
965 3456 1007 3501 su
1037 3455 1229 3501 ersieiali·

261 3517 356 3558 ter,
377 3509 472 3554 ficut
491 3514 677 3560 cernitur
697 3516 735 3559 in
749 3515 946 3572 pisturis,
970 3532 992 3559 a
1027 3517 1232 3560 scriberet.

260 3568 366 3634 Nos,
387 3566 500 3624 super
526 3574 583 3615 his
611 3590 691 3619 non
717 3575 796 3618 sine
822 3573 1096 3621 admiratione
1120 3590 1232 3620 com·

263 3636 366 3669 mot!
395 3653 409 3678 ‚
437 3628 511 3670 boc
539 3631 761 3689 diiigenter
793 3634 1041 3679 attendimus
1066 3663 1082 3686 ‚
1117 3633 1230 3692 quod

260 3686 405 3756 Santi:
436 3687 613 3755 Romana
646 3693 822 3738 Ecclesia
842 3724 858 3747 ,
885 3694 939 3739 de
956 3696 999 3739 Β.
1016 3694 1230 3739 Francisco

256 3744 298 3790 ἅ
310 3749 558 3811 δῐῑιξπιωπι
574 3763 654 3799 ejus
673 3750 875 3803 infixione,
893 3752 1085 3808 sollicita,
1103 3754 1172 3797 ina
1189 3755 1227 3796 in

258 3816 381 3850 carne
397 3804 518 3861 ipsius
536 3819 613 3850 non
631 3805 943 3867 superficialiter
958 3842 972 3866 ,
988 3813 1052 3859 scd
1068 3816 1107 3859 in
1123 3815 1224 3857 inte·

1275 458 1370 500 teris
1387 462 1427 497 in
1441 466 1577 498 certos
1591 484 1607 505 ‚
1624 455 1663 495 δι
1681 461 1883 505 congruos
1912 446 2013 489 fines
2045 441 2243 503 ingressa-3

1275 518 1331 558 ita
1345 526 1487 558 utnon
1515 515 1669 556 virtute
1693 519 1871 555 naturae,
1896 502 1967 547 sed
1995 503 2246 546 miraculoso

1267 574 1403 631 gratiae
1426 572 1538 615 dono
1552 574 1602 613 sic
1618 570 1731 617 ficri,
1757 565 1822 607 vel
1839 561 1915 606 effe
1929 564 2111 617 potuerit
2136 588 2150 610 ,
2171 573 2245 615 per

1266 636 1384 677 testes
1410 631 1595 687 legitime
1627 623 1935 683 comprobatum
1965 623 2124 676 accepit
2159 648 2173 670 ,
2205 619 2245 659 δε

1274 704 1318 735 ut
1335 692 1383 734 fic
1397 692 1449 734 de
1463 690 1732 746 stigmatibus
1756 682 1875 739 ipsius
1898 682 1943 722 B·
1956 678 2159 722 francisci
2185 688 2246 719 te-

1272 762 1414 793 neatur
1440 776 1453 798 ,
1478 751 1518 791 ἃ
1547 743 1836 790 venerabiliter
1849 738 2124 786 observetur,
2146 738 2244 778 irre-

1274 808 1457 864 fragabili
1486 808 1687 850 sanctione
1713 801 1917 845 firmavit:
1945 811 1993 840 ex
2021 809 2103 853 quo
2119 794 2244 836 ambi-

1272 881 1394 922 guum
1423 865 1552 908 videri
1579 857 1657 907 ndu
1686 862 1815 919 potest
1843 857 2044 912 sacrilegii
2071 854 2246 897 subire)

1275 923 1492 966 discrimen
1509 924 1781 980 ,quicumque
1803 930 1976 972 negare,
2004 914 2068 957 vel
2091 914 2249 968 impro-

1273 984 1372 1025 bare
1388 982 1534 1024 audeat
1546 1010 1561 1033 ‚
1575 981 1684 1038 quod
1706 979 1786 1036 ipsa
1803 981 1938 1019 Mater
1955 974 2133 1018 Ecclesia
2165 981 2249 1012 tan-

1272 1044 1339 1082 &ae
1356 1040 1626 1084 sanctimoniae
1642 1038 1782 1090 spiritu
1796 1065 1812 1086 ,
1841 1040 1923 1078 non
1937 1033 2080 1076 omiflo
2104 1034 2244 1074 huma—

1271 1097 1500 1156 naejustitiae
1528 1096 1741 1141 molimine
1755 1091 2042 1139 confirmavit,
2074 1094 2247 1144 Propte-

1274 1172 1340 1199 rea
1366 1159 1550 1199 Fratrem
1571 1151 1700 1209 ipsum
1714 1179 1729 1201 ,
1758 1161 1803 1193 ut
1820 1164 1869 1192 ex
1883 1162 1959 1192 ore
1986 1148 2071 1205 ejus
2090 1146 2247 1193 scire-2

1273 1213 1466 1272 possemus
1481 1242 1494 1264 ‚
1519 1212 1542 1253 fi
1568 1211 1785 1256 secundum
1813 1224 1859 1252 ea
1875 1236 1888 1259 ,
1903 1222 1988 1265 quae
2004 1206 2135 1250 Nobis
2157 1205 2251 1247 insi-

1273 1285 1395 1318 nuata
1413 1272 1572 1315 fuerant
1591 1269 1708 1324 ,faeti
1727 1269 1876 1312 veritas
1904 1269 1943 1311 se
1964 1268 2132 1310 haberet
2147 1294 2164 1316 ‚
2198 1262 2251 1305 ad

1276 1334 1450 1377 nostram
1469 1329 1715 1389 praesentiam
1739 1328 1931 1371 duximus
1962 1326 2247 1372 evocandum,

1281 1394 1350 1452 qui
1377 1389 1631 1450 postmodum
1662 1389 1701 1431 in
1715 1390 1850 1431 nostra
1879 1385 2087 1444 praesentia
2106 1381 2254 1428 consti-

1282 1464 1418 1504 tutus,
1436 1451 1521 1507 post
1541 1448 1718 1506 aliquam
1737 1447 2017 1491 discussionem
2033 1441 2110 1488 fuit
2128 1441 2255 1498 spon-

1281 1526 1325 1555 te
1339 1508 1539 1554 consessus
1553 1537 1568 1561 ,
1579 1507 1690 1566 quod
1705 1506 1757 1549 de
1771 1508 1889 1563 signis
1904 1502 2132 1561 hujusmodi
2150 1514 2254 1556 prae-

1280 1572 1513 1618 dicaverat,
1529 1581 1576 1613 ea
1599 1568 1641 1608 in
1667 1565 1854 1622 Mar-tyre
1879 1563 2047 1621 praefato
2076 1558 2255 1605 viventis

1285 1631 1360 1673 Dei
1377 1626 1487 1670 fuisse
1501 1657 1517 1678 ,
1531 1638 1615 1668 non
1632 1626 1812 1675 mortui,
1839 1628 1878 1666 &
1891 1638 1977 1680 quae
2004 1622 2046 1664 in
2066 1623 2110 1663 Β.
2129 1623 2256 1684 Fran-

1281 1688 1388 1732 cisco
1404 1688 1565 1730 fuerant
1583 1710 1596 1734 ,
1609 1682 1722 1727 fuisse
1738 1685 1816 1727 Dei
1834 1683 1989 1725 mortui
2003 1707 2019 1731 ,
2037 1683 2076 1723 &
2091 1693 2173 1723 non
2193 1689 2255 1720 vr-

1281 1750 1415 1792 ventis
1431 1773 1443 1785 .
1459 1749 1547 1789 Nos
1566 1741 1799 1800 igiturdieti
1815 1742 1969 1786 Pratris
1996 1738 2256 1782 assertionem

1283 1807 1506 1864 improbam
1521 1832 1537 1856 ,
1549 1802 1861 1847 &temerariam
1876 1799 2136 1844 attendentes
2150 1825 2165 1848 ,
2175 1809 2257 1852 qua

1282 1869 1335 1911 de
1347 1865 1562 1908 Salvatore
1585 1862 1625 1903 δι
1655 1860 1921 1917 stigmatibus
1936 1859 2022 1917 ejus
2046 1856 2255 1915 periculo-

1284 1928 1327 1970 se
1341 1924 1590 1978 distinguens
1602 1949 1619 1972 ,
1634 1921 1844 1964 Christum
1860 1921 1899 1962 in
1918 1919 2072 1964 Sanctis
2101 1913 2178 1957 suis
2193 1912 2257 1954 as-

1283 1985 1403 2030 seruit
1421 1997 1528 2025 nunc
1543 1988 1755 2025 mortuum
1771 2007 1787 2030 ,
1800 1993 1908 2022 nunc
1922 1979 2150 2024 viventem,
2163 1983 2257 2013 cum

1280 2057 1434 2093 tamen,
1447 2042 1514 2096 qui
1530 2048 1667 2082 manet
1684 2039 1723 2079 in
1738 2048 1928 2078 aeternum
1946 2034 2129 2076 Christus
2143 2060 2158 2084 ,
2172 2042 2257 2073 non

1283 2100 1443 2149 minus,
1473 2107 1542 2140 aut
1567 2096 1657 2151 plus
1692 2093 1850 2138 viveret
1868 2092 2179 2150 Martyri,cum
2205 2088 2256 2132 il-

1279 2159 1364 2203 lum
1380 2156 1491 2212 signo
1508 2154 1701 2210 Martyrii
1720 2154 2010 2206 coronaverit,
2038 2154 2156 2210 quam
2176 2148 2263 2191 mi·

1280 2218 1412 2257 litanti
1424 2212 1653 2255 Confeffori
1669 2238 1683 2260 ,
1698 2213 1764 2266 qui
1777 2224 1945 2253 crucem
1961 2211 2068 2253 suam
2085 2210 2257 2259 tulerat,

1277 2275 1316 2315 δι
1333 2270 1462 2314 nudus
1476 2269 1631 2312 nudum
1650 2266 1893 2323 sequebatur
1905 2297 1920 2321 ,
1936 2282 2031 2311 eum
2045 2267 2159 2310 dedit
2177 2266 2257 2318 illi,

1279 2341 1324 2374 ut
1347 2330 1544 2387 Stigmata
1573 2327 1640 2372 sun
1653 2340 1657 2347 ·
1671 2325 2010 2371 excellentissimo
2039 2325 2256 2384 privilegio

1279 2392 1319 2434 in
1344 2389 1473 2432 carnis
1487 2386 1557 2431 suae
1573 2389 1743 2431 materia
1761 2386 2018 2444 praescntaret
2031 2414 2045 2438 ,
2061 2399 2144 2443 quae
2162 2383 2256 2441 qui-

1279 2448 1376 2492 dem
1390 2448 1485 2490 vivo
1501 2447 1632 2505 adime
1644 2446 1730 2506 ipso
1743 2444 1999 2498 Confeffore,
2015 2460 2062 2489 ac
2077 2445 2255 2502 postmo-

1281 2507 1381 2552 dum
1396 2506 1503 2550 diem
1520 2505 1659 2551 sunsto
1687 2506 1870 2550 humanis
1898 2506 2029 2551 oculis
2056 2507 2096 2548 δι
2122 2500 2253 2547 tactui

1285 2564 1550 2627 patentissime
1565 2564 1814 2610 claruerunt:
1829 2576 2054 2610 memorato
2070 2564 2256 2608 Fr.N.N.

1285 2638 1329 2672 ut
1345 2627 1456 2683 juxta
1471 2639 1516 2669 ea
1529 2626 1596 2679 ,in
1611 2626 1756 2683 quibus
1782 2625 2006 2684 perniciosa
2030 2622 2255 2668 subtilitate

1284 2688 1515 2744 deliquerat
1532 2713 1548 2735 ,
1563 2698 1724 2743 poenam
1739 2684 2002 2742 agnosceret,
2028 2698 2102 2739 pro
2121 2682 2255 2724 nostra

1284 2746 1451 2807 quidem
1467 2744 1659 2802 patientia
1676 2743 1746 2788 suo
1759 2745 1964 2788 demerito
1990 2742 2224 2786 leniorem...
2238 2764 2255 2787 a

1280 2804 1572 2867 predicationis
1585 2803 1764 2847 officium
1778 2831 1792 2855 ,
1820 2818 1865 2846 ac
1882 2802 2057 2846 docendi
2083 2799 2257 2843 ministe-

1283 2868 1391 2913 rium
1405 2862 1586 2923 usquead
1611 2862 1859 2920 septennium
1889 2866 1979 2906 Nos
2010 2854 2257 2904 interdixisse

1284 2925 1503 2985 cognoscas
1528 2954 1540 2968 .
1576 2925 1788 2981 Quocirca
1804 2919 2048 2966 Discretioni
2076 2928 2154 2962 tuae
2183 2929 2256 2975 per

1283 2984 1520 3045 Apostolica
1542 2984 1688 3039 scripta
1702 2981 1957 3033 mandamus,
1975 2987 2178 3039 quatenus
2196 2978 2259 3018 in·

1284 3046 1500 3092 terdietum
1516 3043 1689 3086 nostrum
1705 3040 1964 3099 hujusmodi.
1992 3040 2099 3083 circa
2127 3035 2255 3094 ipsum

1287 3109 1353 3151 Fr.
1371 3108 1423 3149 N.
1438 3107 1490 3148 Ν.
1507 3115 1727 3160 procures,
1752 3102 1798 3145 ’δι
1813 3099 1936 3146 facias
1962 3094 2255 3143 inviolabiliter

1285 3163 1490 3212 observari
1515 3190 1530 3214 ,
1555 3163 1595 3204 δι
1624 3171 1668 3205 tu
1693 3174 1816 3205 ovem
1842 3169 1952 3204 tuam
1977 3154 2223 3215 cognoscens
2240 3181 2254 3205 ,

1288 3239 1333 3269 ac
1349 3223 1539 3268 morbum
1554 3220 1664 3279 ejus,
1678 3220 1719 3262 δι
1732 3219 1953 3277 appositam
1983 3216 2223 3261 medicinam
2244 3238 2258 3262 ,

1287 3282 1460 3328 siciliam
1474 3282 1571 3326 boni
1586 3279 1752 3339 palloris
1769 3292 1883 3322 more
1898 3275 2101 3320 custodias
2116 3284 2181 3321 ,ut
2201 3273 2255 3328 ip.

1290 3343 1402 3396 sa,&
1425 3342 1515 3386 aliis
1531 3352 1601 3400 per
1613 3337 1840 3396 exemplum
1857 3365 1871 3390 ‚
1896 3338 1937 3379 δι
1953 3335 2020 3379 sibi
2051 3348 2120 3392 per
2137 3332 2250 3375 meri·
2279 3351 2282 3354 ·

1291 3414 1376 3448 tum
1398 3399 1634 3446 obedientie
1649 3396 1904 3443 convalescat
1922 3423 1936 3448 ,
1951 3396 1991 3438 δι
2018 3408 2063 3438 ex
2082 3395 2160 3435 hoc
2175 3399 2255 3434 tuat

1290 3461 1482 3507 custodie
1496 3457 1697 3505 rectitudo
1721 3455 1846 3515 digne
1873 3453 1991 3514 possit
2018 3454 2039 3496 εὶ
2060 3450 2191 3498 Nobis
2214 3449 2253 3498 in

1294 3523 1476 3565 Domino
1490 3516 1770 3563 commendari
1786 3544 1799 3559 .

1410 3583 1563 3625 Datum
1579 3579 1721 3622 Rome
1736 3574 1845 3634 apud
1873 3578 2054 3620 Sanctam
2083 3569 2252 3616 Mariam

1293 3640 1489 3697 Maiorem
1507 3636 1755 3681 duodecimo
1771 3635 1860 3680 Kal.
1870 3632 2100 3679 Decembris
2115 3657 2130 3682 2
2144 3631 2254 3674 Pon-

1293 3695 1467 3743 tificatsls
1479 3694 1601 3740 nostri
1628 3697 1749 3738 Anno
1763 3698 1945 3750 Quarto.

1348 3754 1548 3814 Regcssum
1570 3756 1795 3799 Vaticanum
1819 3756 1922 3814 epist.
1940 3756 2039 3812 596.
2054 3752 2249 3797 wadam-

1395 3828 1471 3874 μη
1484 3823 1623 3866 tomos.
1639 3815 1867 3875 Anachfil.
1884 3816 1978 3868 267.
