2444 4192
734 122 896 207 Sub
955 128 1086 211 Cle
1103 149 1347 210 mente
1414 123 1616 211 VII
1633 124 1688 205 Ι.

246 273 532 325 Generalibus,
565 272 893 316 Provincialibus
908 305 923 326 ‚
957 278 1196 322 Commissa-

246 340 314 381 riis
328 364 343 388 ,
355 332 547 376 Ministris
562 362 577 382 ,
603 331 898 376 Praelidentibus
915 359 929 381 ,
954 335 1194 383 Abbatibus,

242 391 448 440 Prioribus
463 419 477 442 ‚
492 392 531 433 &
543 391 780 434 Guardianis
795 389 1107 446 quibuscunque,
1121 407 1196 434 cae·

245 450 418 506 terisque
446 450 725 506 Superioribus
747 451 1036 491 conventuum
1064 477 1078 498 ‚
1104 454 1193 492 Μο-

242 510 509 555 maneriorum
518 539 531 562 ‚
542 524 587 551 ac
603 510 842 556 Domorum‚
854 519 1106 563 quocumque
1119 518 1196 546 no·

242 568 352 611 mine
368 567 623 625 appellentur
638 597 651 621 ‚
666 568 768 611 intra
788 565 972 612 Italiam,
985 565 1025 606 &
1042 561 1194 605 Insula·

239 640 331 670 rum
361 626 628 684 adjacentium
651 625 747 669 fines
779 623 1031 668 existentium
1044 648 1060 671 ‚
1090 634 1190 678 quo·

237 698 491 743 rumcunque
505 685 702 729 Ordinum
716 682 1092 732 Mendicantium‚&
1106 694 1186 723 non

236 743 587 800 Mendicantium(
603 742 779 801 exceptis
796 750 930 786 tamen
957 742 1187 783 Carthufia-

236 815 400 854 norum,
415 804 605 846 Fratrum
619 803 815 846 Minorum
845 801 896 844 de
909 799 1087 842 strie'tiori
1099 800 1187 842 Ob-

237 859 456 909 servantia,
475 875 632 904 necnon
650 859 949 919 Capucinorum
963 861 1006 902 S.
1025 858 1192 902 Franci-

234 918 322 970 sci,
353 916 692 964 Reformatorum
719 918 1009 967 S.Dominici,
1042 917 1194 962 Discat-

235 986 446 1020 centorum
460 979 627 1023 Ordinis
656 978 972 1024 Carmel-itarum
992 1006 1008 1028 ‚
1039 990 1193 1020 necnon

233 1039 425 1079 Fratrum
452 1037 795 1096 congregationis
835 1035 1023 1080 Fulienfis
1050 1036 1198 1079 Cister-

237 1094 376 1138 cientis
391 1096 552 1139 Ordinis
565 1124 580 1146 ,
608 1113 654 1140 ac
674 1095 945 1141 Eremitarum
962 1095 1096 1139 Eremi
1114 1097 1198 1138 Ca·

236 1152 518 1202 maldulenfis,
552 1156 595 1195 δι
617 1156 769 1198 Montis
795 1153 1196 1207 Coronae,Clerico-

234 1225 325 1256 tum
346 1210 615 1266 Regulam-ium
632 1213 949 1260 Theatinorum,
979 1210 1195 1254 societatis

231 1268 321 1329 Jesu
336 1298 352 1320 ,
372 1269 503 1313 saneti
519 1269 631 1312 Pauli
659 1269 862 1313 Decollati
876 1299 892 1320 ‚
907 1271 949 1312 ει
962 1269 1129 1310 aliorum
1142 1268 1193 1309 de

238 1329 479 1380 Somascha,
506 1328 780 1372 Ministrorum
806 1328 1092 1376 Infirmorum,
1117 1323 1194 1368 res·

236 1387 394 1446 pective
407 1385 632 1431 Ordinibus
645 1416 660 1440 ,
673 1387 948 1431 Societatibus
963 1413 978 1436 ,
1005 1386 1067 1429 seu
1083 1386 1193 1427 Con·-

238 1444 544 1504 gregationibus
557 1445 796 1503 nuncupatis
807 1473 822 1498 ,
837 1459 921 1503 quae
937 1445 1060 1488 etiam
1074 1454 1194 1487 antea

237 1513 457 1561 exceperat
473 1533 487 1556 ,
501 1505 542 1546 &
567 1517 674 1548 nunc
695 1506 838 1548 ite-rum
858 1502 1096 1560 excipiendo
1122 1517 1192 1543 vo·

238 1565 317 1607 luit
333 1563 648 1620 prohibit-ionem
663 1565 764 1607 hanc
793 1561 842 1605 ad
857 1562 926 1605 illa
947 1562 1057 1604 nullo
1070 1560 1197 1604 modo

240 1620 470 1678 extendi.)
498 1624 562 1664 Ne
588 1621 654 1663 sub
681 1621 849 1676 cujusvis
871 1620 1044 1663 licentiae
1071 1622 1108 1662 δι
1135 1619 1196 1661 fa-

239 1679 406 1723 culmis
424 1679 676 1734 impetrata,
694 1679 758 1722 vel
786 1678 1044 1733 impetrandae
1057 1680 1198 1720 obten-

238 1747 287 1783 tu
302 1767 318 1790 ,
333 1736 397 1780 nili
416 1750 487 1794 per
501 1736 709 1781 litteras'in
732 1739 861 1779 ibt-ma
885 1738 1021 1780 Brevis
1035 1737 1196 1781 dumta-

239 1806 310 1840 xat
325 1823 341 1848 ‚
355 1797 396 1838 &
408 1809 488 1839 non
503 1795 616 1846 alias,
630 1809 867 1863 quemquam
880 1794 929 1837 ad
956 1796 1191 1840 Habitum,

242 1853 491 1910 Regularecn
516 1853 821 1908 fuscipiendum,
840 1868 916 1897 nee
942 1858 1065 1897 etism
1081 1858 1197 1899 Con-

175 1966 178 1970 ,
241 1912 398 1963 versos,
413 1912 479 1955 niii
500 1911 539 1953 in
561 1913 858 1962 conventibus,
873 1913 1119 1955 monasteriis
1134 1941 1148 1962 ,
1160 1913 1202 1953 &-

240 1971 442 2016 Domibus
458 1999 472 2024 ,
484 1970 720 2013 auctoritate
733 1969 906 2024 eiusdem
925 1974 962 2012 S.
971 1974 1019 2013 D.
1029 1974 1083 2012 Ν.
1102 1983 1200 2026 pro-

241 2030 404 2088 pediem
435 2030 475 2071 in
502 2042 738 2086 unaquaque
767 2028 979 2071 Provincia
994 2028 1199 2083 defignnn-

244 2089 332 2140 dis,
350 2088 553 2144 recipere,
568 2097 637 2130 aut
651 2096 836 2143 receptos
860 2086 908 2127 ad
922 2086 1199 2142 profeffionem

243 2146 460 2190 admittere
484 2144 721 2188 ullo-modo
745 2144 919 2186 audeant
945 2174 957 2186 .
996 2146 1199 2198 Quinimo

239 2202 390 2249 contra
421 2202 590 2257 primam
617 2201 930 2257 prohibitionem
971 2201 1200 2244 sanctitatis

238 2265 334 2307 Suae-
352 2268 570 2315 receptos,
595 2259 747 2303 etiamfi
774 2255 1049 2316 imperfectum
1078 2259 1201 2302 Habi-

240 2330 360 2367 tum,
393 2329 459 2364 aut
489 2320 568 2362 fine
592 2318 775 2375 Caputio
795 2328 936 2375 gerant
955 2347 967 2370 ,
991 2318 1075 2374 post
1103 2332 1199 2373 prae·

236 2379 363 2423 sentis
383 2378 557 2422 Decreti
567 2376 605 2419 in
617 2378 807 2420 Romana
819 2378 944 2423 Curia
959 2376 1198 2435 publicatio-

239 2451 335 2483 nem
353 2465 368 2490 ,
379 2437 546 2480 omnino
557 2435 702 2492 ejicere
715 2437 890 2481 debeant
903 2467 914 2478 .

360 2496 621 2554 Superiorem
633 2505 766 2539 autem
781 2526 794 2548 ,
811 2498 880 2552 qui
895 2495 1011 2551 hujus
1032 2496 1198 2539 Decreti

239 2552 499 2612 transgnffor
510 2553 704 2604 extiterit,
721 2554 804 2611 ipso
816 2555 922 2598 fae-10
938 2569 1100 2612 poenam
1116 2554 1198 2611 pri·

239 2614 416 2659 unionis
431 2613 611 2657 omnium
622 2611 853 2659 officiorum
866 2640 880 2665 ‚
910 2628 995 2669 quae
1012 2622 1108 2656 tunc
1121 2614 1197 2655 ob—

237 2672 388 2717 sinebit
405 2673 544 2724 ,vocis
555 2671 713 2723 active,
726 2673 767 2714 δι
789 2671 971 2725 paffivae,
993 2674 1032 2714 δι
1051 2685 1198 2728 perpe·

240 2740 327 2774 tum
355 2728 617 2772 inhabilitatis
645 2729 697 2771 ad
721 2730 795 2772 alia
825 2730 1065 2784 inposterum
1094 2730 1198 2772 obti-

240 2788 407 2836 nenda,
433 2785 568 2841 eoipso
591 2785 801 2828 incurrere
823 2787 1029 2835 volum&
1055 2786 1197 2830 decre-

240 2848 303 2889 vit
315 2844 481 2900 ,dc-aliis
502 2843 625 2886 etiam
641 2844 771 2900 poenis
787 2844 955 2887 arbitrio
969 2846 1197 2888 Sanan-atis

244 2909 332 2950 Sua
348 2901 601 2961 imponendis
615 2900 845 2958 subjacere.

360 2961 630 3018 Receptiones
643 2962 798 3011 ver<⁸>‚&
811 2960 1068 3017 profeffiones
1082 2977 1197 3018 quas-

247 3018 353 3066 libet
369 3018 619 3075 eorum,qui
632 3027 779 3062 cont-ra
800 3018 1023 3077 hujusmodi
1049 3022 1200 3064 Decre-

234 3090 337 3127 lum
352 3076 875 3128 &mimmenah-uuas,
901 3079 942 3132 ὃς
967 3079 1100 3122 irritas
1125 3078 1200 3123 effe

240 3139 296 3184 'ad
321 3150 616 3197 quemcumque
633 3135 814 3180 effean
839 3149 888 3179 ex
922 3150 1030 3180 nunc
1057 3137 1201 3181 decer·

240 3195 307 3243 ¹tiit
324 3227 341 3252 2
363 3195 599 3241 &declarat
612 3226 624 3237 .

277 3268 286 3309 j
359 3259 453 3301 Hoc
469 3257 842 3303 autem-‘Decretum
859 3254 992 3297 noluit
1009 3255 1200 3299 Sanctitas

252 3315 333 3357 sua
345 3319 413 3359 eos
427 3313 602 3358 Ordines
614 3312 961 3368 comprehendere
973 3340 987 3363 ,
1010 3314 1078 3370 qui
1091 3319 1202 3358 Con-

254 3373 424 3423 venta&
439 3374 593 3416 Domos
606 3401 620 3423 ,
640 3374 679 3413 δι
694 3373 938 3416 Monasteria
954 3377 976 3418 ὲ
992 3374 1029 3416 se
1055 3374 1202 3429 proba-

251 3435 295 3470 ta
322 3431 395 3483 pro
418 3431 678 3474 novitiorum
709 3429 972 3486 receptione,
998 3435 1037 3475 &
1057 3431 1204 3475 educa·

251 3487 363 3554 tione
380 3491 400 3546 ᾗ,
421 3487 602 3533 haetenus
626 3490 877 3546 permistione
907 3489 971 3530 sua
993 3491 1204 3534 constitue·-

251 3552 364 3587 rint.
407 3563 411 3569 ,
431 3573 434 3577 .
494 3551 515 3578 ι’

368 3604 544 3648 ceteras
557 3609 654 3650 vero
669 3608 850 3651 licentias
862 3635 877 3658 ,
891 3609 969 3650 sive
985 3608 1204 3665 particula-

253 3675 318 3704 res
336 3690 350 3713 ,
377 3662 525 3716 quae‘in
549 3663 650 3708 lianc
675 3665 784 3709 diem
809 3666 988 3710 effectum
1012 3682 1089 3710 non
1113 3666 1203 3710 sunt

253 3720 425 3820 sortita?
442 3731 604 3821 τεῖῐεικιῑ
619 3724 875 3774 ,διαηηιιηειῑ
895 3755 906 3768 .
938 3726 1040 3770 Vult
1068 3735 1201 3769 autem

410 3790 482 3820 om.
537 3805 547 3818 .

1984 157 2166 237 329*

1255 281 1475 319 Decretum
1500 278 1577 316 hoc
1606 275 1716 313 suum
1739 271 1780 312 in
1803 270 1928 321 solitis
1956 275 2054 318 loeis
2085 284 2205 324 Urbis

1253 333 1504 388 publicatum
1518 333 1574 371 ita
1598 330 1874 383 predictorum
1890 330 2061 384 singulos
2075 338 2205 380 affice-

1254 404 1299 431 re
1312 416 1325 438 ,
1339 402 1383 429 ac
1401 389 1426 426 fi
1440 387 1608 428 cuilibet
1623 383 1883 438 personaliter
1904 387 2032 429 fuisset
2048 391 2205 435 intima-

1254 457 1358 496 tum;
1374 443 1595 498 privilegiis
1610 469 1625 491 ,
1639 442 1793 482 statutis
1805 445 1846 483 δι
1861 445 2203 490 constitutionibus

1254 504 1293 545 in
1309 502 1562 544 contrarium
1576 499 1738 541 minime
1751 500 1998 544 obstantibus
2012 531 2024 542 .

1369 560 1519 601 Datum
1538 559 1677 600 Romae
1697 559 1798 613 apud
1826 563 2011 603 Sanctum
2026 562 2209 603 Marcum

1253 618 1320 662 die
1336 630 1403 662 20.
1415 616 1671 672 menfisJunii
1691 629 1812 673 1599.

1306 736 1515 792 Exemplar
1528 734 1748 792 impreſj'um
1761 738 1804 777 in
1820 737 1997 780 Archivo
2011 748 2101 793 gon.
2117 735 2211 780 ord.

1258 973 1526 1024 Formulam
1550 972 1779 1022 facultatis
1811 973 2104 1024 concedendae
2125 991 2210 1042 pro

1325 1046 1529 1098 Novitiis
1557 1042 1613 1092 ad
1645 1044 1919 1113 Regularem
1942 1045 2212 1096 Habitum..

1326 1117 1373 1164 in
1398 1112 1683 1167 Monasteriis
1701 1151 1716 1173 ,
1745 1114 1793 1166 ὅ(
1822 1117 1933 1165 locis
1965 1114 2207 1186 designatis

1326 1185 1593 1255 recipiendis
1621 1183 1897 1255 praescribit.

1330 1323 1575 1368 Anaiffimus
1608 1328 1645 1368 in
1677 1326 1840 1368 Christo
1854 1329 1973 1369 Pater
1988 1354 2002 1377 ‚
2030 1329 2071 1369 δι
2086 1329 2139 1368 D.
2160 1329 2215 1368 N.

1360 1386 1407 1426 D.
1425 1382 1615 1427 Clemens
1635 1384 1781 1425 Divina
1803 1384 2056 1440 providentia
2077 1386 2214 1439 Papa„

1253 1445 1445 1494 octavus,
1468 1456 1562 1485 cum
1577 1443 1823 1499 Regularem
1838 1443 2089 1498 disciplinam
2109 1443 2215 1486 resti.

1255 1510 1370 1544 tuere
1383 1530 1399 1552 ,
1429 1509 1550 1556 atque
1564 1501 1601 1543 in
1618 1501 1822 1556 pristinum
1840 1502 1984 1544 statum
2017 1515 2215 1544 revocare

1258 1559 1429 1602 maxime
1444 1570 1614 1616 cuperet
1626 1587 1640 1609 ,
1657 1559 1955 1616 Regularesque
1978 1574 2118 1603 omnes
2132 1590 2148 1612 ,
2161 1561 2219 1602 vi·

1259 1627 1364 1670 tam,
1380 1620 1588 1675 moresque
1619 1615 1705 1661 suos
1721 1619 1770 1662 ad
1788 1620 1987 1662 rationem
2007 1620 2091 1675 ejus
2106 1619 2220 1661 lnsti-

1259 1678 1367 1730 tuti,
1381 1676 1490 1733 quod
1507 1676 1672 1733 quisque
1693 1674 1882 1732 professus
1897 1678 1990 1722 effer
2001 1680 2087 1730 ,ita
2102 1693 2211 1720 coni-

1257 1749 1423 1790 ponere‚
1438 1744 1500 1786 ut,
1513 1748 1595 1791 qua·
1606 1736 1653 1778 ad
1671 1746 1863 1778 votorum
1892 1739 1970 1779 vim
1983 1761 1995 1784 ‚
2008 1738 2217 1786 Habitum,

1259 1794 1488 1848 vifiumque
1501 1807 1754 1835 communem
1773 1796 1979 1848 pertinent
1995 1824 2009 1846 ,
2032 1810 2078 1838 ea
2094 1794 2221 1850 potis-

1261 1851 1398 1895 fimum
1433 1850 1571 1906 singuli
1601 1850 1893 1906 religiofiffime
1923 1851 2184 1896 observarent
2199 1881 2215 1904 ,

1261 1910 1435 1967 generali
1449 1911 1630 1962 Decreto
1645 1938 1659 1960 ,
1677 1909 1786 1965 qued
1801 1911 1853 1952 de
1878 1911 2121 1968 menseJunii
2136 1910 2220 1954 edi-

1260 1979 1346 2011 tum
1360 1993 1375 2016 2
1394 1970 1517 2010 tertia
1541 1968 1635 2020 julii
1650 1969 1739 2008 anni
1762 1980 1882 2024 1599.
1915 1971 2219 2026 promulgatum

1260 2025 1340 2069 fuit
1353 2052 1367 2072 ‚
1384 2024 1584 2066 Ordinum
1602 2024 1897 2078 Religiosorum
1921 2029 2220 2082 Superioribus,

1259 2083 1500 2140 (nonnullis
1513 2082 1717 2138 exceptis)
1730 2084 1935 2137 prohibuit
1951 2113 1964 2135 ,
1983 2100 2031 2127 ne
2045 2095 2113 2131 aut
2130 2090 2221 2129 No—

1263 2144 1382 2185 vitios
1400 2142 1650 2196 reciperent,
1666 2150 1734 2181 aut
1749 2155 1987 2198 quemquam
1999 2145 2050 2186 ad
2065 2142 2220 2199 profes-

1262 2201 1410 2244 {ionem
1428 2209 1520 2240 ante
1534 2198 1817 2247 admitterent,
1841 2206 1956 2256 quam
1970 2204 1990 2243 i
2005 2205 2221 2246 Sanctitate

1261 2260 1340 2304 Sua
1354 2257 1591 2300 Mooasteria
1605 2256 1763 2312 aliquot
1778 2258 1826 2299 ad
1842 2274 1930 2300 eam
1948 2274 2030 2303 rem
2043 2261 2216 2317 prascri-

1262 2327 1329 2375 pta
1343 2315 1464 2359 effent
1480 2345 1493 2367 ‚
1509 2317 1546 2358 in
1561 2316 1701 2371 quibus
1724 2314 1973 2360 observantia
1998 2322 2214 2377 Regularis

1261 2380 1443 2434 vigeret·
1459 2379 1579 2420 Nunc
1597 2376 1695 2419 vero
1709 2375 1848 2420 cadem
1877 2380 2073 2422 Saneiitas
2091 2383 2169 2423 Sua
2194 2380 2216 2420 a

1260 2438 1448 2480 locorum
1466 2437 1589 2478 etiam
1602 2435 1842 2487 Ordinariis,
1857 2439 2000 2492 quibus
2018 2440 2056 2481 id
2077 2454 2217 2480 mune·

1259 2497 1313 2540 ris
1327 2496 1660 2545 demandaverat,
1677 2495 1828 2536 certior
1842 2494 1940 2537 faeta
1960 2496 1997 2538 in
2014 2495 2216 2539 infrascri-

1260 2556 1338 2612 ptis
1356 2553 1605 2596 Monafleriis
1619 2581 1633 2603 ,
1664 2554 1704 2595 &
1734 2555 2016 2597 conventibus
2045 2556 2214 2597 Ordinis
2233 2552 2236 2554 ’

1259 2620 1313 2659 Ν.
1330 2611 1566 2670 prefinitum
1593 2611 1668 2654 effe
1696 2626 1905 2655 numerum
1924 2613 2123 2656 duntaxat
2148 2630 2215 2656 eo-

1258 2688 1347 2718 rum
1360 2701 1375 2724 ‚
1389 2671 1458 2727 qui
1479 2670 1543 2713 vel
1561 2670 1677 2725 ipfius
1692 2670 1919 2714 Monastcrii
1934 2673 2132 2725 centibus,
2149 2673 2211 2716 vel

1258 2729 1454 2777 consuetis
1482 2729 1747 2787 eleemosynis
1776 2730 1981 2774 sustentari
2016 2734 2070 2774 ibi
2102 2747 2217 2775 com-

1259 2789 1380 2834 mode
1392 2788 1550 2844 poffimt
1562 2816 1577 2839 ,
1607 2800 1732 2844 atque
1760 2789 1799 2831 in
1830 2790 1876 2830 iis
1889 2792 2027 2832 omnia
2040 2790 2217 2833 fideliter

1257 2847 1491 2894 observari,
1505 2860 1594 2903 que
1618 2846 1705 2887 sunt
1719 2859 1815 2888 cum
1830 2847 1994 2888 illorum
2007 2847 2216 2903 profeffio-

1259 2908 1319 2950 nis
1334 2903 1575 2961 perfectione
1587 2903 1797 2957 conjuncta
1813 2930 1828 2953 ,
1851 2917 1992 2959 nempe
2005 2908 2217 2958 castitatis,

1264 2964 1533 3022 paupertatis,
1555 2964 1597 3004 δι
1616 2960 1854 3003 obedientia>-
1883 2970 1976 3002 vota
1991 2990 2005 3012 ‚
2021 2965 2097 3006 una
2121 2978 2215 3006 cum

1263 3022 1415 3067 caeteris
1429 3020 1604 3063 decretis
1619 3018 1925 3074 particularibus
1937 3049 1950 3071 ,
1966 3021 2026 3062 vel
2043 3021 2215 3066 instituti

1263 3083 1382 3137 ipfius
1396 3107 1410 3129 ,
1425 3079 1490 3120 vel
1510 3076 1730 3121 Pontifieiis
1746 3078 1869 3120 etiam
1883 3078 1933 3119 ad
1950 3077 2098 3121 vietum
2111 3108 2125 3130 ,
2148 3095 2216 3124 ve·

1262 3141 1475 3193 flitumque
1505 3150 1754 3180 communem
1786 3136 2049 3192 spectantibus
2081 3139 2102 3195 (
2130 3140 2217 3195 ipso

1262 3203 1468 3247 Decreto,
1501 3206 1543 3238 ut
1576 3194 1716 3252 supa,
1746 3196 1911 3238 edito&
1929 3198 2215 3252 promulgato,

1261 3268 1510 3313 nequaquam
1525 3254 1708 3296 obstante
1723 3255 1742 3311 )
1758 3255 1993 3309 potestatem
2018 3254 2113 3298 facit
2141 3262 2214 3300 Su-

1260 3317 1414 3373 periori⁴
1436 3313 1614 3369 eiusdem
1643 3313 1810 3355 Ordinis
1841 3313 2073 3356 Novitiatfis
2103 3317 2142 3356 in
2158 3317 2215 3359 in·

1262 3373 1480 3431 frascriptis
1498 3371 1746 3416 Monafleriis
1759 3400 1774 3423 ,
1788 3373 1828 3413 δι
1843 3372 2117 3417 Conventibus
2132 3377 2213 3418 eri-

1261 3434 1382 3492 gendi
1394 3460 1408 3483 ,
1425 3431 1853 3486 Novitiosrecipiendi
1866 3459 1880 3482 ‚
1894 3431 2094 3474 educandi
2111 3462 2125 3484 ,
2155 3446 2213 3476 at-

1262 3509 1342 3549 que
1357 3492 1408 3534 ad
1433 3489 1710 3546 profeffio'nem
1726 3488 1992 3542 admittendi,
2012 3494 2134 3534 modo
2151 3503 2212 3534 ta-

1231 3590 1237 3594 .
1264 3565 1357 3593 men
1383 3548 1423 3591 id
1452 3549 1502 3590 ad
1531 3547 1800 3604 praescriptum
1823 3547 2084 3592 instruaionis
2115 3549 2208 3606 jussu

1267 3613 1353 3653 Suae
1376 3607 1606 3651 sanctitatis
1633 3605 1784 3648 editum
1799 3634 1812 3657 ,
1832 3620 1960 3663 neque
1992 3609 2073 3651 alio
2089 3610 2210 3650 modo

1264 3667 1356 3710 fiat.
1389 3667 1599 3724 Qoniam
1628 3666 1727 3706 νει-ὸ
1739 3679 1786 3707 ea
1804 3665 1857 3707 est
1873 3671 1959 3710 Suae
1984 3666 2207 3709 sanctitatis

1263 3740 1404 3777 menS,
1434 3724 1702 3773 &voluntas,
1731 3734 1782 3827 ult.
1802 3722 1839 3765 in
1868 3725 2139 3820 Monastegis,
2169 3723 2205 3761 &

1798 3791 1813 3824 t
2085 3792 2151 3818 on-
