2444 4192
781 173 942 257 Sub
1002 176 1311 260 ‘Urbano
1378 172 1643 261 VIII.

258 323 365 368 sinist
376 333 392 373 3
404 316 582 375 quinimo
595 317 769 372 graviter
782 329 953 372 peccent
968 346 982 369 ,
1011 324 1052 362 δι
1079 324 1129 365 ad
1144 338 1213 366 re-

254 378 503 427 stitutionem
510 384 723 423 teneantur
738 401 753 416 .

370 434 420 479 ld
451 435 553 478 vero
566 463 582 485 ‚
614 442 662 476 ut
673 431 859 487 deinceps
870 433 1110 480 observetur
1123 451 1214 479 exa.-

255 493 382 546 ains,
412 496 501 537 Sac.
515 490 794 548 Congregati‘o
817 491 956 537 eadem
969 495 1214 536 authoritate

256 562 422 599 tetoeat
436 552 677 609 privilegia,
705 549 744 593 a:
773 547 929 595 indulta
958 551 1093 591 omnis
1114 550 1206 606 qui·

254 608 393 654 bustis,
402 611 579 667 personis
595 639 617 663 ,Δ
631 605 834 659 Ecctoefiia,
843 621 893 654 ac,
906 607 1007 650 locis
1020 607 1112 663 piis,
1123 617 1206 648 tam

254 670 519 712 Saecu-laribus
532 669 680 725 ,quain
691 665 953 724 Reguluibus
965 694 983 716 ,
994 663 1206 720 cujuscun-

254 741 336 783 que
352 727 521 770 Ordinis
533 755 547 779 ,
560 723 901 782 Congregationis
915 753 929 775 ,
954 725 994 766 δι
1007 723 1179 767 instituti
1192 748 1209 772 ,

257 797 534 842 quameunque
546 787 605 831 obi
615 784 771 831 caulam
784 781 978 831 eoneeffa,
994 782 1133 838 quibus
1146 782 1208 823 in-

255 843 447 899 dulgetur
460 869 475 891 ‚
488 852 532 888 ut
547 853 752 888 certarum
763 838 963 887 Miffarum
974 869 991 892 ,
1006 840 1069 883 vel
1083 840 1208 883 Anni·-

252 902 512 944 t'ersarioruin
539 901 815 951 celebratione
837 926 853 948 ‚
894 910 966 944 aut
1007 899 1209 954 aliquibus

252 959 434 1005 collectis
449 988 463 1012 ,
490 957 552 1002 seu
566 952 817 1003 orationibus
829 988 847 1010 ‚
869 958 1045 1014 plurium
1075 955 1209 1001 Missa·

252 1031 343 1118 ἔξω
356 1016 544 1061 oneribus
567 1017 609 1060 in
634 1018 812 1061 futurum
827 1015 1076 1073 suscipiendis
1105 1013 1211 1058 ‘atil‘-

305 1086 324 1119 ζ
335 1104 348 1117 .

372 1135 434 1177 Ac
450 1134 629 1178 similiter
642 1161 657 1186 ,
688 1148 809 1182 omne
819 1131 1043 1177 damnabile
1056 1133 1212 1179 lucrum

252 1193 302 1235 ab
319 1192 492 1236 Ecclesia
505 1205 715 1237 removere
731 1192 872 1234 volens
885 1220 900 1243 ,
930 1192 1118 1246 probibet
1141 1196 1214 1234 sa-

251 1247 409 1292 cerdoti
427 1276 443 1302 ,
458 1250 527 1305 qui
543 1246 699 1292 Mifl'am
710 1247 875 1303 sustepi’t
893 1249 1214 1291 celebrandam

253 1320 350 1357 enm
360 1315 471 1357 certa
487 1305 738 1360 eleemosyna
750 1333 765 1356 ,
790 1320 839 1348 ne
861 1305 1042 1347 eamdem
1057 1303 1211 1346 Mittam

251 1364 375 1412 alteri
390 1393 408 1418 ,
438 1373 552 1421 parte
581 1361 758 1421 ejusdem
772 1360 1037 1418 eleemosynis
1059 1361 1128 1405 (ibi
1143 1376 1210 1405 te-

254 1422 370 1471 tensss
384 1451 400 1477 ,
411 1421 698 1470 celebrandam
708 1422 940 1465 committat
953 1449 966 1463 .

369 1485 563 1531 Praeterea
575 1506 591 1531 ,
621 1494 671 1523 ne
703 1480 746 1524 in
765 1478 953 1524 Ecclesiis
963 1504 980 1529 ,
1009 1478 1050 1521 in
1064 1479 1211 1533 quibus

256 1536 585 1586 oneraMili'ai-um
599 1538 640 1581 in
652 1549 888 1594 perpetuum
899 1535 1084 1592 impolita
1098 1536 1184 1580 sunt
1194 1565 1210 1588 ,

253 1598 499 1647 Sacerdotes
520 1597 560 1638 in
573 1597 628 1641 eis
641 1625 659 1647 ‚
679 1606 724 1641 ut
749 1610 820 1652 par
830 1595 886 1639 est
902 1624 917 1648 ,
945 1594 1211 1651 adimplendis

254 1656 618 1767 assim-iii
631 1652 1211 1766 ‘532³00‘5510⁶;³35;22:ii‘2‘2

867 1742 881 1763 ἱ

254 1773 427 1818 utilitate
441 1770 651 1827 conjuncta
661 1782 679 1823 ·,
690 1769 824 1815 statuit
837 1798 851 1820 ‚
865 1782 984 1823 atque
999 1769 1181 1814 decernit
1198 1798 1214 1821 ,

254 1843 297 1876 ut
313 1830 488 1889 pecunia
500 1858 516 1880 ,
529 1843 575 1871 ac
587 1828 693 1870 bona
706 1828 869 1870 mobilia
887 1826 1071 1871 Ecclesiis
1083 1855 1097 1876 ,
1131 1831 1208 1871 Ca·

253 1891 394 1946 pitulis
412 1917 427 1940 ,
438 1887 636 1941 collegiis
647 1912 663 1935 ,
675 1885 952 1943 Hospitalibus
966 1913 981 1936 ,
1000 1887 1212 1932 societati-

172 1984 174 1989 ,
254 1950 329 1992 bus
343 1978 359 2000 2
370 1945 763 2001 Congregationibus
775 1970 792 1992 ,
808 1945 1056 1987 Monasteriis
1069 1973 1085 1996 ,
1100 1949 1192 1989 Con

258 2007 459 2055 ventibus,
472 2018 518 2048 ae
530 2004 629 2047 locis
643 2003 826 2046 omnibus
840 2010 921 2045 tam
935 2003 1214 2054 Saecularibus,

256 2069 379 2125 quam
394 2062 682 2119 Regularibus,
711 2072 831 2117 atque
857 2060 1023 2103 illorum
1035 2061 1215 2116 personis

259 2129 300 2170 in
315 2123 494 2168 futurum
507 2120 736 2177 simpliciter
747 2119 985 2175 acquirenda
1008 2133 1100 2162 cum
1111 2134 1214 2166 one-

257 2198 302 2229 re
324 2190 523 2239 perpetuo
552 2176 752 2221 Milsaruin
772 2177 1102 2220 celebrandarum
1119 2206 1135 2228 ,
1162 2179 1212 2222 ab

257 2243 330 2291 iis,
359 2241 410 2283 ad
422 2251 522 2294 quos
542 2235 747 2291 pertinet,
778 2233 848 2277 sub
877 2249 999 2290 poena
1014 2233 1212 2279 interdicti

257 2303 306 2344 ab
317 2294 488 2355 ingreffu
504 2294 685 2339 Ecclesiae
698 2291 890 2349 {profano
903 2294 1142 2337 incuti-enda
1157 2322 1172 2345 ,
1189 2293 1211 2336 i

258 2359 324 2404 die
337 2355 449 2401 realis
463 2352 728 2409 acquisitionis
741 2351 871 2397 statim
883 2351 1029 2406 deponi
1042 2353 1215 2398 debeant

258 2429 379 2473 penes
391 2413 516 2458 aedem
530 2415 690 2455 Sacram
705 2438 718 2463 ,
737 2412 801 2455 vel
817 2408 1024 2466 personam
1041 2409 1120 2454 fide
1140 2439 1155 2464 ,
1175 2412 1218 2454 δι

259 2473 514 2519 facultatibus
535 2470 747 2520 idoneam,
761 2469 811 2514 sd
828 2468 1011 2514 effectum
1025 2469 1122 2520 illa,
1150 2466 1216 2514 seu

258 2533 424 2577 illorum
436 2529 608 2587 pretium
622 2528 916 2584 quamprimum
929 2527 1158 2573 investiendi
1174 2529 1213 2571 in

258 2591 378 2642 bonis
392 2586 659 2633 immobilibus
673 2584 990 2638 fructiferiscuin
1004 2584 1180 2641 expressa
1198 2615 1214 2639 ,

260 2646 518 2698 &individua
531 2643 735 2689 mentione
747 2644 876 2694 oneris
890 2672 905 2695 ,
932 2645 1042 2701 quod
1053 2645 1128 2689 illis
1142 2660 1212 2688 an·

264 2719 409 2751 nexum
423 2703 621 2760 reperitur
636 2714 649 2743 t
679 2716 724 2744 ae
748 2703 772 2744 fi
804 2704 944 2746 eadem
957 2704 1062 2747 bona
1076 2705 1217 2747 immo-

263 2765 362 2814 bilia
372 2761 610 2805 auctoritate
620 2761 653 2802 A
658 2759 848 2815 postoliea
860 2761 1052 2815 deinceps
1073 2762 1218 2805 aliena·

266 2821 302 2868 ri
314 2819 557 2875 eontigerit,
570 2817 792 2859 eorundem
801 2818 979 2881 pretium
990 2818 1065 2884 ‘sub
1077 2820 1218 2864 eadem

267 2895 340 2984 1¹:3²:
341 2876 560 3001 {2533ss
557 2873 893 3001 ἧῗᾶεὲξεῖῗίἑὶἷεέἔ
895 2889 1027 3002 Ξὶἶζζ
1040 2876 1217 2992 233?ssss

267 2997 400 3041 oneris
425 3001 666 3049 repetitione
679 3016 694 3040 2
721 2999 842 3048 atque
871 3004 1088 3038 annexione
1118 3009 1223 3045 con-⁷

269 3055 372 3099 verti
387 3051 531 3095 debeat
546 3078 560 3093 0

383 3111 450 3155 Ad
464 3111 544 3153 haec
559 3108 921 3163 Sac.Congregatio
933 3108 1082 3165 quibus
1076 3109 1132 3152 vis
1139 3112 1222 3152 Ca·

271 3170 410 3230 pitulis
423 3195 437 3219 ,
451 3166 652 3221 Collegiis
664 3195 680 3219 ‚
691 3166 974 3219 societatibus,
987 3168 1027 3210 δι
1039 3170 1222 3224 Congre-

274 3229 497 3287 gationibus
511 3254 526 3278 ,
539 3238 694 3269 necnon
704 3225 908 3278 omnibus,
921 3229 959 3270 &
975 3225 1130 3280 singulis
1147 3228 1225 3269 Ec.

276 3287 478 3332 clefiarum
491 3311 506 3335 ,
521 3298 566 3327 ac
579 3286 734 3340 piorum
750 3283 934 3327 locorum
949 3314 964 3336 ,
995 3294 1075 3326 tam
1096 3286 1225 3327 Saecu·

278 3346 421 3398 larium
431 3369 446 3395 ,
475 3344 593 3400 quam
622 3340 887 3397 Regularium
917 3342 1194 3397 Superioribus
1206 3371 1222 3395 ,

282 3402 351 3446 vel
362 3402 446 3450 aliis
457 3431 474 3454 ,
485 3401 535 3445 ad
546 3416 646 3458 quos
664 3401 838 3457 pertinet
848 3428 863 3452 ,
897 3399 1072 3444 districte
1086 3401 1226 3457 prohi-

284 3461 352 3503 bet
366 3486 383 3511 ,
399 3471 448 3505 ne
460 3461 708 3515 imposterum
741 3474 862 3504 onera
892 3468 1082 3517 perpetua
1111 3457 1227 3503 susci-

282 3520 392 3572 piant
417 3513 615 3564 Milsarum
643 3518 969 3568 celebrandarum
983 3547 998 3570 ,
1028 3517 1225 3561 saculares

283 3575 442 3631 quidem
455 3573 530 3618 line
544 3575 753 3632 Episcopi,
768 3577 829 3620 vel
843 3576 925 3633 ejus
939 3576 1137 3633 generalis
1151 3576 1224 3618 Vi-

281 3634 379 3677 carii
395 3661 411 3684 ‚
438 3633 656 3696 Regulares
681 3636 780 3678 vero
795 3635 870 3679 fine
885 3635 1100 3681 Generalis
1113 3663 1127 3685 ‚
1158 3632 1222 3676 vel

282 3688 543 3748 Provincialis
555 3691 754 3742 consensu,
765 3695 806 3736 δι
820 3694 982 3739 licentia
998 3695 1038 3736 in
1050 3692 1219 3747 scriptis,

277 3751 316 3791 δι
347 3747 467 3805 gratis
487 3749 734 3794 concedenda
748 3763 765 3803 ς
793 3752 972 3811 alioquin
1000 3750 1190 3796 saecularis
1198 3778 1216 3802 ,

2003 203 2153 284 391

1271 326 1339 378 qui
1355 324 1469 378 hujus
1483 322 1770 378 prohibitionis
1789 322 2049 375 transgressor
2078 331 2224 371 extite-

1268 382 1348 429 rit,
1369 383 1418 422 ab
1432 379 1606 434 ingressu
1617 378 1798 423 Ecclesiae
1819 380 2053 421 interdictus
2078 385 2123 424 fit
2149 400 2222 426 eo.

1271 436 1355 494 ipso
1379 450 1395 478 ε
1435 436 1654 489 Regularis
1686 435 1781 479 vcro
1805 449 1965 488 poenam
1988 440 2221 490 privationis

1270 494 1448 537 omnium
1459 491 1688 534 officiorum
1702 519 1717 541 ‚
1728 505 1813 548 quae
1828 503 1924 535 tunc
1937 494 2135 536 obtinebit
2149 522 2162 541 ,
2174 511 2220 537 ac

1265 561 1463 607 perpetua:
1479 550 1743 593 inhabilitatis
1767 551 1817 592 ad
1835 553 1912 593 alia
1925 554 1975 593 de
1989 564 2139 594 caetero
2154 553 2228 594 ob.

1267 607 1444 654 sinenda,
1461 606 1648 669 vocisque
1660 608 1793 651 activae
1803 637 1816 660 ,
1832 623 1878 652 ac
1891 608 2041 665 paffivae
2052 639 2066 660 ,
2079 611 2223 664 absque

1267 665 1346 713 alia
1373 664 1652 709 declaratione
1681 668 1860 711 incurrat
1886 695 1897 706 .
1941 668 2222 721 Eleemosynas

1268 725 1367 768 vero
1384 723 1601 775 manuales,
1613 727 1652 766 &
1667 726 1918 780 quotidianas
1933 741 2008 782 pro
2021 725 2140 767 Miffis
2156 740 2227 768 ce-

1267 782 1468 826 lebrandis
1483 784 1539 824 ita
1551 783 1712 825 demum
1727 784 1850 827 iidem
1864 785 2046 840 accipere
2063 783 2203 841 poffint
2213 814 2231 836 ,

1266 842 1293 883 si
1307 842 1492 884 oneribus
1521 850 1636 883 antea
1656 842 1846 897 impolitis
1860 842 1915 885 ita
1930 842 2198 886 satisfecerint
2208 870 2223 892 ,

1269 911 1311 943 ut
1327 914 1428 942 nova
1438 913 1600 955 quoque
1612 914 1734 942 onera
1749 899 1939 954 suscipere
1951 901 2230 953 valeant3alio-

1267 959 1361 1014 quin
1373 959 1539 1001 omnino
1560 959 1783 1001 abstineant
1811 959 1862 1000 ab
1886 958 2106 1015 hujusmodi
2123 959 2231 1003 elee-

1270 1016 1444 1072 mosynis
1455 1045 1471 1068 ,
1484 1017 1605 1060 etiam
1619 1016 1756 1073 sponte
1770 1016 1915 1060 oblatis
1929 1046 1945 1069 ,
1961 1018 1998 1060 in
2015 1017 2227 1062 futurum

1271 1075 1506 1132 recipiendis
1516 1078 1583 1124 ,ec
1593 1076 1772 1131 capsulas
1785 1074 1962 1118 auferant
1977 1079 2024 1119 ab
2042 1073 2231 1119 Ecclefiis

1272 1148 1359 1178 cum
1373 1134 1632 1192 inscriptione
1648 1135 1719 1178 illa
1731 1165 1748 1187 ,
1775 1134 2039 1190 Eleemosyna
2053 1146 2127 1191 pro
2140 1131 2229 1174 Mis-

1274 1192 1320 1234 fis
1333 1222 1347 1244 ,
1366 1193 1429 1237 vel
1444 1193 1522 1237 alis
1537 1192 1674 1243 fimili,
1690 1193 1756 1235 sub
1771 1190 1906 1235 iisdem
1921 1193 2052 1248 poenis
2066 1192 2150 1249 ipso
2169 1190 2228 1232 fa-

1271 1253 1335 1292 fto
1349 1252 1602 1295 incurrendis
1617 1280 1633 1302 ,
1661 1266 1710 1294 ne
1725 1250 1865 1294 fideles
1881 1252 1955 1294 bac
1971 1251 2129 1294 ratione
2144 1249 2233 1293 fru-

1270 1309 1468 1351 strentur·
1484 1308 1703 1364 Episcopus
1719 1312 1842 1360 vero,
1856 1311 1922 1352 seu
1931 1309 2018 1364 ejus
2027 1308 2232 1357 vicarius,

1269 1375 1336 1407 aut
1350 1365 1569 1407 Generalis
1583 1391 1598 1413 ,
1626 1366 1689 1408 vel
1715 1367 1979 1409 Psovincialis
1992 1394 2007 1416 ,
2038 1365 2103 1406 ubi
2121 1364 2171 1407 de
2185 1364 2232 1406 li·

1270 1422 1403 1468 centia
1413 1435 1488 1477 pro
1504 1423 1706 1479 perpetuis
1719 1423 1908 1466 oneribus
1924 1420 2078 1468 fuerint
2093 1422 2230 1479 requi-

1271 1481 1360 1528 siti,
1389 1481 1428 1522 in
1442 1481 1603 1536 lingulis
1616 1480 1769 1524 cafibus
1782 1480 1999 1537 diligenter
2026 1482 2232 1536 inquirant

1269 1541 1320 1583 de
1333 1537 1496 1593 lingulis
1527 1536 1732 1585 wffarum
1761 1538 2093 1587 celebrandarum
2119 1540 2228 1583 obli-

1272 1597 1499 1653 gationibus
1529 1598 1673 1653 cuique
1697 1597 1883 1641 Eccieiiae
1904 1627 1920 1649 ‚
1953 1598 2199 1644 Monasterio
2215 1623 2230 1647 ‚

1274 1666 1341 1701 aut
1355 1654 1448 1697 loco
1462 1656 1531 1708 pio
1542 1655 1884 1700 incumbentibuss
1895 1670 1967 1700 nec
1980 1666 2096 1700 antea
2110 1655 2232 1700 alsen-

1273 1712 1357 1756 sum
1384 1713 1635 1768 hujusmodi,
1666 1725 1736 1757 aut
1769 1714 1972 1758 licentiam
2000 1715 2197 1769 praebeant
2212 1719 2238 1763 ,⁴

1255 1785 1390 1828 rquatu
1412 1773 1469 1814 eis
1485 1770 1663 1828 legitime
1677 1772 1902 1816 constiterit
1915 1799 1930 1822 ,
1959 1773 2070 1817 illius
2088 1776 2230 1815 Sacer·

1271 1831 1386 1873 dotes
1401 1840 1483 1872 tam
1499 1843 1606 1872 novo
1617 1830 1730 1872 oneri
1739 1828 1989 1886 suscipiendo
2003 1858 2018 1878 ,
2032 1832 2148 1889 quim
2163 1844 2232 1872 an-

1271 1890 1390 1946 tiquis
1405 1888 1480 1944 jam
1493 1886 1681 1945 susceptis
1698 1884 1921 1932 satisfacere
1935 1885 2069 1947 poffe;
2092 1889 2232 1944 praeei-

1274 1960 1472 2003 puamque
1500 1948 1696 1991 rationem
1710 1946 1880 1991 babeant
1893 1975 1911 1997 ,
1940 1956 1985 1990 ut
2018 1946 2200 1993 redditus
2216 1973 2232 1997 ,

1273 2005 1340 2059 qui
1372 2003 1558 2047 Ecclesiis
1570 2029 1585 2052 ,
1617 2005 1654 2045 8:
1683 2001 1784 2045 locis
1808 2004 1882 2058 piis
1909 2004 2196 2062 relinquuntur
2215 2033 2231 2055 ,

1272 2062 1440 2104 omnino
1454 2060 1717 2116 respondeant
1731 2061 1921 2104 oneribus
1933 2062 2122 2116 adjunctis
2135 2088 2149 2110 ,
2174 2062 2232 2106 sev

1273 2119 1450 2163 cundum
1465 2133 1620 2162 morem
1633 2117 1819 2174 cujusque
1833 2119 2042 2168 Civitatis,
2053 2122 2116 2163 vel
2133 2123 2233 2164 Pro-

1273 2179 1427 2227 vincia,
1440 2177 1765 2232 intelligantquc,
1780 2176 1806 2220 fi
1819 2179 1859 2223 in
1874 2191 1920 2221 re
1938 2178 2040 2222 tanti
2055 2182 2231 2224 aionien-

1274 2236 1305 2280 ti
1320 2234 1476 2279 defides
1493 2263 1508 2286 ‚
1532 2246 1598 2278 sut
1614 2235 1859 2291 negligentes
1873 2235 2023 2279 fuerint
2036 2265 2050 2289 ,
2082 2238 2122 2281 in
2154 2252 2231 2282 no-

1276 2294 1429 2336 viffimo
1441 2293 1510 2336 die
1524 2294 1562 2336 se
1574 2292 1688 2349 hujus
1702 2294 1941 2350 praetermisl‘i
1967 2298 2140 2340 muneris
2167 2310 2232 2340 ra-

1275 2356 1425 2397 tionem
1438 2351 1512 2396 effe
1529 2352 1760 2396 reddituros
1772 2382 1784 2394 .

1392 2411 1599 2455 Postremo
1625 2410 1821 2455 illustriss.
1850 2413 1984 2456 Patres
2014 2441 2028 2465 ,
2048 2428 2126 2457 non
2150 2415 2231 2457 fine

1275 2471 1390 2526 gravi
1406 2469 1527 2514 animi
1539 2468 1685 2513 dolore
1699 2470 1970 2527 intelligentes
1985 2499 1999 2522 ‚
2024 2473 2129 2514 mala
2149 2470 2232 2515 sere

1273 2528 1757 2584 omnia,quaeRegularem
1770 2527 2018 2584 disciplinam
2030 2540 2233 2578 evertunt,

1271 2601 1315 2629 ac
1331 2586 1526 2643 precipue
1536 2587 1696 2629 nimiam
1711 2589 1810 2630 hanc
1825 2582 2064 2633 facilitatem
2091 2585 2232 2632 fovent

1272 2647 1313 2688 in
1328 2646 1515 2688 oneribus
1531 2643 1730 2688 Miffarum
1758 2644 1873 2702 supra
1897 2650 1999 2690 vires
2024 2645 2231 2702 suscipien-

1273 2704 1335 2749 dis
1352 2732 1367 2757 ,
1398 2702 1527 2747 veluti
1549 2716 1599 2746 ex
1620 2702 1762 2746 infecta
1775 2704 1939 2760 radice,
1969 2704 2168 2762 pullulare
2182 2718 2233 2748 ex

1276 2762 1420 2819 maiori
1437 2762 1702 2817 Regularium
1723 2777 1893 2809 numero
1906 2791 1921 2813 ‚
1951 2764 2070 2820 quam
2101 2762 2233 2807 ferant

1275 2820 1461 2867 redditus
1474 2846 1490 2868 ,
1518 2822 1556 2863 &
1585 2820 1845 2876 eleemosynae
1866 2821 2060 2878 cujusque
2092 2825 2233 2865 Mona·

1275 2878 1410 2931 sterii3
1432 2879 1668 2920 inhaerentes
1691 2880 1946 2922 Summarum
1962 2878 2201 2923 Pontificum
2214 2906 2230 2934 ‚

1276 2950 1323 2981 ae
1336 2935 1424 2978 Sac.
1442 2935 1671 2979 Tridentini
1684 2934 1863 2978 Concilii
1882 2937 2065 2980 Decretis
2080 2938 2153 2980 bae
2180 2936 2233 2978 de

1275 3010 1320 3039 re
1333 2994 1450 3038 editis
1465 3020 1480 3045 ‚
1493 2997 1563 3039 SS.
1580 2996 1631 3036 D.
1650 2995 1703 3035 N.
1716 2993 1961 3036 authoritate
1975 2994 2204 3049 praecipiunt
2218 3021 2234 3047 ,

1278 3068 1321 3096 ac
1338 3051 1527 3094 mandant
1551 3050 1757 3101 omnibus,
1786 3051 1826 3093 δι
1851 3050 2008 3105 fingulis
2023 3051 2237 3094 Generali-

1278 3113 1352 3154 bus
1367 3137 1381 3160 ,
1401 3108 1720 3153 Provincialibus
1734 3137 1751 3163 ‚
1772 3108 2056 3154 Commiffariis
2068 3135 2083 3158 ‚
2114 3110 2237 3153 Mini-

1283 3169 1366 3212 stris
1379 3194 1393 3217 ,
1408 3166 1702 3210 Ptaefidentibus
1714 3192 1730 3215 ,
1743 3166 1969 3216 Abbatibus
1984 3196 1997 3218 ,
2012 3169 2236 3221 Prioribus,

1285 3225 1508 3282 Praepofitis
1521 3251 1535 3274 ,
1549 3224 1791 3269 Guardianis
1801 3253 1815 3276 ‚
1829 3226 2017 3276 Vicariis,
2030 3227 2070 3268 δι
2082 3225 2237 3281 quibus·

1282 3298 1455 3340 cumque
1475 3283 1563 3326 aliis
1578 3283 1858 3340 Superioribus
1874 3284 2207 3327 Monasteriorum
2220 3310 2235 3333 2

1280 3347 1567 3388 Conventuum
1579 3367 1594 3391 ,
1623 3357 1669 3384 ac
1695 3345 1919 3387 Doniorum
1935 3341 2236 3397 Regulariunu

1283 3401 1388 3445 bona
1398 3399 1616 3444 immobilia
1629 3399 1906 3456 possidentium
1920 3428 1935 3450 ,
1964 3400 2028 3443 vel
2053 3414 2134 3443 non
2150 3401 2236 3456 pos-

1285 3458 1496 3504 fidentium
1510 3486 1525 3508 ,
1552 3457 1828 3515 cujuscumque
1843 3459 2005 3501 Ordinis
2018 3485 2032 3508 ,
2049 3462 2238 3514 Congreff

1285 3517 1455 3573 gationis
1468 3547 1483 3568 ,
1508 3519 1547 3559 δι
1563 3516 1735 3560 instituti
1749 3516 2000 3560 existentium
2022 3517 2126 3560 intra
2141 3517 2236 3559 fines

1283 3575 1409 3618 ltaliae
1425 3602 1438 3624 ,
1448 3577 1488 3618 δε
1503 3572 1723 3618 insularum
1736 3574 2002 3631 adjacentium
2018 3605 2034 3628 ,
2047 3586 2091 3619 ut
2105 3580 2237 3630 fingu-

1280 3633 1310 3676 li
1325 3660 1340 3682 ,
1352 3633 1402 3676 ad
1415 3647 1513 3687 quos
1527 3633 1702 3688 pertinet
1717 3659 1731 3680 ‚
1745 3635 1784 3676 in
1801 3634 1973 3689 qualibet
1991 3635 2199 3678 Provincia
2221 3658 2235 3679 2

1275 3692 1464 3735 adhibitis
1473 3690 1650 3740 duobus,
1665 3700 1734 3733 aut
1748 3693 1875 3735 tribus
1893 3693 2161 3747 Regularibus
2177 3687 2231 3728 sui

1275 3749 1440 3795 Ordinis
1453 3778 1468 3804 ,
1486 3749 1550 3793 vel
1564 3752 1902 3808 Congregationis
1914 3747 2230 3844 probatigribus,

2116 3813 2178 3842 re·
