2444 4192
814 159 973 244 Sub
1034 111 1410 244 Clemente
1471 162 1574 244 X.

224 313 327 357 foetu
357 323 470 354 novae
495 307 622 365 prolis
649 304 877 356 adauxerit,
904 324 1068 368 eamque
1100 315 1179 372 jam

222 385 291 429 per
304 368 559 425 Hispaniae,&
576 367 779 409 Indiarum
798 367 936 420 Regna
951 370 1176 424 dilatatam,

222 443 294 487 per
308 427 463 471 semitas
483 425 714 469 strietiffimae
727 426 973 480 paupertatis
999 430 1179 471 ambula·

222 501 266 531 re
292 486 475 528 docuerit
502 514 518 537 ,
558 486 598 527 δε
634 484 816 527 omnibus
844 483 1179 528 christifidelibus

220 546 435 602 praebuerit
450 544 655 600 exemplar
666 540 908 585 incredibilis
929 544 1179 597 poenitentiae

220 617 312 646 cum
343 602 491 647 summa
520 600 744 646 innocentia
769 598 984 657 conjuneiae
1007 628 1022 651 ,
1046 599 1176 642 deeffe

218 661 372 704 illinon
389 662 528 706 debeat
544 661 676 706 Sancti
692 659 860 702 nominis
876 658 1007 715 gloria
1021 686 1036 709 ,
1053 659 1093 699 δι
1108 672 1176 713 po·-

217 719 319 776 pulo
344 721 573 764 Christiano
597 719 742 775 infigne
770 719 819 760 ab
846 718 919 760 hoc
936 729 1047 759 novo
1062 717 1174 759 Petri

217 778 334 821 cultu
361 779 411 823 ad
437 782 631 823 virtutum
655 778 981 820 incitamentum.
1011 775 1174 818 Gratias

216 836 341 892 igitur
360 838 501 892 agebat
527 836 790 892 omnipotenti
819 837 905 878 Deo
935 835 1044 878 idem
1074 833 1173 876 Cle-

217 907 328 937 mens
342 895 607 939 Praedeceffor
622 922 636 945 ,
661 897 729 951 qui
757 893 824 936 fibi
851 895 953 936 hanc
970 902 1176 938 mentem..

216 951 438 1008 inspirasset
474 952 719 998 decernendi
762 952 963 1009 supremos
1003 954 1176 995 honores

218 1012 312 1054 huic
329 1013 430 1054 Viro
443 1012 686 1063 admirabili,
713 1025 830 1067 quem
851 1011 1050 1068 praecipuo
1062 1012 1175 1053 cultu

221 1071 515 1122 venerabatur,
539 1073 578 1113 δι
605 1071 627 1112 a
657 1083 739 1125 quo
766 1069 974 1114 salutarem
1004 1083 1120 1125 opem
1135 1070 1176 1111 in

218 1128 399 1170 maximis
428 1126 533 1172 hisce
551 1126 768 1171 infelicium
791 1138 1019 1184 temporum
1041 1127 1177 1172 discri-

217 1186 387 1228 minibus
405 1214 420 1239 ,
444 1185 662 1242 presertim
682 1196 826 1230 contra
853 1186 1073 1242 superbiam
1096 1213 1111 1236 a
1135 1187 1176 1230 δι

218 1237 408 1285 ferociam
437 1245 691 1293 Turenum,
721 1244 987 1299 implorabat.
1019 1248 1077 1288 Ut
1103 1258 1174 1285 au-

217 1310 299 1344 tem
324 1301 589 1344 celeberrima
604 1299 715 1342 Petri
742 1302 921 1343 sanstitas
946 1302 1175 1344 testimonio

216 1359 338 1402 etiam
361 1361 427 1404 suo
452 1360 813 1416 comprobaretur,
837 1360 875 1401 δι
902 1356 986 1414 ejus
1008 1358 1173 1401 eximias

220 1417 388 1461 virtutes
403 1418 589 1461 universis
604 1415 937 1461 Christifidclibus
957 1417 1173 1460 imitandas

220 1476 427 1520 exhiberet
442 1505 457 1528 ,
471 1489 516 1519 ae
532 1475 640 1519 illius
654 1475 692 1517 in
707 1477 825 1517 terris
839 1475 1102 1519 admiratione
1114 1476 1178 1518 di·

223 1548 342 1589 gnam
354 1564 371 1587 ,
397 1537 437 1578 &
458 1532 714 1577 laudabiliter
728 1532 960 1577 transactam
971 1533 1095 1576 vitam
1110 1547 1179 1577 ex·-

221 1593 421 1648 plicaret,
447 1590 494 1635 fic
520 1605 740 1647 proponere
753 1591 990 1641 decreverat
1003 1619 1016 1632 .

340 1654 514 1694 Exortus
539 1651 578 1692 in
596 1649 726 1694 lucem
740 1660 827 1693 erat
846 1649 1097 1693 stnaiffimus
1117 1649 1182 1691 hic

221 1710 297 1752 Vir
315 1708 801 1764 NorboeCoestreae‚vulgo
814 1708 1179 1759 Alcantarae‚inBae·

224 1768 332 1810 turia
347 1767 621 1824 Hispaniarum
638 1767 821 1823 Regione
836 1794 850 1818 ‚
864 1779 967 1808 anno
990 1776 1181 1820 reparata:

222 1823 359 1868 salutis
382 1823 588 1869 milleiimo
608 1822 996 1882 quadringentefimo
1010 1838 1182 1881 nonage-

223 1886 320 1926 simo
336 1898 458 1936 nono,
469 1897 519 1926 ex
531 1884 767 1928 Parentibus
781 1897 942 1940 genere,
963 1898 1010 1927 ac
1030 1884 1180 1940 pietate

162 1979 165 1982 .
223 1941 447 1990 nobilibus,
463 1942 586 1984 Petro
595 1943 851 1990 Garabitm&
865 1941 1182 1992 MariaVilleila,

223 2001 409 2056 idemque
422 2000 529 2044 Petri
542 2014 689 2045 nomen
705 2028 720 2051 ,
747 1999 855 2058 quod
873 2000 911 2041 in
933 2001 1036 2042 sacra
1051 2000 1181 2043 Fami·

226 2060 281 2103 lia
292 2069 527 2116 perpetuum
540 2059 598 2102 illi
611 2059 687 2104 fuit
701 2088 715 2112 ‚
741 2058 849 2102 sacro
876 2057 901 2100 ό
929 2059 1043 2100 fonte
1058 2057 1183 2101 susce·

224 2126 343 2175 perat
357 2145 368 2159 .
400 2117 641 2161 Abineunte
653 2128 765 2162 aetate
777 2116 984 2160 ambulans
1013 2117 1052 2158 in
1067 2118 1183 2159 inno·

225 2176 360 2219 centia
376 2201 390 2225 ‚
420 2176 551 2219 vitans
563 2176 716 2220 lubrica
729 2206 744 2229 ,
767 2177 807 2217 δι
822 2175 1098 2230 voluptatibus
1111 2176 1183 2218 ob·

225 2232 370 2281 noxia,
393 2235 434 2276 δι
459 2235 666 2277 hominum
695 2234 982 2277 commercium
995 2232 1182 2288 fugiens,

224 2291 544 2348 contemplandis
559 2293 673 2336 rebus
688 2292 836 2335 divinis
848 2291 905 2334 ita
922 2291 1119 2343 vacabat,
1139 2300 1183 2333 ut

224 2364 364 2394 amore
376 2350 596 2394 coelestium
611 2349 789 2395 incensus
803 2377 818 2401 ,
840 2349 1060 2405 aliquando
1071 2360 1183 2394 extra

225 2409 265 2453 se
281 2423 375 2465 rape
383 2419 518 2464 retur3
544 2409 712 2467 ideoque
724 2407 915 2466 sapientia
927 2406 1106 2452 crescens
1119 2435 1133 2458 2
1145 2409 1185 2450 δι

224 2466 381 2524 gratis,
415 2470 632 2511 mensuram
651 2471 777 2512 aetatis
794 2469 972 2512 moribus
997 2464 1183 2511 senilibus

223 2525 444 2570 excedebat
473 2555 485 2568 .
516 2526 703 2570 Studium
731 2527 943 2570 literarum
973 2524 1157 2582 ingreffus
1168 2551 1182 2574 ,

222 2586 305 2628 acri
320 2584 483 2641 ingenio
498 2584 704 2641 ingentem
722 2585 826 2642 spem
841 2584 914 2626 suis
930 2585 1182 2634 Parentibus,

222 2643 264 2688 δι
279 2642 470 2699 Magistro
487 2642 631 2687 indidit
648 2672 660 2686 .
690 2643 798 2698 Quia
823 2644 923 2686 vero
937 2653 1108 2686 noverat
1125 2641 1182 2684 sa-

221 2701 403 2757 pientem
412 2697 590 2744 futurum
605 2730 620 2753 ,
644 2704 714 2755 qui
748 2715 840 2744 cum
853 2701 1087 2758 sapientibus
1099 2715 1183 2758 gra.

225 2757 341 2802 ditur
352 2784 367 2809 ,
393 2756 669 2812 religiosorum
683 2761 881 2802 Virorum
895 2759 1100 2802 consortio
1112 2758 1186 2802 de-

214 2814 452 2869 *tenebatur
475 2840 489 2863 ‚
510 2828 555 2856 ac
578 2815 721 2860 divine
734 2815 944 2872 prasertim
959 2817 1112 2859 inhians
1128 2820 1184 2859 sa·

227 2871 385 2930 pientio
395 2898 412 2920 ‚
443 2870 571 2916 sacros
586 2873 806 2916 avidiffime
819 2876 1020 2931 querebat
1034 2874 1160 2917 libros
1171 2903 1188 2926 ,

227 2933 253 2975 ἰ
268 2930 484 2989 prophanis
497 2929 736 2974 abhorrens.
769 2933 824 2974 Et
837 2932 1027 2989 quoniam
1053 2932 1103 2975 ab
1129 2935 1185 2976 in·

226 2987 353 3033 fantis
368 2988 501 3032 lecum
513 2998 700 3033 creverat
722 2989 993 3034 misericordia
1011 3017 1026 3041 ,
1055 2992 1188 3034 omni-

229 3048 304 3091 bus
317 3045 356 3092 se
367 3045 577 3091 charitatis
590 3049 772 3104 operibus
787 3047 932 3093 affidue
941 3049 1061 3092 dabat
1077 3079 1090 3090 .
1120 3052 1188 3092 ln·

227 3103 364 3150 firmos
378 3104 550 3163 proinde
562 3131 578 3154 ,
601 3107 641 3149 in
669 3121 833 3150 carcere
847 3107 992 3163 politos
1002 3135 1018 3158 ,
1041 3108 1078 3149 δι
1094 3122 1188 3163 ege·

229 3162 532 3223 nos,quanti1m
554 3174 742 3220 poterat,
757 3165 1015 3209 sublevabat.
1045 3167 1190 3209 Cum.»

199 3250 201 3253 .
231 3233 363 3267 nutem
379 3222 420 3266 in
434 3222 532 3265 alios
545 3224 632 3278 pius
646 3221 741 3267 effet
773 3225 814 3266 δι
842 3223 1066 3266 misericors
1083 3252 1096 3276 ,
1118 3224 1187 3267 fibi

231 3289 364 3324 tamen
378 3295 428 3324 ex
444 3290 538 3324 tunc
549 3281 767 3338 incipiebat
779 3282 856 3326 effe
864 3283 1037 3326 austerus
1048 3310 1059 3322 .
1081 3284 1186 3324 Nam

232 3350 314 3381 non
327 3338 450 3383 solum
462 3339 647 3396 {iugulari
663 3338 896 3385 abstineiitia
913 3338 1104 3384 sensuales
1120 3354 1187 3396 ap-

233 3396 385 3451 petitus
394 3396 557 3442 frtnare
569 3428 583 3451 ,
619 3398 683 3442 {ed
712 3401 752 3442 δι
769 3399 978 3443 les-illimus
990 3397 1187 3455 quoscun-

234 3466 325 3519 que·
337 3451 511 3525 descetus
539 3456 708 3513 flagellis
743 3459 889 3514 asperis
927 3456 1188 3525 consueverat

235 3513 1188 3630 neaemias&essessasassss

238 3637 403 3677 ¹amens
426 3641 472 3670 ae
499 3633 619 3688 magis
643 3633 844 3678 abundans
869 3635 907 3676 in
933 3632 1124 3684 scientia,
1148 3634 1189 3678 δι

234 3686 276 3727 iu
300 3685 409 3727 omni
435 3684 541 3728 seniis
566 3691 749 3744 probavit
772 3694 954 3749 potiora,
978 3694 1018 3734 &
1040 3704 1185 3734 annum

235 3743 357 3788 aetatis
370 3740 519 3787 senum
536 3743 733 3793 decimum
749 3749 934 3808 ingr-effus
946 3777 960 3802 ³
981 3751 1020 3795 in
1037 3750 1183 3794 Custo-

1237 317 1304 357 dia
1331 319 1372 358 S.
1391 314 1630 370 Evangelii,
1654 315 1716 354 seu
1744 314 2041 357 Extremadurae
2067 320 2088 374 (
2110 334 2194 374 quoe

1237 387 1342 415 nunc
1371 376 1414 414 S.
1426 371 1630 413 Gabrielis
1653 372 1864 412 Provincia
1891 371 2072 427 dicitur)
2100 378 2193 417 Fra.

1240 440 1348 472 trum
1376 430 1578 469 Minorum
1608 426 1950 468 Discalceatorum
1966 430 2155 472 Habitum
2182 461 2196 483 ,

1237 489 1278 528 δι
1299 484 1588 538 Evangelicam
1613 484 1771 525 vivendi
1805 482 1979 525 sormam
2004 486 2193 540 suscepit:

1237 543 1364 604 Qod
1401 541 1610 583 confilium
1655 541 1791 596 infigni
1829 542 2014 597 prodigio
2049 557 2198 597 appro-

1237 602 1346 644 bavit
1376 602 1481 641 Deus
1505 627 1516 639 .
1563 602 1668 642 Cum
1695 600 1799 641 enim
1828 599 2026 642 festinanti
2059 601 2107 642 ad
2132 616 2196 642 re·

1234 657 1361 714 ligiofi
1375 657 1542 700 Ordinis
1558 668 1719 713 portum
1742 672 1895 700 moram
1909 659 2104 712 objiceret
2119 659 2195 700 flu-

1235 719 1320 760 vius
1337 717 1479 759 Tietar
1502 745 1518 768 ‚
1542 717 1609 772 qui
1637 727 1731 758 tunc
1758 718 1862 759 sorte
1879 717 2070 760 imbribus
2086 716 2193 757 intu-

1233 786 1415 827 muerat,
1441 789 1570 830 neque
1594 775 1675 816 ulla
1708 776 1853 832 navigii
1880 775 2045 818 facultas
2072 772 2195 824 effer,

1235 834 1376 879 effusus
1395 836 1434 876 in
1448 848 1585 890 preces
1597 862 1612 884 ,
1639 834 1677 875 in
1692 832 1816 876 altera
1843 834 1881 877 se
1896 834 1981 890 ripa
1996 834 2193 876 divinitus

1236 893 1492 937 constitutum
1519 893 1724 947 extemplo
1750 894 1900 950 reperit
1932 896 2077 936 Petrus
2099 919 2109 930 ·
2142 894 2190 934 ln

1235 952 1440 996 Coenobio
1453 962 1536 992 tam
1556 964 1724 1006 magnos
1739 951 1778 992 in
1795 953 1944 994 virtute
1958 951 2084 993 statim
2098 965 2204 1006 pro·-

1235 1008 1385 1069 greffus
1413 1008 1508 1052 feeit
1539 1037 1554 1061 ‚
1594 1020 1635 1051 ut
1662 1009 1777 1051 initio
1810 1010 1988 1053 tirocinii
2018 1009 2194 1052 emeritis

1237 1069 1390 1113 Christi
1406 1067 1597 1111 militibus
1611 1069 1837 1121 emineret3
1862 1068 1912 1110 ad
1934 1070 2110 1110 omnium
2136 1078 2195 1108 ta·

1237 1142 1328 1172 men
1357 1127 1476 1185 pedes
1501 1127 1670 1170 mirabili
1701 1126 1930 1169 demiffione
1945 1128 2196 1182 prosternens

1236 1187 1295 1229 se.
1330 1187 1543 1231 Praecinxit
1557 1186 1671 1228 illum
1687 1186 1791 1228 Deus
1808 1186 1959 1228 virtute
1976 1214 1990 1236 ,
2015 1186 2055 1227 δι
2067 1182 2195 1240 posuit

1235 1245 1533 1289 immaculatam
1551 1246 1652 1288 viam
1669 1244 1752 1302 ejus
1767 1275 1778 1287 .
1811 1246 2075 1301 Paupertate,
2108 1242 2197 1284 reii-

1234 1303 1347 1359 giosae
1358 1301 1568 1357 disciplinae
1582 1307 1717 1358 rigore
1729 1332 1744 1355 ,
1771 1318 1858 1346 rara
1879 1303 2095 1346 oculorum
2111 1314 2193 1341 mo-

1233 1359 1600 1407 destia,incredibili
1618 1361 1676 1402 fiti
1690 1362 1942 1403 cruciatuum
1958 1371 2140 1414 magnam
2158 1360 2198 1398 in

1234 1417 1420 1462 omnibus
1450 1416 1643 1460 excitavit
1671 1417 1975 1460 admirationem
2005 1415 2089 1459 sui.
2121 1417 2200 1458 So·

1237 1478 1412 1520 lemnem
1429 1474 1710 1531 proseffionem
1722 1504 1737 1528 ,
1750 1477 1916 1533 expleto
1931 1474 2111 1518 tirocinii
2127 1487 2200 1514 an-

1239 1550 1292 1578 no
1305 1564 1320 1586 ,
1333 1534 1461 1577 emifit
1475 1562 1489 1584 ‚
1505 1535 1545 1576 δι
1558 1534 1634 1577 sese
1647 1535 1807 1578 elevans
1822 1535 1934 1590 supra
1949 1532 1985 1577 se
1998 1559 2013 1582 s
2029 1534 2199 1576 humana

1239 1593 1373 1636 omnia
1389 1589 1698 1644 transcendens,
1726 1594 1765 1635 δι
1793 1595 1984 1636 anhelans
2000 1592 2049 1634 ad
2071 1591 2198 1633 coele·

1242 1653 1328 1704 ssia,
1339 1651 1468 1694 oculis
1484 1662 1617 1692 tamen
1634 1651 1835 1694 interram
1850 1650 1999 1707 semper
2012 1648 2194 1706 dejectis,

1242 1711 1475 1768 ignorabat,
1497 1723 1545 1751 an
1561 1711 1718 1753 Chorus
1737 1710 1957 1766 Ecclefiae(
1971 1722 2087 1766 quem
2111 1721 2201 1762 per-

1242 1769 1366 1826 petuo
1392 1768 1527 1811 adibat
1553 1767 1574 1824 )
1595 1766 1752 1811 fornice
1781 1771 1979 1812 obdue'ius
2005 1766 2122 1814 effet,
2149 1779 2199 1807 an

1243 1827 1417 1883 laqueari
1433 1855 1449 1877 ‚
1464 1840 1510 1868 an
1526 1826 1671 1869 cellula
1686 1825 1749 1868 sua
1764 1841 1812 1868 ex
1834 1827 2032 1883 lapidibus
2046 1852 2061 1874 ,
2088 1837 2137 1865 sn
2152 1837 2200 1865 ex

1241 1886 1357 1944 lignis
1382 1885 1607 1927 constaret.
1644 1886 1694 1926 Et
1709 1886 1857 1927 exactis
1883 1886 1922 1926 in
1945 1881 2119 1938 quodam
2148 1880 2201 1922 sui

1240 1943 1407 1988 Ordinis
1420 1943 1625 1986 Coenobio
1637 1944 1763 1986 tribus
1786 1945 1924 1990 annis,
1949 1944 2108 1984 Fratres
2123 1953 2202 1980 non

1241 2018 1288 2046 ex
1305 2003 1420 2045 vultu
1433 2027 1448 2049 ‚
1468 2000 1534 2044 sed
1550 1999 1599 2043 ex
1615 2000 1699 2043 solo
1715 2002 1825 2044 vocis
1837 1998 2107 2056 cognoscebat
2135 2011 2204 2040 au-

1242 2063 1332 2104 ditu
1350 2094 1362 2107 .
1390 2058 1548 2101 Silentii
1562 2071 1723 2115 quoque
1740 2061 1873 2114 rigore
1888 2060 2061 2111 linguam
2073 2056 2205 2111 repri-

1242 2133 1353 2162 mere
1373 2115 1551 2168 studens‚
1586 2130 1656 2171 per
1678 2118 1894 2160 triennium
1908 2114 2101 2171 quosdam
2128 2114 2202 2157 in.»

1244 2192 1315 2222 ore
1326 2175 1483 2233 lapillos
1500 2175 1646 2218 detulit
1659 2203 1674 2226 ,
1693 2187 1735 2219 ut
1751 2176 1815 2220 vel
1838 2176 1886 2217 sic
1902 2172 2094 2230 loquendi
2110 2185 2205 2227 pru·-

1244 2237 1366 2280 ritum
1383 2232 1617 2276 coerceret.
1647 2234 1993 2287 seniliprudentia
2020 2232 2205 2288 juventu-

1244 2305 1327 2338 tem
1344 2291 1606 2347 supergreflus
1625 2322 1638 2344 ‚
1651 2292 1839 2349 vigesimo
1855 2293 1978 2335 aetatis
1992 2304 2097 2333 anno
2113 2302 2207 2345 prae·

1244 2365 1306 2397 ter
1334 2351 1428 2394 sacri
1455 2350 1619 2392 Ordinis
1646 2366 1801 2394 morem
1819 2382 1832 2402 ,
1855 2351 1998 2393 Custos
2012 2353 2049 2392 C
2051 2348 2207 2393 oenobii

1244 2416 1284 2456 S.
1315 2411 1449 2455 Mariae
1470 2411 1720 2463 Angelorum
1747 2410 1998 2453 renunciatus
2027 2409 2110 2457 est,
2134 2407 2203 2449 ubi

1243 2482 1307 2515 tot
1331 2465 1614 2524 charismatum
1635 2469 1740 2512 dona
1769 2469 1934 2512 coeiitus
1960 2467 2023 2509 illi
2050 2465 2204 2510 collata

1244 2530 1357 2580 sunt,
1383 2538 1429 2571 ut
1443 2540 1491 2569 ex
1511 2541 1562 2570 eo
1583 2527 1853 2583 jamtempore
1866 2524 2057 2583 prodigiis
2082 2537 2204 2567 coru-

1243 2590 1368 2630 scaret
1387 2615 1398 2627 .
1425 2588 1530 2628 Cum
1547 2590 1654 2629 enim
1670 2601 1822 2629 annona
1833 2586 1963 2628 omnis
1978 2582 2205 2630 defecisset,

1244 2661 1290 2689 ac
1317 2648 1473 2688 Fratres
1499 2647 1639 2700 egredi
1668 2646 1718 2687 ad
1742 2645 1956 2700 petendam
1986 2642 2207 2694 eleemosy-

1245 2719 1335 2748 nam
1352 2702 1693 2760 prohiberentur(
1706 2702 1889 2747 altisiima
1905 2703 1997 2744 nive
2011 2703 2207 2743 Conven-

1242 2775 1331 2809 tum
1353 2761 1596 2822 obfidente)
1617 2763 1812 2820 conqueri
1844 2761 1895 2804 de
1920 2762 2046 2803 Petro
2071 2771 2209 2813 coepe-

1244 2833 1336 2866 runt
1351 2849 1366 2872 ,
1377 2821 1445 2876 qui
1461 2822 1582 2864 etiam
1597 2822 1753 2876 rigente
1773 2824 1916 2876 hyeme
1928 2821 2033 2877 ipsos
2047 2818 2208 2872 cogita·

1244 2894 1289 2924 re
1300 2881 1350 2922 de
1363 2879 1538 2921 crastino
1553 2879 1734 2921 vetuisset
1745 2907 1759 2930 ,
1781 2878 1975 2933 quicquid
1990 2874 2131 2918 mensa
2145 2874 2205 2916 su-

1246 2946 1408 2997 pererat
1432 2966 1445 2989 ‚
1476 2936 1660 2994 quotidie
1680 2937 1720 2979 in
1745 2949 1936 2991 pauperes
1963 2933 2205 2976 distribuere

1245 2995 1456 3041 consuetus
1471 3028 1484 3040 .
1508 2999 1562 3038 At
1577 2994 1647 3037 ille
1662 2995 1778 3037 certo
1796 2991 1924 3034 sciens
1939 2990 2205 3036 enutriendos

1246 3054 1322 3098 effe
1333 3079 1348 3101 s
1359 3054 1428 3110 qui
1439 3053 1576 3106 iactant
1588 3053 1811 3107 cogitatum
1827 3049 1991 3093 suumin
2007 3048 2204 3099 Domino,

1245 3112 1350 3172 juffit
1365 3113 1414 3155 ad
1429 3113 1571 3155 ostium
1587 3111 1779 3168 querulos
1792 3122 1986 3165 pergere,
2009 3107 2075 3148 ubi
2091 3106 2204 3160 super

1245 3185 1435 3216 acervum
1448 3171 1547 3214 nivis
1564 3170 1734 3224 postibus
1748 3172 1956 3225 herentem
1971 3194 1985 3216 ‚
2012 3178 2205 3221 praegran-

1247 3232 1300 3274 de
1312 3230 1522 3274 canistrum
1539 3229 1731 3272 refertum
1749 3228 1916 3283 panibus
1933 3228 2174 3269 invenerunt
2187 3249 2203 3274 ,

1246 3299 1328 3333 tam
1344 3289 1580 3344 importuno
1594 3298 1775 3343 tempore
1788 3314 1803 3339 ,
1826 3287 1865 3328 &
1887 3285 2030 3328 itinere
2046 3282 2128 3324 alta
2144 3282 2206 3323 ni·

1247 3362 1295 3390 ve
1310 3347 1468 3399 oblito,
1490 3347 1643 3390 nonnisi
1670 3346 1721 3388 ab
1748 3343 1908 3399 Angelis
1934 3346 1985 3387 eo
1998 3341 2202 3384 delatum:

1238 3420 1364 3462 >quam
1376 3406 1519 3449 divinae
1533 3404 1795 3462 providentie
1806 3415 1939 3446 curam
1954 3402 2040 3444 aliis
2047 3413 2203 3457 quoque

1247 3465 1400 3507 vicibus
1424 3464 1480 3506 est
1499 3474 1693 3519 expertus
1721 3491 1734 3503 .
1771 3461 1850 3505 Sed
1875 3460 2098 3503 mirabilior
2123 3466 2207 3501 erat

1246 3523 1362 3565 Petri
1375 3525 1459 3565 vita
1474 3551 1489 3574 ,
1501 3537 1585 3578 quae
1597 3530 1645 3565 ut
1663 3521 1753 3563 viva
1770 3520 1834 3563 lex
1850 3517 2100 3575 persefflonis
2114 3517 2202 3558 alu-

1247 3594 1362 3622 mnos
1375 3582 1623 3635 provocabat
1644 3578 1696 3621 ad
1707 3578 1951 3622 sanetitatem
1966 3607 1978 3620 .
2005 3580 2087 3621 Pro
2099 3588 2204 3632 quo·

1247 3639 1306 3681 vis
1322 3639 1518 3694 praeconio
1534 3638 1729 3681 sufficeret
1752 3636 1904 3680 referre
1926 3637 2021 3689 illa,
2042 3649 2125 3691 quae
2151 3635 2202 3673 de

1244 3698 1322 3739 hoc
1338 3697 1441 3739 Viro
1457 3695 1685 3741 fimetiffimo
1696 3696 1799 3739 dixit
1814 3693 2041 3739 sanfliffima
2055 3692 2204 3750 pariter

1242 3756 1371 3812 Virgo
1383 3755 1874 3809 Terefia,Carmclitarum
1883 3753 2203 3798 Reformatorum

2081 3820 2150 3861 Pa·
