2444 4192
943 157 1492 274 Appendix.

201 315 273 357 bus
287 309 537 355 detrimento
551 312 627 355 effe
641 311 829 355 noscatur
845 340 859 363 ,
873 311 929 362 δε,
943 310 1041 354 ficut
1055 324 1171 352 acce-

204 373 332 425 pimus
346 372 482 421 ,nimis
506 369 646 413 exceffi
654 383 698 413 va
713 370 783 415 fit,
803 368 1027 424 hujusmodi
1043 369 1170 409 libros

202 430 364 485 legendi
390 431 648 474 licentiarum
669 427 815 483 copia3
848 430 935 469 Nos
958 453 974 477 ,
1007 435 1050 468 ut
1078 425 1174 466 huic

158 506 166 510 s
202 489 310 531 malo
325 491 482 534 mature
495 488 789 534 occurratur,&
803 486 1045 540 inposterum
1058 480 1175 538 quim

198 548 420 592 cautiffime
444 547 617 592 licentiae
630 541 856 601 hujusmodi
875 543 1154 586 concedantur
1164 564 1179 588 ,

200 609 398 662 quantum
413 620 510 651 eum
529 600 912 659 Domino‘polsumus
925 631 942 655 ,
957 598 1178 657 providere

204 666 394 711 volentes
405 693 421 716 ,
448 669 568 709 Motu
589 663 758 719 proprio
770 689 785 713 ,
812 663 850 703 &
863 673 911 702 ex
925 670 1036 703 certa
1050 657 1173 699 scien-

205 725 262 766 tia
277 740 348 776 ‚ac
363 733 517 768 matura
531 721 821 765 deliberatione
841 719 985 762 nostris
999 749 1016 772 ‚
1038 716 1169 772 deque

200 784 442 838 Apostolicae
463 779 676 825 Potestatis
705 777 956 835 plenitudine
978 804 993 827 ‚
1027 788 1167 818 omnes

199 842 241 883 δι
263 843 433 898 singulas
447 840 631 884 licentias
648 837 834 894 legendi,
859 838 899 879 δι
926 836 1095 879 habendi
1113 834 1165 877 li-

203 901 298 944 bros
308 899 585 956 quoscumque
596 898 650 942 ob
661 899 835 942 haeresim
848 924 863 948 ,
884 894 948 939 vel
964 893 1049 937 falfi
1065 895 1167 950 dog·

199 960 318 1003 matis
341 958 604 1015 suspicionem
618 986 634 1009 ,
663 959 730 1001 seu
755 970 825 1013 per
849 954 1167 998 Constitutiones

198 1016 452 1073 Apostolicas
465 1043 479 1066 ‚
493 1017 623 1060 etiam
637 1016 794 1059 ratione
810 1013 1043 1070 Astrologiae
1063 1011 1167 1069 judi-

198 1077 330 1119 ciariae
344 1105 358 1127 ‚
388 1074 453 1118 vel
477 1076 576 1119 alias
595 1073 901 1130 quomodolibet
914 1072 1167 1128 prohibitos,

200 1132 519 1190 quibuscumque
534 1131 707 1190 personis
732 1132 863 1177 Laicis
877 1158 891 1181 ‚
914 1132 955 1175 δι
971 1128 1168 1173 Ecclelia·

201 1192 304 1234 ssicis
323 1217 339 1241 2
351 1202 436 1234 tam
451 1191 735 1241 Saecularibus,
760 1190 878 1247 quim
899 1188 1168 1246 Regularibus

199 1249 482 1304 cujuscumque
505 1247 701 1299 Ordinis,
732 1249 971 1297 Societatis‚
997 1248 1037 1290 δι
1056 1247 1168 1291 lusti-

198 1307 278 1350 tuti
293 1304 553 1350 existentibus
564 1329 579 1354 ‚
605 1318 651 1348 ac
664 1317 921 1362 quacumque
935 1305 1136 1360 dignitate
1149 1332 1165 1354 ‚

197 1368 320 1410 etiam
342 1362 617 1408 Eccleliastica
640 1361 916 1419 fulgentibus,
940 1362 1166 1418 cujuscum-

199 1440 282 1480 que
293 1420 412 1467 status
425 1451 440 1476 ,
451 1419 597 1479 graduis
617 1448 633 1474 ‚
643 1419 895 1464 conditionis
909 1447 924 1471 ‚
938 1421 1168 1478 qualitatis,

200 1488 241 1529 δι
265 1480 569 1540 praeemincntiae
583 1507 600 1533 ‚
631 1480 756 1524 etiam
787 1479 949 1535 speciali
971 1490 1066 1524 nota
1079 1506 1094 1530 ,
1129 1481 1170 1522 δι

201 1542 408 1588 mentione
419 1540 550 1597 dignis
563 1565 578 1589 ,
608 1552 654 1584 ac
680 1553 754 1595 per
770 1540 946 1583 Litteras
962 1539 1172 1595 Apostoli-

204 1616 269 1646 eas
284 1602 335 1645 ad
351 1611 509 1656 tempus
522 1596 608 1644 ‚seu
620 1598 671 1641 ad
683 1598 807 1641 vitam
821 1623 837 1647 ‚
866 1598 906 1640 δι
931 1598 1053 1642 aliter
1065 1612 1170 1655 quo-

203 1662 500 1714 modocumque
516 1686 531 1710 ,
542 1658 582 1700 8ι
595 1671 645 1701 ex
657 1669 909 1714 quacumque
924 1658 1038 1700 causa
1054 1684 1067 1706 ,
1086 1668 1170 1700 tam

199 1722 243 1764 in
259 1717 386 1761 forma
404 1716 539 1760 Brevis
552 1744 568 1768 ‚
580 1720 699 1772 quam
708 1715 836 1778 aliter
848 1717 1173 1770 quomodocum-

200 1793 280 1836 que
295 1779 318 1822 ὲ
331 1774 685 1820 Praedeccfloribus
700 1776 839 1819 nostris
857 1775 1046 1820 Romanis
1063 1779 1171 1820 Pon-

205 1836 381 1880 tificibus
398 1864 411 1886 ,
437 1836 499 1878 {eu
517 1832 538 1875 a
552 1834 853 1892 quibuscunque
867 1835 956 1877 aliis
981 1835 1001 1877 a
1019 1836 1175 1887 Nobis,

208 1897 277 1939 vel
298 1896 348 1937 ab
374 1896 431 1936 eis
462 1893 696 1936 facultatem
710 1922 724 1946 ‚
748 1896 788 1937 δι
805 1894 1088 1938 auctoritatem
1102 1895 1175 1937 ha·

132 1980 134 1983 .
206 1955 393 1998 bentibus
410 1981 424 2004 ‚
459 1966 536 1994 non
562 1962 693 1994 tamen
723 1952 744 1994 a
771 1952 1075 2010 Nobismetiplis
1101 1968 1174 2010 per

208 2015 387 2059 Litteras
406 2010 658 2066 Apostolicas
669 2011 793 2055 ctiam
816 2014 855 2055 in
873 2010 1001 2056 forma
1012 2015 1174 2065 Brevis,

204 2074 272 2116 seu
297 2071 624 2126 Chirographum
656 2084 773 2113 manu
797 2070 926 2115 nostra
949 2071 1143 2127 lignatum
1159 2099 1175 2124 ,

203 2127 432 2181 concessas,
458 2143 596 2172 earum
622 2139 783 2173 tenores
814 2130 1072 2186 praesentibus
1097 2144 1170 2186 pro

204 2187 419 2247 eapreffis,
442 2190 483 2231 δι
509 2187 667 2231 insertis
687 2189 906 2241 habentes,
934 2192 1008 2234 hac
1036 2190 1170 2233 nostra

204 2249 405 2308 perpetuo
434 2245 610 2291 valitura
628 2248 932 2293 Constitutione
955 2275 971 2299 ‚
1003 2263 1173 2293 revoca-

206 2322 324 2359 mus,
339 2306 530 2350 caffamus
543 2335 557 2359 ,
578 2307 618 2349 δι
633 2307 889 2352 annullamus
904 2337 919 2361 ,
944 2323 992 2351 ac
1017 2323 1091 2366 pro
1110 2323 1175 2351 re-

207 2367 363 2410 vocatis
379 2394 395 2419 ‚
418 2363 526 2408 callis
542 2392 557 2416 ,
578 2367 619 2408 δι
631 2366 843 2411 annullatis
857 2368 996 2412 haberi
1012 2396 1027 2421 ,
1050 2367 1176 2411 nulli-

205 2442 285 2485 que
301 2425 502 2480 suffragari
515 2451 527 2464 .

265 2484 302 2534 ὁ.
319 2498 359 2527 2.
420 2483 617 2543 Qinimo
644 2482 768 2527 libros
789 2498 861 2542 per
886 2484 1071 2530 licentias
1098 2485 1176 2528 hu-

207 2542 378 2602 jusmodi
395 2540 600 2596 permissos
614 2541 827 2595 legentes,
856 2553 924 2585 aut
951 2545 1144 2588 habentes
1160 2570 1176 2593 ‚

211 2615 354 2659 peenas
373 2600 415 2643 in
429 2598 549 2642 sacris
565 2598 803 2643 Canonibus
817 2629 832 2653 ,
856 2602 1177 2644 Constitutioni-

209 2662 282 2703 bus
296 2656 540 2714 Apostolicis
553 2681 569 2704 s
592 2658 632 2698 &
646 2655 850 2700 lodicibus
864 2660 1063 2703 librorum
1081 2673 1178 2715 pro·

208 2718 432 2763 bibitorum
448 2721 663 2758 contentas
678 2713 884 2759 incurrere
898 2716 1090 2761 volumus
1103 2744 1120 2768 ‚
1139 2719 1181 2760 δι

209 2775 466 2821 declaramus
481 2799 495 2813 .

269 2835 309 2886 §-
327 2849 366 2889 3.
426 2834 702 2874 Decernentes
717 2857 732 2881 ‚
760 2840 803 2874 ut
824 2831 1032 2887 presentes
1049 2831 1185 2875 Litte-

214 2909 284 2948 rae,
296 2891 505 2950 postquam
519 2888 649 2932 valvis
660 2888 914 2935 Basilicarum
928 2891 1187 2946 SanfliJoan-

214 2955 275 2999 nis
303 2947 577 2996 Lateranenfis
590 2975 605 2999 ‚
632 2961 678 2990 ac
694 2949 889 3006 Principis
900 2950 1184 3006 Apostolorum

213 3014 265 3058 de
277 3011 392 3056 Urbe
404 3038 421 3063 ,
430 3023 475 3052 ae
485 3005 749 3051 Cancellariae
759 3010 792 3050 A
798 3008 1013 3065 postolicae,
1029 3022 1184 3053 necnon

216 3073 260 3116 in
289 3070 391 3114 Acie
418 3066 565 3122 Campi
581 3064 710 3109 Flora:
729 3065 854 3110 affixae
878 3067 1056 3117 fuerint,
1080 3066 1184 3109 infra

217 3131 324 3174 duos
337 3129 438 3172 citra
454 3135 614 3169 montes
627 3151 644 3176 ,
670 3124 779 3168 ultra
799 3128 896 3169 verb
913 3135 1068 3171 montes
1084 3124 1187 3169 infra

222 3199 404 3246 quatuor
415 3183 566 3245 menses
573 3198 626 3228 ex
642 3191 738 3227 tunc
751 3185 959 3241 proximos
973 3213 988 3236 ‚
1017 3198 1161 3228 omnes
1175 3214 1190 3238 ,

223 3250 264 3291 δι
280 3243 533 3305 fingulos,ad
548 3256 650 3301 quos
662 3241 833 3300 spectat,
846 3248 999 3287 aretent
1012 3273 1029 3295 ‚
1051 3245 1091 3286 &
1103 3243 1190 3286 affl·

227 3308 340 3350 ciant
355 3335 370 3359 ‚
391 3300 560 3362 perinde
585 3316 631 3346 ac
645 3304 673 3344 si
688 3303 904 3360 unicuique
927 3302 1197 3359 personaliter

226 3365 422 3408 intimatae
440 3361 600 3406 fuifl'ent
614 3373 630 3414 ;
643 3362 833 3418 quodque
847 3363 961 3406 dictis
971 3361 1144 3414 duobus,
1155 3364 1195 3405 δι

225 3420 444 3478 respeais'e
454 3432 632 3481 quatuor
645 3421 845 3466 mensibus
859 3420 1097 3467 durantibus
1111 3450 1126 3473 ‚
1140 3421 1192 3474 ii,

228 3483 300 3540 qui
317 3481 462 3525 Libroe
473 3480 701 3537 prohibitos
719 3481 945 3540 hujusmodi
958 3479 1191 3532 habuerint,¹

226 3554 296 3586 eos
327 3538 377 3583 ad
405 3538 643 3598 Episcopum
659 3570 674 3593 ‚
695 3543 760 3584 feu
787 3540 1098 3598 Inquifitorem,
1123 3538 1193 3595 qui

225 3602 319 3645 illos
347 3599 616 3655 quantocitius
637 3601 881 3644 comburere
909 3598 1056 3642 debeat
1078 3627 1094 3650 ‚
1119 3598 1193 3640 de·

225 3658 355 3709 ferre3
383 3657 531 3712 quique
546 3656 697 3714 aliquos
718 3659 862 3703 similes
880 3658 1026 3703 Libros
1053 3658 1196 3713 prohi-

223 3718 331 3762 bitos
359 3716 508 3758 habere
538 3716 723 3760 sciverint
736 3748 752 3771 ,
782 3733 850 3762 eos
877 3716 1120 3760 denunciare
1135 3725 1194 3758 te-

225 3785 421 3821 neantur:
455 3788 585 3830 neque
598 3775 649 3818 de
665 3788 824 3822 coetero
838 3776 982 3821 similes
997 3775 1168 3820 licentiae
1184 3802 1199 3828 ,

1973 190 2135 275 337

1229 310 1298 352 nili
1313 310 1334 351 a
1349 307 1680 364 Congregatione
1693 308 1825 351 sanni
1839 310 1972 354 Officii
1986 343 2002 363 ,
2013 315 2111 357 dum
2121 319 2199 359 fine·

1231 368 1334 422 gulis
1349 369 1613 410 hebdomadis
1629 381 1767 409 coram
1783 369 1911 410 Nobis
1930 371 2114 424 habetur,
2131 379 2198 421 vel

1235 428 1286 468 ab
1302 423 1390 466 aliis
1404 439 1492 481 per,
1510 427 1597 466 Nos
1611 425 1730 466 etiam
1747 428 1787 468 in
1803 425 1948 468 eadem
1965 430 2202 486 Congrcga-

1235 484 1350 526 tione
1365 481 1591 540 specialiter
1605 482 1849 538 deputandis
1863 482 2145 529 concedantur
2161 515 2174 527 .

1295 541 1337 590 ξ.
1351 554 1395 596 4.
1468 544 1528 585 Ac
1553 542 1662 596 quod
1691 541 1924 586 earumdem
1955 540 2202 598 praesentium

1235 599 1496 656 transumptis
1511 627 1526 651 ‚
1556 599 1910 658 etiamimpreffis‚
1936 602 2012 644 διε.
2185 625 2187 627 ·

1349 661 1502 702 Datum
1536 659 1678 702 Romae
1712 660 1816 716 apud
1845 663 1886 702 S.
1902 662 2069 703 Petrum
2083 685 2098 710 ‚
2130 658 2200 702 sub

1228 717 1395 761 Annulo
1407 716 1620 760 Piscatoris
1633 745 1649 768 ,
1671 718 1736 760 die
1751 734 1803 762 ιι.
1815 718 1969 774 Aprilis
1983 732 2199 762 mucxxxt.

1225 774 1491 820 Pontificatt'is
1504 776 1640 821 Nostri
1650 779 1775 821 Anno
1794 779 1940 821 ossavo
1952 806 1966 820 .

1225 1023 1461 1080 Diffinitio
1477 1024 1626 1096 quoad
1644 1026 1884 1096 imagines,
1897 1022 1923 1074 ἃ
1942 1021 2059 1075 Sede
2074 1026 2207 1092 Apo-

1297 1096 1455 1148 stolica
1472 1096 1677 1148 nondum
1698 1097 2098 1149 Canonizatorum
2126 1093 2206 1142 vel

1299 1165 1675 1220 Beatificatorum
1698 1185 1807 1218 cum
1836 1167 1973 1218 radiis
1999 1201 2017 1226 ,
2064 1162 2207 1233 splen-

1293 1238 1502 1299 doribus,
1515 1238 1561 1291 ἃ
1578 1240 1793 1291 laureolis
1806 1234 2112 1307 exponendas,
2122 1234 2201 1283 vel

1294 1309 1486 1359 tabellas
1512 1309 1560 1362 &
1587 1312 1831 1361 luminaria
1859 1310 1918 1359 ad
1947 1323 2110 1358 eorum
2138 1300 2205 1352 se·

1295 1378 1490 1448 pulchra
1510 1379 1779 1450 apponenda
1796 1377 1890 1429 dte.

1370 1516 1490 1561 Peria
1506 1530 1546 1561 v.
1561 1516 1630 1560 die
1642 1531 1690 1560 xi
1705 1531 1718 1560 ι
1734 1529 1767 1559 1.
1781 1516 1922 1561 Martii
1941 1515 2068 1566 1625.·

1231 1635 1286 1688 In
1300 1634 1489 1706 generali
1520 1635 1847 1706 Congregaetione
1868 1636 1966 1686 &c-

1311 1775 1557 1820 Annisfimus
1570 1777 1769 1819 Dominus
1784 1776 1931 1820 Noster
1941 1772 2114 1817 sollicita
2129 1771 2211 1815 ani·

1339 1834 1599 1879 niadvertens
1612 1836 1754 1879 abusus
1770 1862 1784 1886 ‚
1798 1835 1867 1891 qui
1880 1830 2126 1888 irrepserunt
2142 1860 2157 1883 ,
2169 1832 2210 1872 ὰ

1234 1894 1423 1952 quotidie
1453 1895 1630 1950 irrepere
1657 1909 1738 1938 non
1766 1891 1916 1937 celsant
1958 1892 1999 1934 in
2025 1889 2211 1935 colendis

1262 1952 1469 1996 uibusdam
1499 1968 1590 1996 cum
1615 1954 1847 1998 sanctitatis
1860 1981 1876 2005 ‚
1920 1961 1989 1993 aut
2021 1948 2209 2003 Martyrii

1232 1970 1340 2055 ‹slania
1355 2041 1369 2063 ,
1388 2013 1452 2057 vel
1467 2013 1659 2068 opinione
1673 2009 1872 2055 defunctis
1890 2039 1905 2063 ,
1920 2010 1986 2067 qui
2001 2038 2016 2061 ,
2039 2006 2109 2051 etfi
2140 2021 2212 2050 ne-

1234 2085 1311 2128 que
1336 2071 1674 2115 canonizationis
1693 2097 1708 2120 ‚
1730 2084 1860 2127 neque
1889 2066 2207 2112 Beatificationis

1235 2133 1394 2174 honore
1408 2132 1449 2175 in
1457 2130 1586 2188 [igniti
1600 2130 1674 2172 lint
1690 2131 1739 2172 ab
1754 2128 1988 2186 apostolica
2002 2126 2126 2178 Sede,
2138 2139 2211 2168 eo-

1230 2204 1319 2234 rum
1335 2201 1468 2233 tamen
1486 2189 1684 2244 Imagines
1700 2190 1740 2232 in
1753 2187 1975 2240 Oratoriis,
1994 2196 2117 2242 atque
2133 2186 2212 2226 Ec-

1233 2249 1364 2294 clesiis
1378 2275 1392 2297 ,
1405 2247 1573 2304 aliisque
1588 2248 1691 2290 locis
1705 2247 1879 2305 publicis
1895 2273 1908 2296 ,
1922 2260 1967 2288 ac
1985 2246 2109 2289 etiam
2125 2244 2212 2298 pri-

1236 2309 1339 2351 vatis
1351 2334 1366 2356 ‚
1380 2322 1474 2352 cum
1488 2306 1681 2351 laureolis
1701 2336 1715 2359 ‚
1728 2314 1799 2351 aut
1816 2306 1964 2356 radiis,
1990 2303 2056 2347 seu
2082 2302 2216 2358 splen-

1234 2368 1401 2411 doribus
1417 2375 1696 2424 proponuntur
1709 2392 1723 2413 ‚
1739 2365 1929 2410 miracula
1944 2394 1958 2416 ‚
1985 2366 2026 2406 ἃ.
2051 2361 2213 2405 revela-

1235 2428 1370 2470 tiones
1386 2452 1400 2475 ,
1416 2427 1575 2483 aliaque
1590 2423 1783 2469 beneficia
1798 2453 1812 2476 ‚
1836 2426 1857 2467 a
1878 2427 1967 2467 Deo
1984 2436 2054 2479 per
2070 2433 2213 2464 eorum

1237 2485 1532 2529 interccffiones
1555 2495 1719 2540 accepta
1748 2514 1765 2538 ‚
1797 2484 1836 2525 in
1862 2483 1974 2526 libris
2001 2494 2136 2524 rerum
2159 2480 2211 2521 ab

1238 2545 1328 2600 ipfis
1338 2546 1535 2600 gestarum
1555 2555 1823 2594 enarrantur,
1845 2544 1886 2585 δι
1907 2540 1957 2585 ad
1972 2541 2138 2584 illorum
2153 2536 2213 2580 se-

1239 2604 1405 2658 pulchra
1434 2602 1619 2651 tabellae,
1642 2602 1866 2658 imagines,
1895 2602 1937 2643 &
1967 2614 2027 2643 res
2057 2597 2141 2640 aliae
2165 2593 2218 2637 ad

1238 2660 1435 2704 beneficia
1448 2670 1613 2715 accepta
1627 2660 1877 2703 testificanda
1892 2688 1908 2711 ,
1924 2661 1966 2700 δι
1985 2656 2191 2714 lampades
2204 2679 2219 2703 ‚

1238 2722 1278 2762 δι
1289 2719 1369 2762 alia
1388 2719 1540 2762 lumina
1554 2728 1813 2774 apponuntur
1823 2747 1836 2758 .

1301 2776 1344 2824 §-
1366 2789 1399 2817 1.
1445 2775 1682 2829 volensque
1696 2776 1868 2828 proinde
1881 2773 2110 2828 hujusmodi
2125 2772 2220 2815 abu-

1246 2833 1348 2876 fibus
1359 2860 1375 2884 ,
1398 2847 1473 2889 pro
1487 2831 1629 2875 debito
1643 2830 1775 2874 Officii
1787 2830 2002 2874 Pastoralis
2025 2844 2221 2873 occurre-

1244 2906 1289 2935 re
1303 2920 1320 2941 ,
1334 2905 1377 2934 re
1389 2892 1511 2935 etiam
1525 2904 1619 2934 cum
1633 2889 1904 2933 illustrissimis
1920 2917 1933 2940 ‚
1955 2891 1997 2931 δι
2012 2890 2221 2932 Reveren-

1243 2948 1408 2993 diffimis
1424 2951 1611 2994 Dominis
1624 2948 1935 2998 cardinalibus,
1963 2957 2109 2991 contra
2140 2949 2222 2990 he—

1244 3011 1415 3052 reticam
1441 3008 1685 3065 pravitatem
1716 3008 1757 3050 in
1784 3004 1966 3050 universa
1991 3006 2221 3060 Republica

1247 3067 1471 3111 Christiana
1484 3067 1755 3111 Generalibus
1778 3065 2081 3122 lnquifitoribus
2106 3079 2222 3108 com-

1248 3127 1481 3175 municata,
1509 3127 1551 3169 δι
1572 3126 1733 3170 maturi
1757 3125 2005 3168 confiderata
2028 3153 2044 3175 ,
2069 3138 2117 3166 ac
2140 3120 2220 3166 dis-

1249 3183 1354 3229 cuffa
1368 3213 1383 3238 ,
1395 3184 1620 3228 declaravit
1634 3212 1651 3238 ,
1680 3184 1813 3227 statuit
1829 3213 1844 3237 ‚
1865 3186 1906 3227 δι
1922 3183 2134 3233 decrevit,
2168 3195 2220 3224 ne

1248 3243 1490 3302 quorumvis
1502 3245 1708 3287 hominum
1722 3270 1739 3296 ,
1765 3257 1859 3285 cum
1874 3242 2091 3285 sanffltatis
2108 3272 2125 3292 ,
2151 3239 2221 3284 seu

1253 3303 1435 3359 martyrii
1449 3302 1552 3346 fama
1581 3302 1936 3360 (quantacumque
1949 3301 2020 3343 illa
2038 3301 2123 3357 fit)
2147 3300 2222 3343 des

1253 3362 1487 3406 functorum
1513 3362 1740 3418 Imagines,
1760 3361 1920 3417 aliaque
1946 3358 2157 3416 pradicta,
2180 3359 2222 3400 δι

1250 3421 1539 3479 quodcumque
1561 3420 1702 3474 aliud,
1741 3418 2042 3463 venerationem
2066 3419 2106 3461 Bt.
2130 3417 2222 3460 cul-

1251 3490 1340 3525 tum
1354 3475 1630 3537 praesefcrens‚
1647 3481 1689 3521 δι
1701 3479 1890 3522 indicans
1901 3505 1917 3529 ‚
1942 3478 1981 3521 in
1993 3476 2192 3521 Oratoriis
2205 3500 2219 3523 ‚

1253 3548 1324 3582 aut
1342 3539 1443 3582 locis
1463 3538 1659 3594 publicis,
1685 3536 1749 3580 seu
1763 3538 1960 3594 privatis,
1992 3537 2055 3579 vel
2073 3532 2219 3580 Eccle-

1251 3600 1314 3641 fiis
1323 3607 1404 3640 tam
1421 3596 1704 3648 Saecularibus,
1718 3599 1836 3652 quam
1854 3595 2136 3652 Regularibus,
2148 3604 2219 3633 cu·

1251 3657 1487 3716 juscumque
1511 3655 1734 3712 Religionis
1761 3684 1776 3708 ,
1805 3656 1996 3704 Ordinis,
2020 3649 2216 3696 Instituti‚

1251 3715 1589 3773 Congregationis
1602 3744 1618 3768 ,
1631 3724 1701 3757 aut
1716 3715 1930 3758 societatis
1944 3716 2189 3767 apponantur
2202 3734 2218 3758 ,

1256 3785 1472 3834 antequam
1486 3775 1538 3819 ab
1550 3777 1584 3819 A
1590 3774 1782 3833 postoliea
1798 3774 1901 3818 Sede
1914 3768 2220 3866 ⁶²⁰⁰⁰³²2¹L⁸t⁰¹’
