2444 4192
830 162 991 246 Sub
1052 162 1269 248 Sixto
1337 161 1442 249 V.

175 321 256 358 tent
277 309 353 351 hoc
384 307 583 347 attentare
608 301 891 358 p'raelhmpsterit
907 336 921 359 ‚
946 309 1128 363 indigna-

173 373 326 416 tionem
339 363 640 419 omnipotentis
654 361 745 411 Dei,
758 376 803 403 ac
817 366 1031 407 Beatorum
1049 372 1125 410 Pe-

172 429 252 476 tri,
273 424 312 465 &
341 423 452 464 Pauli
480 419 767 478 Apostolorum
796 419 884 477 ejus
901 418 939 464 se
960 426 1120 467 noverit

172 478 422 531 incursurum
438 512 451 523 .

285 540 436 581 Datum
452 540 591 582 Romae
603 536 706 594 apud
723 534 924 579 Basilicam
939 538 1012 580 SS.
1024 539 1122 578 XII.

164 596 454 656 Apostolorum
468 625 482 651 ,
493 601 615 642 Anno
628 596 920 639 incarnationis
932 594 1122 636 Domini-

166 671 220 702 cae
241 682 257 706 ,
281 656 495 700 millesimo
519 654 836 711 quingentefimo
859 651 1121 707 oetuagesimo

164 714 365 771 septimo,
388 715 526 758 Pridie
555 715 649 758 Idus
661 712 797 756 Martii
810 741 825 765 ,
855 708 1120 757 Pontificatsis

166 774 292 817 nostri
305 777 429 819 Anno
445 773 589 817 Tertio
601 802 616 814 .

253 894 331 981 ᾖ(
377 893 514 982 Ego
543 892 742 958 Sixtus
781 888 1119 982 Episcopus

380 982 1113 1073 CathoLEcclsubscripfi.

296 1133 560 1198 Subjunstis
588 1137 907 1188 cardinalium
924 1169 939 1193 ,
955 1136 1031 1201 qui
1046 1138 1120 1202 pa'-

332 1206 446 1254 riter
464 1203 1116 1274 subscripserunt,nominibus.

172 1375 175 1379 ,
215 1331 442 1378 'Baliarium
465 1332 576 1375 Rom.
588 1338 685 1372 tom.
697 1343 739 1386 4.
747 1339 860 1388 part.
876 1342 918 1384 4.
920 1328 1002 1388 fil.
1018 1341 1117 1383 405.

273 1387 659 1444 Wadding.tom.14.
675 1391 823 1433 Annal.
828 1386 908 1448 fhl.
913 1402 934 1444 3
941 1401 992 1443 03
1000 1390 1116 1432 .Butl.

278 1448 372 1494 ord.
389 1448 511 1493 Praed.
524 1445 749 1505 tom-s.fil.
759 1459 860 1502 457·

163 1657 408 1726 Privilegia
431 1660 523 1706 FF.
547 1656 817 1711 Minorum,
839 1653 1118 1702 Monialium

233 1731 283 1782 S.
301 1727 454 1777 Clarae
467 1762 482 1787 ,
511 1742 592 1775 nec
621 1741 711 1773 non
732 1721 925 1773 Ordinis
939 1721 995 1772 de
1011 1725 1117 1771 Poe-

233 1796 419 1863 nitentia
442 1796 703 1864 nuncupati,
720 1793 924 1844 Decretis
953 1792 1122 1843 Conci-

240 1868 290 1917 lii
321 1864 582 1916 Tridentini
603 1881 695 1915 non
723 1859 1003 1915 adversantia
1017 1879 1123 1912 con-

188 1970 192 1975 ·
241 1934 422 1987 firmat.

309 2062 624 2117 sleUS
663 2061 870 2111 PAPA
924 2061 987 2109 V.

300 2179 375 2224 'Ad
385 2186 618 2234 perpetuam
642 2175 704 2219 rei
728 2178 975 2218 mmoriann

281 2293 347 2338 'rfi
359 2291 679 2337 Mendicantium
691 2292 864 2336 Ordines
878 2319 893 2341 ,
911 2290 950 2331 &
966 2285 1127 2343 praser-

232 2378 234 2385 ι
280 2353 370 2396 ‘tim
387 2357 506 2396 sacer
520 2353 639 2395 Ordo
655 2354 837 2395 Fratrum
854 2347 1060 2392 Minorum
1073 2346 1126 2389 de

170 2413 438 2456 observantia
454 2437 469 2461 ,
487 2410 562 2466 qui
579 2410 718 2453 sedulo
733 2410 782 2452 ad
801 2408 969 2452 Vineam
986 2405 1129 2448 Domi-

166 2472 208 2515 ni
223 2469 400 2514 Sabaoth
415 2467 490 2513 Dei
504 2468 752 2526 gratifiOrdo
763 2467 841 2524 ipse
855 2478 1015 2520 magnos
1029 2477 1130 2519 pro-

167 2529 338 2581 bitatis,
359 2530 399 2571 δι
413 2529 628 2582 doaz-inc,
653 2542 699 2570 ae
726 2527 964 2570 Animarum
991 2522 1127 2565 salutis

166 2588 315 2631 frussus
329 2588 482 2644 semper
507 2586 606 2629 olim
630 2584 845 2636 attulerit,
875 2585 916 2626 &
940 2583 1126 2639 quotidie

167 2645 314 2690 afferre
330 2647 479 2689 summa
491 2643 703 2702 diligentia
717 2654 891 2687 conatur
906 2671 921 2694 ,
947 2641 987 2683 in
1001 2655 1126 2697 eaque

168 2704 400 2748 immensum
412 2702 603 2746 exbibete
628 2717 708 2745 non
732 2701 851 2746 ceffat
865 2698 1126 2751 famulatum,

169 2765 325 2807 summo
338 2758 495 2816 semper
509 2759 637 2802 fludio
662 2758 684 2815 (
697 2760 818 2803 etiam
832 2759 979 2802 cumin
996 2758 1127 2801 mino-

171 2822 282 2864 ribus
297 2816 497 2873 essemus)
527 2815 696 2873 amplexi
710 2816 877 2860 fuimus:
903 2816 969 2859 Ad
988 2815 1128 2859 summi

171 2889 307 2922 tamen
334 2873 597 2933 ‘Apollolatus
625 2875 778 2930 apicem
808 2903 823 2927 ,
853 2872 1006 2917 meritis
1030 2873 1129 2916 licet

172 2936 392 2991 imparibus
405 2963 421 2985 ,
435 2933 572 2976 divina
589 2931 750 2976 favente
761 2932 976 2976 clementia
989 2933 1129 2975 assum-

171 2997 264 3054 pti,
289 2994 386 3036 dum
401 2992 440 3035 id
461 3000 595 3034 mente
610 2991 858 3042 recolimus,
888 2989 1022 3035 facere
1048 3003 1129 3033 non

176 3053 377 3112 'possumus
403 3081 421 3103 ,
457 3051 552 3106 quin
593 3049 767 3093 eundem
804 3047 1000 3093 Ordinem
1037 3063 1132 3105 pro-

176 3109 348 3168 penfiori
375 3109 602 3158 charitate,
619 3110 659 3151 δι
684 3116 852 3163 paterno
882 3103 1025 3150 affeetu
1049 3120 1131 3148 am-

177 3168 397 3226 plestamur
440 3196 456 3219 ,
503 3180 557 3209 ae·
584 3166 727 3211 exinde
758 3179 833 3222 pro
874 3159 951 3208 suis
994 3165 1132 3207 sanflis

178 3225 311 3271 studiis
334 3257 352 3280 ,
399 3224 649 3282 honestisque
684 3224 889 3268 laboribus
917 3252 932 3275 ,
974 3237 1019 3266 ac
1043 3235 1133 3280 pro

181 3285 395 3329 animarum
411 3284 535 3328 salute
549 3285 600 3327 ab
616 3283 844 3340 Apostolica
860 3281 965 3325 Sede
986 3281 1008 3338 (
1021 3281 1132 3338 cujus

183 3343 368 3387 canthus
382 3357 537 3401 pacem,
549 3345 589 3385 δι
602 3342 840 3398 dignitatem
853 3340 973 3383 Ordo
988 3339 1068 3395 ipse
1084 3339 1134 3382 de

185 3397 451 3447 observantia
463 3401 629 3446 fortiter
643 3411 795 3444 tutatus
812 3399 864 3443 est
883 3399 904 3458 )
929 3410 1010 3441 tam
1027 3397 1136 3453 spiri-

185 3455 458 3515 tuali¹a,'quamv
467 3460 707 3518 temporalia
721 3457 886 3503 subfidia
898 3484 912 3507 ,
925 3470 1136 3500 ornamen-

185 3519 550 3617 }Zgg{}g:zpigriut
563 3521 640 3571 ,·&
662 3518 862 3619 accipipnt
889 3528 910 3569 ,·
928 3516 1069 3617 quiblus
1095 3517 1136 3557 &

188 3630 368 3678 fannius,
393 3585 1007 3690 a·q..‘2²e}p²²e⁹di¹÷‘32‘¹{x22'2?12e{{¹
1027 3588 1135 3675 2²:533

187 3689 313 3744 figere
327 3687 467 3743 poffint
480 3705 498 3742 ,·
508 3692 932 3748 &caterae-Religio&
948 3690 1136 3748 personae,

187 3746 437 3802 Ordinesque
451 3746 519 3790 alii
531 3751 716 3806 exemplo
730 3751 902 3807 ipsorum
916 3751 1138 3808 promptio-

1905 194 2064 269 295

1187 323 1254 352 res
1266 334 1280 355 ³
1308 308 1600 363 alacrioresque
1623 305 1672 347 ad
1687 304 1751 347 sua
1766 306 1896 349 officia
1911 316 2140 365 persolven—

1185 367 1238 407 da
1255 365 1476 406 reddantur
1488 390 1503 404 .

1301 420 1406 463 Sane
1431 433 1506 474 pro
1529 428 1643 473 parte
1664 420 1904 463 dilectorum
1928 424 2139 470 filiorum...

1184 474 1385 520 francisci
1412 478 1436 519 a
1453 476 1632 518 Tholosa
1644 479 1813 520 Minillri
1831 483 2043 523 Generalis
2059 510 2072 532 ,
2098 488 2137 526 δι

1186 536 1351 582 Thomae
1391 534 1443 575 de
1477 536 1595 577 Maisa
1634 535 1903 579 Commiffarii
1927 542 2138 583 Generalis

1182 592 1454 634 Cismontanae
1469 592 1627 636 familiae
1643 597 1817 650 praedis-li
1831 597 1998 639 Ordinis
2033 599 2140 643 ἀι.»

1181 650 1443 693 Observantia
1471 655 1601 695 Nobis
1625 670 1752 709 nuper
1776 656 2002 709 expolitum
2033 656 2108 696 fuit
2124 685 2138 707 ,

1178 709 1306 765 quod,
1322 724 1415 753 cum
1429 725 1477 754 ex
1491 711 1609 768 ipfius
1622 715 1736 756 Sedis
1755 716 1999 770 provisione,
2014 729 2059 756 ac
2075 715 2141 756 be-

1177 770 1296 823 nigna
1312 768 1546 825 dignatione
1561 773 1778 826 provenire
1790 774 2050 828 dignoscatur
2065 801 2079 823 ,
2094 782 2140 816 ut

1175 828 1387 871 Romanus
1401 826 1594 873 Pontifex
1622 832 1859 887 quandoque
1873 832 2140 875 Praedeceflo-

1178 899 1266 927 rum
1292 886 1451 929 suorum
1471 890 1748 932 Romanorum
1769 891 2010 935 Pontificum
2032 891 2136 947 gesta

1177 944 1346 988 innovet
1356 972 1371 996 ,
1381 959 1427 988 ac
1441 949 1476 989 A
1482 947 1671 1003 postolica
1684 952 1919 992 auctoritate
1934 951 2138 998 innovata,

1179 1005 1219 1045 &
1232 1003 1450 1047 restaurata
1463 1006 1617 1048 muniat
1631 1032 1645 1055 ,
1658 1009 1697 1049 &
1713 1005 1881 1060 fulciat,
1893 1010 1988 1051 &in
2004 1008 2136 1064 pristi-

1178 1075 1276 1104 num
1289 1063 1429 1107 statum
1454 1075 1629 1121 reponat
1641 1095 1656 1117 ‚
1681 1081 1729 1110 ac
1747 1067 1947 1119 reducat3
1978 1080 2136 1109 necnon

1179 1134 1393 1176 propterea
1408 1124 1592 1168 nonnulli
1611 1124 1725 1167 Rom.
1743 1125 1958 1169 Pontifices
1975 1124 2138 1170 Praede-

1179 1180 1350 1224 ceffores
1374 1184 1495 1226 nollri
1513 1184 1729 1228 nonnullas
1757 1187 1936 1241 gratias,
1967 1180 2136 1228 conces-

1179 1238 1306 1280 fiones
1317 1265 1331 1288 ,
1343 1240 1620 1298 Indulgentias
1631 1270 1646 1292 ,
1675 1255 1931 1299 peccatorum
1947 1241 2139 1287 remiffio-

1178 1309 1250 1336 nes
1263 1322 1278 1346 ,
1293 1298 1563 1344 absolutiones
1577 1303 1699 1343 etiam
1716 1301 1908 1355 plenarias
1923 1329 1937 1352 ,
1967 1301 2137 1343 liberta-

1179 1363 1239 1395 tes
1253 1381 1268 1404 ,
1282 1360 1564 1412 praerogativas
1579 1386 1594 1408 ,
1608 1355 1770 1401 favores
1783 1387 1800 1410 ,
1830 1359 2105 1403 immunitates
2122 1385 2139 1406 ‚

1178 1414 1455 1469 exemptiones
1480 1445 1494 1468 ,
1520 1417 1810 1460 declarationes
1837 1444 1852 1466 ,
1879 1415 2096 1460 facultates
2119 1442 2137 1468 ‚

1178 1470 1386 1528 multaque
1412 1474 1491 1517 alia
1509 1476 1725 1531 Privilegia
1739 1503 1754 1526 ,
1780 1475 2000 1519 &indulta
2026 1487 2139 1518 tam,

1177 1530 1374 1585 predictis
1393 1534 1581 1577 Fratrum
1600 1537 1806 1578 Minor-um
1820 1561 1835 1583 ,
1860 1535 1975 1591 quam
1991 1536 2141 1578 sanetae

1177 1587 1336 1642 Clam,
1366 1603 1412 1632 ac
1429 1593 1569 1636 Tertio
1582 1592 1634 1635 de
1646 1594 1886 1649 poenitentia
1910 1603 2142 1648 nuncupato

1178 1646 1400 1712 Ordinibus
1412 1676 1426 1699 ,
1454 1650 1697 1707 illorumque
1710 1652 1990 1708 Superioribus
2007 1681 2022 1704 ,
2040 1655 2137 1694 Fra-

1181 1706 1311 1748 tribus
1323 1736 1339 1758 ,
1356 1710 1664 1762 Monialibus,&
1677 1713 1894 1754 Sororibus
1909 1737 1923 1759 ,
1940 1725 1984 1753 ac
1999 1708 2142 1754 utrius—

1182 1778 1259 1819 que
1278 1764 1390 1808 sexsis
1409 1767 1583 1822 persbnis
1598 1796 1613 1818 ‚
1634 1770 1674 1810 δι
1688 1770 1936 1812 monasteriis
1954 1796 1968 1818 ,
1995 1770 2140 1811 Domi-

1181 1823 1254 1865 bus
1270 1851 1285 1874 ,
1302 1825 1486 1868 Ecclefiis
1502 1854 1516 1876 ,
1532 1830 1571 1868 &
1587 1826 1684 1868 locis
1699 1828 1997 1882 quibuscunque
2010 1828 2140 1867 dicto-

1183 1895 1274 1924 rum
1301 1883 1500 1928 Ordinum
1530 1898 1634 1927 nunc
1650 1913 1664 1935 ‚
1691 1887 1730 1926 δι
1754 1900 1828 1941 pro
1854 1895 2035 1942 tempore
2051 1885 2138 1926 exi·

1184 1940 1376 1985 flentibus
1390 1943 1430 1983 in
1445 1957 1609 1997 genere,
1632 1944 1694 1985 vel
1709 1945 1749 1985 in
1767 1944 1919 1998 specie,
1938 1946 2061 1987 etiam
2076 1957 2147 1998 per

1185 1996 1351 2038 modum
1374 2001 1745 2044 communicationis
1762 2027 1777 2048 ,
1804 2002 1883 2043 five
1901 2000 2143 2045 extensionis

1185 2052 1497 2110 privilegiorum
1525 2056 1612 2098 aliis
1636 2058 1857 2100 Ordinibus
1882 2083 1897 2106 ‚
1926 2073 2146 2114 eorumque

1186 2114 1408 2163 Domibus,
1437 2116 1475 2156 &
1496 2114 1676 2158 Ecclefiis
1695 2143 1709 2165 ,
1735 2118 1775 2158 δι
1802 2115 2003 2173 utriusque
2027 2113 2140 2159 sexus

1186 2169 1367 2224 personis
1395 2174 1596 2215 Ordinum
1622 2175 1971 2228 Mendicantium,
1997 2176 2036 2216 &
2060 2188 2144 2218 non

1188 2228 1509 2272 Mendicantium
1532 2232 1693 2276 existen.
1729 2231 2007 2276 concessorum
2043 2247 2143 2278 con·

1187 2282 1384 2329 cesserunt
1413 2318 1426 2341 ,
1479 2299 1548 2333 aut
1588 2290 1667 2344 jam
1708 2288 1889 2335 concessa
1932 2290 2142 2336 confirm-“i-

1190 2355 1282 2412 runt
1299 2373 1314 2396 ,
1356 2347 1397 2387 δι
1423 2348 1694 2404 approbzirunt
1729 2378 1743 2400 ,
1789 2358 1911 2406 prout
1947 2352 1986 2394 in
2019 2350 2145 2404 fingu-

1190 2403 1238 2444 lis
1252 2405 1564 2450 conceffionibus
1579 2435 1593 2457 ,
1616 2408 1959 2453 declarationibus
1974 2436 1987 2459 ,
2010 2413 2051 2452 &
2076 2410 2146 2451 lit-

1190 2463 1287 2504 teris
1325 2465 1547 2511 eorundem
1578 2465 1911 2511 Praedecefforum
1949 2468 2146 2524 expeditis

1188 2522 1344 2577 plenius
1371 2524 1525 2567 dicitur
1551 2526 1754 2569 contineri
1783 2556 1794 2567 .
1836 2528 1942 2570 Cum
1967 2537 2103 2569 autem
2131 2550 2144 2572 a

1188 2579 1283 2623 ficut
1298 2582 1436 2624 eadem
1450 2585 1647 2639 expositio
1663 2584 1936 2641 subjungebat,
1961 2585 2048 2637 illa,
2060 2597 2143 2639 quae

1186 2638 1319 2696 saepius
1335 2642 1568 2697 Apostolica
1595 2643 1834 2687 auctoritate
1847 2643 2032 2700 praedic‘la
2060 2656 2143 2683 mu-

1186 2699 1268 2765 nita
1283 2699 1668 2757 existunt‚majorem
1681 2703 1893 2746 obtineant
1908 2702 2063 2746 roboris
2079 2700 2145 2742 fir·

1186 2766 1367 2801 mitatem
1382 2787 1396 2809 ,
1412 2774 1487 2816 pro
1503 2771 1618 2815 parte
1633 2762 1856 2805 eorundem
1872 2761 2090 2810 francisci,
2105 2761 2144 2800 &

1190 2816 1355 2859 Thomae
1368 2819 1499 2861 Nobis
1514 2818 1590 2861 fuit
1610 2821 1821 2862 humiliter
1847 2820 2142 2875 supplicatum,

1188 2882 1232 2914 ut
1261 2875 1454 2928 praediffis
1488 2876 1714 2931 Privilegiis
1739 2903 1754 2925 ,
1790 2876 2104 2920 immunitatibus
2129 2903 2145 2927 ,

1188 2933 1531 2987 exemptionibus,
1562 2934 1819 2977 libertatibus
1843 2962 1858 2984 ,
1897 2934 2102 2976 favoribus
2129 2958 2143 2979 2

1188 2991 1499 3034 conservatoriis
1512 3021 1528 3042 ,
1542 2991 1881 3035 declarationibus
1897 3020 1912 3043 ,
1940 2990 2144 3033 facultati-

1190 3046 1261 3087 bus
1273 3076 1289 3097 ,
1306 3048 1663 3104 dispensationibus
1681 3081 1696 3101 ,
1710 3050 1845 3106 gratiis
1861 3080 1875 3100 ,
1891 3048 2144 3092 conceffioni-

1190 3104 1291 3156 bus,
1321 3106 1591 3163 Indulgentiis
1604 3136 1618 3158 ‚
1649 3110 1688 3149 &
1703 3109 1870 3152 indultis
1888 3122 1962 3164 pro
1980 3107 2142 3149 illorum

1190 3162 1441 3207 observantia
1467 3193 1481 3215 ,
1523 3166 1660 3209 nostrae
1698 3166 1998 3224 approbationis
2023 3166 2143 3207 robur

1192 3219 1364 3276 adjicere
1380 3252 1393 3274 ,
1424 3224 1597 3280 aliisque
1622 3226 1662 3267 in
1691 3225 1886 3281 praemiffis
1911 3224 2141 3280 opportune

1191 3281 1408 3334 providere
1421 3282 1472 3326 de
1485 3284 1730 3339 benignitate
1746 3284 1974 3340 Apostolica
2003 3282 2153 3337 digna-'

1192 3351 1330 3380 remur
1343 3369 1355 3380 .
1373 3344 1458 3384 Nos
1473 3341 1597 3398 igitur
1610 3345 1704 3398 ,qui
1720 3345 1898 3385 omnium
1914 3341 2038 3392 votis,
2054 3355 2145 3394 prae·

1193 3395 1331 3439 sertim
1348 3398 1456 3448 illis,
1483 3402 1550 3456 qui
1578 3400 1645 3442 sub
1661 3401 1769 3444 suavi
1798 3400 2021 3454 Religionis
2037 3399 2143 3454 Jugo

1194 3454 1340 3499 divinis
1365 3457 1546 3502 laudibus
1561 3489 1575 3512 ,
1608 3461 1648 3500 &
1672 3458 1904 3502 Christianae
1923 3459 2143 3512 Religionis

1193 3526 1409 3568 augmento
1434 3518 1750 3559 incumbentium
1765 3515 2018 3572 personarum
2033 3530 2142 3557 tran·

1193 3570 1381 3627 quillitati
1407 3600 1422 3623 ,
1449 3575 1489 3615 δι
1509 3575 1789 3617 commoditati
1819 3573 2067 3623 consulitur,
2096 3575 2141 3616 li·

1192 3633 1337 3674 beuter
1350 3632 1557 3675 annuimus
1569 3660 1583 3684 ,
1597 3647 1719 3688 eaque
1730 3631 1928 3677 favoribus
1941 3632 2142 3688 prosequi·

1199 3704 1290 3734 mur
1314 3694 1576 3745 opportunis,
1602 3690 1822 3748 hujusmodi
1843 3690 2138 3747 supplicationi-

1199 3753 1268 3794 bus
1285 3749 1488 3799 inclinati,
1501 3764 1745 3808 quaecunque
1758 3750 1940 3808 praemilsa
1955 3778 1968 3801 ,
1996 3763 2041 3811 ac
2055 3757 2138 3785 om-

1994 3817 2054 3845 nia
2072 3826 2084 3847 2
