2444 4192
919 211 1481 326 Appendi‘x·

221 383 330 414 mum
348 366 516 421 recipit,
547 363 614 420 qui
629 363 878 413 interrogat,
910 361 1175 403 Christianam

220 428 365 472 Fidem
375 457 389 479 ,
402 427 441 468 &
456 421 693 479 Baptismum
707 417 974 473 praevarica‘ffe
987 417 1173 468 affirmet,

222 497 269 531 nt
284 487 376 529 illos
391 483 540 527 merito
555 476 769 534 Apostolus
783 487 951 529 arguat,
971 485 1090 531 atque
1115 477 1170 516 in-

221 554 360 603 crepet
374 541 449 588 illis
466 538 623 584 verbis:
640 535 734 578 Dies
753 534 976 576 observatis
988 558 1003 581 ‚
1015 534 1055 574 δι
1067 544 1174 574 men-

219 605 277 649 ses
288 634 302 658 ‚
313 606 351 648 &
372 611 553 656 tempora
568 624 582 647 ‚
595 596 636 637 δι
655 604 777 636 annos
790 619 806 642 ,
822 592 948 634 timeo
964 603 1034 632 vos
1047 618 1064 642 ‚
1087 604 1176 633 ne.-

219 662 328 707 forte
352 663 432 704 fine
456 655 572 700 causa
595 650 870 696 laboraverim
897 650 936 692 in
951 649 1087 691 vobis.
1120 647 1176 689 Hi

219 723 347 779 igitur
371 714 548 762 leviffimi
564 739 578 761 ‚
590 709 844 754 &temerarii
860 707 1090 751 hominesin
1104 708 1174 746 mi·

220 778 422 824 fetandam
443 774 665 817 animarum
685 770 842 812 suarum
856 766 1008 809 ruinam
1021 791 1036 814 ‚
1053 776 1175 820 grave

217 838 400 881 fidelium
413 828 711 879 scandalum&
725 825 962 870 Christiana
979 824 1088 866 Fidei
1101 821 1172 864 de-

219 898 453 941 trimentum
467 918 481 942 ‚
497 888 654 932 futuros
667 899 799 930 rerum
807 893 976 927 eventus
986 910 1001 934 ,
1014 883 1053 923 &
1071 893 1175 937 quae-

220 968 391 1056 {35:‘133
405 942 1174 1057 {ffusss'zffiafflssdeffsss133332‘32:

219 1041 348 1115 liberii
372 1067 575 1113 bominum
605 1029 815 1108 voluniate
845 1057 1178 1118 proficiscuntur,

220 1130 334 1172 astris
350 1156 364 1180 ,
378 1121 658 1183 syderibusque
671 1119 902 1164 adscribunt
918 1149 932 1171 ,
947 1115 1079 1175 eisque
1091 1129 1179 1159 eam

221 1186 476 1234 facultatem,
492 1183 589 1231 vim,
603 1181 668 1224 seu
688 1180 895 1230 virtutem,
910 1180 948 1221 δι
963 1175 1180 1220 efficaciam

219 1246 410 1293 tribuunt
439 1237 684 1296 fignificandi
713 1234 874 1288 sutura,
888 1238 928 1279 δι
955 1237 1004 1279 ad
1029 1247 1179 1291 proeco-

218 1304 331 1359 gnita
347 1301 403 1342 ita
417 1296 668 1345 inclinandi,
693 1302 737 1336 ut
753 1295 804 1336 fic
830 1295 1000 1336 omnino
1025 1295 1066 1334 Bt
1096 1306 1178 1334 non

219 1362 338 1407 aliter
359 1361 554 1401 eventura
569 1352 782 1407 fint,atque
795 1353 849 1394 ob
861 1365 950 1393 cam
965 1351 1114 1392 causam
1129 1351 1180 1389 dc

219 1422 268 1464 iis
292 1417 414 1461 rebus
436 1412 623 1456 omnibns
642 1410 786 1465 judicia
808 1406 970 1460 facere,
999 1421 1177 1463 progno-

225 1480 319 1522 stica
333 1504 348 1527 ‚
370 1470 645 1531 prodietiones
660 1497 675 1521 ‚
702 1465 1097 1524 &praecognitiones'
1111 1464 1181 1507 sibi

225 1534 418 1581 affumere
433 1562 448 1584 ,
459 1531 500 1573 &
511 1528 644 1585 palam
660 1525 871 1569 venditare
885 1539 965 1569 non
979 1526 1182 1568 dubitant:

220 1595 367 1654 quibus
382 1590 491 1649 pauci
506 1588 623 1631 rudes
637 1615 654 1639 ,
673 1586 905 1641 &imperiti
925 1613 941 1638 ,
961 1585 1105 1639 aliique
1120 1584 1184 1624 ni·

219 1653 296 1699 mis
311 1649 494 1698 creduli,
514 1646 836 1702 &imprudentes
850 1654 1002 1688 tantam
1017 1644 1176 1686 fidem-2

218 1712 400 1772 praestant
415 1735 430 1759 ‚
447 1716 490 1750 ut
510 1719 560 1749 ex
589 1702 815 1760 hujusmodi
846 1702 1081 1755 iudiciorum
1097 1730 1110 1751 ‚
1141 1702 1182 1743 &

222 1769 527 1830 pradiaionum
542 1756 799 1820 ptaescripto,
826 1762 977 1818 aliquid
993 1762 1110 1805 certo
1123 1758 1178 1803 es-

229 1833 270 1874 se
294 1829 495 1875 credant,
521 1832 587 1866 aut
607 1823 792 1878 sperent,
819 1834 993 1878 quorum
1020 1820 1110 1865 sane
1140 1821 1179 1862 &

225 1886 484 1933 mendacium
503 1881 777 1936 magistrorum
801 1885 1039 1932 temeritas,
1071 1879 1185 1922 &in-

223 1948 407 1993 felicium
419 1939 707 1997 discipulorum
720 1939 941 1985 credulitas
966 1952 1186 1995 magnope-

224 2009 271 2052 re
296 2000 544 2061 deploranda
571 2001 653 2052 est,
675 2000 742 2056 qui
774 1999 838 2043 vel
866 1997 1011 2043 divinis
1037 1998 1182 2042 litteris

225 2063 422 2110 admoniti
435 2074 517 2104 non
545 2059 777 2115 intelligunt
807 2059 977 2102 hominis
1000 2058 1184 2113 prestan-

221 2127 323 2170 tiam
334 2151 349 2175 ,
360 2122 427 2165 cui
442 2118 556 2163 Coeli
570 2121 632 2168 ,δι
646 2118 781 2164 Stella:
795 2146 811 2170 ,
821 2116 1081 2162 &clariffima
1099 2120 1185 2172 Ce-

228 2183 257 2228 li
272 2182 415 2239 sydera
429 2179 500 2221 Sol
516 2206 529 2230 ,
542 2178 582 2219 &
600 2181 715 2222 Luna
729 2205 743 2228 ,
761 2180 847 2220 Deo
859 2179 918 2220 ita
930 2175 1185 2232 disponente,

226 2255 309 2287 non
325 2241 543 2295 imperant,
556 2235 620 2280 sed
635 2235 927 2291 inserviunt31'ic
941 2236 1047 2279 enim
1065 2238 1185 2290 Moy-

224 2301 286 2345 ses
303 2297 505 2355 Populum
524 2296 618 2347 Dei,
632 2296 795 2339 ut·hunc
810 2309 992 2340 errorem
1006 2304 1186 2343 caveret,

226 2357 536 2417 praemone-,batt
561 2359 625 2398 Ne
648 2354 757 2397 sorte
784 2355 952 2399 elevatis
977 2354 1104 2398 oculis
1134 2352 1185 2396 ad

225 2417 398 2462 Coelum
412 2442 426 2467 ‚
441 2414 575 2458 videas
591 2415 732 2458 Solem
749 2415 1003 2466 ,&Lunam‚
1027 2414 1068 2456 δι
1092 2426 1184 2456 om·

224 2479 291 2520 nia
310 2476 409 2519 astra
427 2472 541 2517 Coeli
555 2502 570 2527 ,
600 2474 643 2515 Ge
666 2487 806 2517 errore
830 2474 1026 2529 deceptus
1043 2472 1187 2515 adores

227 2552 293 2588 ea,
304 2533 481 2581 Samias,
494 2545 580 2587 quae
594 2533 746 2575 creavit
766 2533 960 2575 Dominus
978 2533 1081 2575 Deus
1095 2542 1186 2573 tuus

226 2597 268 2640 in
290 2590 551 2636 ministerium
579 2590 732 2631 cunetis
757 2593 941 2644 gentibus
967 2619 982 2641 ‚
1012 2606 1096 2645 que
1120 2588 1190 2632 sub

227 2647 459 2697 Coelosunt
473 2675 486 2689 .
501 2644 587 2691 Sed
597 2647 691 2703 quid
721 2645 863 2702 sydera
881 2647 1106 2692 mirandum
1134 2646 1190 2688 est

227 2708 384 2755 homini
410 2706 592 2749 servire?
616 2718 749 2748 nonne
777 2706 1017 2750 nobiliffimoe
1039 2705 1192 2749 intelli·

156 2810 172 2826 ,
232 2767 380 2827 gentiae
395 2764 541 2820 Angeli
554 2761 622 2818 ipfi
636 2791 651 2814 ‚
664 2775 805 2806 omnes
832 2762 921 2807 sunt
938 2763 1191 2806 administra·

228 2825 329 2873 torii
351 2822 536 2880 spiritus,
554 2821 597 2863 in
619 2820 881 2864 ministerium
906 2820 1004 2865 miffi
1029 2831 1192 2876 propter

229 2898 302 2930 eos
321 2912 335 2936 ,
347 2883 416 2940 qui
430 2878 704 2926 haereditatem
719 2881 883 2935 capiunt
909 2879 1069 2925 salutis?
1088 2883 1191 2923 Nam

228 2941 449 2989 rationales
460 2953 558 2984 oves
572 2939 627 2982 ita
647 2938 783 2995 diligit
815 2942 924 2984 Deus
938 2968 953 2991 ,
974 2948 1019 2982 ut
1034 2953 1116 2984 non
1128 2936 1193 2980 so-

230 3004 317 3048 lum
345 2998 565 3056 Episcopos
577 3027 594 3049 ,
621 2997 961 3055 quemadmodum
986 3001 1008 3041 ὲ
1035 2999 1076 3040 5.
1092 3000 1193 3041 Am·

229 3058 365 3107 brofio
380 3057 571 3114 scriptum
582 3056 638 3101 cst
649 3086 665 3109 ‚
677 3055 728 3099 ad
743 3057 935 3102 tuendum
947 3071 1110 3115 gregem
1122 3071 1172 3100 or
1181 3081 1196 3095 ·

230 3118 435 3165 dinaverit
449 3144 466 3169 ‚
480 3117 545 3159 sed
558 3117 679 3158 etiam
702 3115 886 3174 Angelos
912 3116 1166 3159 destinaverit
1179 3145 1192 3158 .

229 3175 436 3226 Praeclare
458 3176 584 3219 etiam
600 3177 764 3219 sanetus
785 3175 1085 3232 Hieronymust
1110 3178 1197 3219 Ma·

234 3252 313 3295 gna
328 3235 502 3292 dignitas
515 3234 736 3277 animarum
753 3262 767 3286 ‚
793 3245 837 3276 ut
863 3249 1109 3289 unaquaque
1124 3236 1196 3276 ha-

234 3299 331 3341 beat
344 3297 398 3338 ab
408 3304 501 3337 ortu
522 3293 744 3337 nativitatis
755 3293 797 3336 in
811 3292 1026 3338 custodiam
1041 3296 1094 3336 sui
1109 3296 1194 3337 An·

235 3355 369 3414 gelum
383 3351 613 3409 delegatum
626 3382 639 3395 .
665 3352 793 3412 Qud
807 3354 835 3394 fi
848 3353 998 3408 Angeli
1012 3353 1194 3397 homines

237 3413 492 3462 custodiunt,
506 3412 600 3467 quid
629 3410 822 3456 adversus
845 3412 1097 3468 Angelorum
1126 3425 1196 3454 cu-

238 3471 434 3524 stodiam
448 3470 672 3515 &tutelam
687 3471 786 3512 astra
802 3470 963 3520 moliri,
977 3480 1046 3513 aut
1059 3469 1196 3513 effice·

238 3529 1198 3646 '5052‘55352233255522'12222322:lessss

237 3645 514 3706 praetereunda
525 3647 724 3692 esteximii
741 3646 925 3692 Eccleiiae
943 3647 1141 3698 onereris,
1155 3648 1195 3689 δι

241 3703 455 3751 Beatiffimi
492 3705 698 3748 Pontificis
726 3708 862 3762 Magni
885 3706 1074 3761 Gregorii
1105 3706 1193 3749 sen-

237 3764 364 3809 tentia
380 3791 395 3815 ,
424 3763 490 3818 qui
509 3763 816 3809 Priscilliauistas
831 3766 1038 3809 haereticos
1052 3778 1194 3807 uuum-

238 3835 441 3926 quemgue
477 3822 680 3926 haminem
734 3823 802 3867 sub
843 3825 1193 3870 constitutionibus

287 3916 289 3918 .
398 3895 471 3924 om.
547 3910 558 3924 .

1963 245 2134 326 547

1238 362 1458 407 Stellarum
1472 359 1578 403 nasci
1602 359 1789 415 putantes
1800 390 1816 412 ,
1830 377 1976 418 magno
1988 382 2119 411 rerum
2129 396 2142 417 ‚
2155 362 2197 409 &-

1235 421 1459 463 verborum
1472 418 1654 473 pondere
1668 418 1851 462 confutat
1871 450 1882 462 .
1902 423 2013 464 Abfit
2026 453 2040 475 ‚
2055 428 2198 481 inquit,

1234 482 1257 522 ὲ
1273 474 1454 519 fidelium
1473 477 1668 518 cordibus
1682 504 1696 527 ,
1729 487 1772 518 ut
1787 478 1941 533 aliquid
1964 479 2042 521 effe
2070 482 2198 524 fatum

1235 535 1369 576 dicant
1383 559 1397 582 ‚
1414 535 1538 574 vitam
1553 535 1701 589 quippe
1730 535 1939 578 hominum
1965 536 2069 578 solus
2092 539 2194 582 hanc

1236 592 1440 635 Conditor
1451 617 1465 640 ‚
1480 595 1548 646 qui
1573 593 1726 634 creavit
1740 618 1754 640 ‚
1770 593 2021 636 administrat
2036 622 2050 646 ,
2074 609 2200 650 neque

1237 649 1345 694 enirn
1368 658 1532 704 propter
1556 650 1686 693 stellas
1708 651 1833 694 homo
1850 680 1865 702 ‚
1888 653 1952 695 sed
1969 653 2198 708 stellaepro·

1240 721 1329 763 pter
1344 708 1522 749 homines
1537 705 1646 750 fastae
1663 710 1748 750 sunt
1760 735 1775 759 ,
1799 712 1839 751 δι
1855 709 1877 752 fi
1896 711 2004 754 stella
2032 711 2198 754 satum..

1240 767 1411 808 hominis
1435 764 1510 808 effe
1536 766 1685 809 dicitur
1709 792 1724 814 ‚
1753 767 1840 823 ipfis
1868 766 1942 811 suis
1973 768 2202 812 ministeriis

1236 823 1382 868 subess'e
1398 824 1521 867 homo
1533 825 1767 880 perhibetur
1781 855 1791 867 .
1811 826 1978 870 Utinam
1993 826 2116 870 insani
2129 828 2201 869 ho-

1237 886 1363 926 mines
1382 884 1461 925 haec
1478 881 1656 938 saperent
1671 913 1685 934 ,
1699 884 1739 925 δι
1754 884 2043 940 intelligerent,
2062 901 2106 928 ac
2124 887 2199 928 Dei

1235 943 1398 985 monitis
1413 944 1747 996 obtemperarent
1763 946 1800 986 in
1818 947 2005 987 Levitico
2016 947 2198 987 dicentis:

1236 1004 1329 1045 Non
1354 1000 1568 1044 declinetis
1596 1002 1647 1043 ad
1672 1005 1811 1058 Magos
1835 1031 1850 1055 ,
1875 1017 1950 1046 nec
1969 1007 2019 1046 ab
2049 1004 2202 1046 Ariolis

1241 1059 1392 1115 aliquid
1418 1058 1699 1112 sciscitemini,
1720 1072 1764 1104 ut
1782 1062 2016 1117 polluamini
2034 1076 2105 1117 per
2120 1075 2203 1104 cos.

1242 1123 1387 1175 Neque
1399 1120 1502 1162 enim
1515 1147 1531 1172 ,
1554 1134 1638 1177 quae
1656 1121 1877 1164 Christiana
1892 1147 1906 1170 ,
1933 1122 1972 1163 δι
1996 1134 2087 1162 vera
2116 1121 2205 1175 pie·

1242 1190 1301 1221 tas
1317 1178 1482 1231 repellit
1494 1205 1509 1228 ,
1525 1192 1568 1222 ac
1590 1179 1782 1228 damnat,
1801 1189 1917 1223 tanto
1942 1180 2074 1223 studio
2091 1179 2201 1221 inve-

1241 1239 1429 1295 stigarent
1443 1266 1458 1289 ,
1471 1238 1688 1295 iisdemque
1702 1239 1838 1281 miser'e
1851 1236 1891 1282 se
1915 1238 2066 1295 decipi,
2082 1247 2202 1294 atque

1241 1298 1392 1340 irretiri
1409 1307 1667 1350 paterentur.
1683 1302 1784 1342 Sunt
1813 1297 1937 1341 ctiam
1963 1298 2099 1340 inanes
2112 1297 2202 1351 qui-

1240 1354 1333 1396 dam
1351 1355 1533 1397 homines
1547 1384 1561 1405 ‚
1589 1358 1628 1398 δι
1644 1358 1815 1407 curiosi,
1841 1356 1904 1399 vel
1927 1355 2073 1411 impii,
2090 1355 2130 1395 δι
2150 1352 2206 1395 ir-

1241 1412 1431 1466 religiosi,
1445 1414 1513 1469 qui
1528 1413 1767 1464 futurarum,
1781 1415 1821 1454 δι
1834 1414 2088 1455 occultarum
2106 1412 2206 1454 alia-

1243 1484 1333 1513 rum
1362 1483 1498 1512 rerum
1525 1472 1717 1513 notitiam
1742 1472 1846 1514 adeo
1874 1470 1988 1514 anxie
2021 1472 2206 1515 habere,

1245 1527 1433 1580 student,
1457 1539 1504 1572 ut
1531 1530 1586 1572 ob
1602 1530 1744 1572 cadem
1773 1528 2049 1582 praenosccnda
2065 1559 2078 1580 ,
2092 1531 2132 1572 δι
2147 1533 2204 1571 in·

1247 1587 1474 1642 vestiganda
1496 1588 1533 1630 in
1548 1589 1692 1632 divinae
1709 1588 1810 1643 legis
1825 1586 2080 1631 offensionem
2106 1587 2206 1630 mul·

1243 1647 1441 1698 tipliciter
1454 1647 1658 1691 incurrant
1672 1676 1684 1688 .
1716 1648 1796 1690 Alii
1810 1648 1915 1690 enim
1935 1647 2205 1696 Geomantiae,

1244 1705 1552 1759 Hydromamiae
1567 1736 1582 1758 ‚
1608 1706 1897 1754 Acromantiae‚
1925 1706 2210 1761 Pyromantiae,

1240 1766 1493 1809 Onomantiae
1505 1792 1519 1812 ‚
1537 1767 1828 1810 Chiromantiae
1848 1793 1861 1816 ‚
1879 1766 2175 1808 Necromantiae
2191 1790 2207 1814 ‚

1244 1826 1408 1876 aliisque
1425 1825 1638 1879 rbrtilegiis
1651 1853 1666 1874 ,
1678 1825 1718 1865 δι
1733 1824 2075 1879 superstitionibus
2090 1852 2104 1874 ‚
2126 1836 2209 1864 non

1244 1885 1322 1928 fine
1335 1885 1563 1941 Demonum
1575 1882 1713 1926 saltem
1734 1882 1902 1925 occulta
1918 1882 2124 1930 societate,
2140 1889 2210 1923 aut

1243 1947 1367 1988 tacita
1381 1945 1585 1998 melione,
1607 1956 1771 1999 operam
1786 1942 1906 1989 dare,
1930 1940 1995 1984 seu
2017 1940 2096 1983 illis
2117 1966 2131 1989 ‚
2161 1952 2207 1980 ac

1244 2003 1423 2045 sortibus
1449 2001 1605 2045 illicitis
1620 2000 1853 2043 taxillorum
1866 2028 1882 2050 ,
1898 2013 2114 2054 granorum
2133 1999 2210 2040 tri-

1245 2063 1444 2106 ticcorum
1458 2090 1471 2110 ‚
1488 2058 1739 2104 velfabarum
1754 2058 1856 2114 iaetu
1885 2059 1942 2100 uti
1976 2071 2055 2101 non
2072 2070 2212 2100 veren-

1246 2133 1313 2165 tur
1329 2152 1341 2162 .
1375 2120 1456 2164 Alii
1475 2120 1573 2164 vero
1590 2120 1739 2173 aliquas
1753 2117 1920 2173 pristinae
1948 2118 1989 2159 δι
2018 2116 2209 2170 antiqua-

1245 2192 1309 2231 ta,
1323 2194 1369 2222 ac
1387 2193 1457 2236 per
1471 2180 1621 2222 Crucis
1634 2177 1842 2221 victoriam
1857 2176 2056 2233 prostratae
2074 2174 2215 2216 Idolo-

1247 2241 1370 2284 latriae
1394 2239 1588 2291 reliquias
1603 2236 1828 2280 retinentes
1844 2262 1859 2286 ‚
1884 2234 2127 2291 quibusdam
2148 2246 2212 2274 au.

1248 2299 1371 2356 guriis
1388 2328 1401 2345 ,
1416 2297 1596 2353 auspiciis
1609 2325 1623 2348 ,
1636 2294 1901 2350 similibusque
1926 2295 2040 2349 signis
2053 2320 2066 2340 ,
2089 2295 2126 2335 δι
2143 2305 2217 2334 va·

1246 2360 1304 2402 nis
1321 2357 1670 2402 observationibus
1681 2356 1730 2397 ad
1745 2354 1971 2396 futurorum
1987 2351 2208 2400 divinatio·

1249 2432 1340 2461 nem
1368 2416 1605 2460 intendunt.
1629 2414 1712 2456 Alii
1739 2424 1873 2456 autem
1889 2411 1974 2456 sunt
1987 2440 2000 2462 ,
2015 2410 2085 2467 qui
2117 2423 2209 2452 cum

1248 2487 1382 2519 morte
1406 2476 1540 2519 foedus
1562 2475 1770 2520 incunt,&
1785 2475 1939 2528 pactum
1954 2468 2100 2512 faciunt
2119 2483 2214 2510 cum

1248 2534 1415 2579 Inferna
1436 2564 1450 2586 ‚
1468 2534 1536 2589 qui
1563 2532 1744 2575 similiter
1769 2532 1817 2573 ad
1836 2530 2095 2574 occultorum
2110 2527 2217 2570 divi·

1250 2596 1453 2639 nationem
1469 2623 1484 2645 ,
1497 2594 1547 2636 ad
1566 2590 1825 2635 inveniendos
1840 2588 2063 2638 thesauros,
2083 2585 2147 2629 vel
2163 2587 2215 2628 ad

1251 2654 1328 2696 alia
1346 2653 1524 2696 facinora
1540 2650 1810 2708 perpetranda
1827 2679 1841 2701 ,
1866 2650 1987 2692 etiam
2004 2641 2214 2700 expressa-,³

1250 2726 1343 2755 cum
1362 2712 1543 2754 Diabolo
1561 2713 1741 2763 pactione
1755 2708 1855 2750 fasta
1871 2737 1885 2758 ,
1902 2708 1940 2748 in
1964 2705 2211 2747 manifestam

1250 2771 1407 2814 suarum
1425 2769 1642 2823 perniciem
1656 2770 1899 2817 animarum,
1913 2764 2080 2808 nefarias
2093 2762 2220 2817 magi-

1251 2842 1306 2870 cae
1320 2827 1419 2869 artis
1432 2826 1729 2865 incantationes
1744 2852 1759 2873 ‚
1778 2825 2049 2871 instrumenta,
2065 2821 2128 2863 vel
2146 2834 2217 2863 ve-

1254 2885 1398 2930 neficia
1437 2882 1633 2924 adhibent
1651 2910 1667 2932 ‚
1705 2880 1882 2924 circulos
1919 2881 1956 2920 &
1986 2877 2215 2920 diabolicos

1252 2946 1507 2988 characteres
1519 2940 1775 2990 describunt,
1794 2942 1994 2995 Demones
2009 2938 2218 2987 invocant,

1252 3015 1323 3047 aut
1337 2999 1578 3048 consulunt,
1603 2999 1654 3041 ab
1679 3000 1737 3041 cis
1752 2995 1937 3045 responsa
1948 3005 2088 3051 petunt
2103 3021 2118 3044 ,
2147 3002 2219 3036 aut

1253 3062 1455 3117 accipiunt
1468 3088 1483 3110 ,
1495 3060 1550 3102 eis
1564 3071 1706 3113 preces
1720 3087 1736 3109 ,
1747 3059 1788 3100 δι
1801 3056 1948 3107 thuris,
1966 3063 2035 3097 aut
2049 3053 2217 3101 aliarum

1257 3135 1388 3165 rerum
1407 3118 1655 3166 suffimenta,
1668 3116 1732 3159 stu
1748 3115 2030 3171 fumigationes
2043 3139 2057 3161 ‚
2089 3111 2220 3153 aliave

1255 3178 1446 3224 sacrificia
1457 3175 1634 3221 offerunt
1647 3206 1664 3228 ,
1677 3175 1867 3219 candelas
1883 3171 2110 3216 accendunt
2122 3199 2138 3221 ,
2153 3179 2221 3212 aut

1256 3239 1373 3282 rebus
1400 3236 1542 3286 sacris,
1571 3235 1637 3279 vel
1663 3234 1963 3281 Sacramentis‚
1988 3240 2057 3272 aut
2083 3230 2223 3272 Sacra-

1256 3296 1494 3342 mentalibns
1508 3294 1703 3351 sacrilege
1727 3294 1952 3337 abutuntur
1971 3319 1986 3340 ‚
2014 3288 2224 3331 adoratio-

1253 3359 1333 3407 nis,
1344 3354 1626 3412 genuflexionis
1639 3382 1655 3405 ‚
1666 3361 1734 3396 aut
1749 3350 1896 3408 quaevis
1911 3350 1989 3393 alia
2004 3346 2223 3403 impictatis

1253 3414 1444 3472 obsequia
1457 3412 1640 3470 praestant
1651 3442 1666 3463 ‚
1682 3412 1854 3459 cultum,
1870 3408 2221 3451 venerationemve

1256 3475 1439 3518 tribuunt
1450 3501 1466 3524 ‚
1486 3482 1553 3514 aut
1566 3471 1761 3516 annulum
1775 3497 1790 3519 ‚
1817 3468 1884 3511 vel
1896 3464 2102 3523 speculum
2117 3494 2131 3516 ‚
2154 3471 2223 3506 aut

1256 3547 1400 3591 parvas
1414 3531 1580 3587 phyalas
1603 3531 1672 3573 snbi
1688 3528 1917 3577 fabricant,
1942 3535 2010 3568 aut
2032 3521 2219 3566 fabricari

1255 3601 1399 3636 curant
1425 3590 1477 3632 ad
1495 3593 1718 3632 Daemones
1745 3588 1785 3629 in
1808 3587 1866 3629 eis
1882 3585 2103 3641 alligandos
2116 3607 2141 3644 a·
2157 3578 2222 3619 seu

1253 3647 1526 3695 includendos
1539 3676 1554 3699 ‚
1569 3656 1615 3691 ut
1627 3656 1767 3704 putant
1780 3675 1796 3697 ,
1809 3645 1859 3688 ad
1874 3643 2055 3699 responsa
2065 3642 2112 3681 ab
2130 3637 2218 3690 ipfis

1254 3709 1348 3754 inde
1359 3707 1530 3765 petenda
1546 3732 1562 3755 ‚
1592 3714 1664 3750 aut
1677 3705 1863 3748 habenda
1877 3732 1891 3745 .
1923 3702 2006 3745 Alii
2031 3703 2222 3760 praeterea

1253 3769 1373 3812 etiam
1393 3768 1431 3808 in
1447 3765 1686 3821 corporibus
1699 3763 1856 3807 obseffis
1871 3790 1886 3813 a
1911 3760 1975 3803 vel
2003 3753 2223 3809 lymphati-

1253 3830 1310 3872 cis
1327 3856 1342 3880 ,
1371 3828 1409 3869 δι
1421 3825 1646 3883 phanaticis
1659 3821 1896 3867 mulieribus
1911 3821 2131 3860 Daemones
2142 3838 2156 3860 υ
2171 3809 2222 3850 de

1663 3885 1699 3926 Z
1715 3895 1737 3924 z
1750 3893 1773 3923 z
1805 3893 1827 3921 2
2058 3868 2165 3910 futu·
