2444 4192
718 172 886 275 'Sub
949 189 1302 302 Gregorio
1366 186 1528 272 IX.

120 352 177 401 B.
195 343 456 399 Antonium
470 341 528 392 de
547 337 702 393 Padua
731 355 1087 409 nuncupatum

189 419 238 468 in
266 433 513 466 numerum
540 409 812 462 Sanctorum
851 407 1088 462 Confesso-

189 506 294 540 rum
322 485 461 536 refert
477 522 493 545 ,
509 481 798 534 festivitatem
814 486 908 544 ejus
930 483 1088 533 Idibus

180 561 312 630 Junii
328 558 564 626 quotannis
582 553 800 602 celebrari
816 552 971 603 statuit
986 588 1002 611 ,
1035 571 1088 602 ac

188 633 237 681 in
251 647 305 680 ea
327 628 466 698 usque
479 625 537 678 ad
553 626 674 674 diem
693 624 912 673 ostavum
941 625 1088 691 poeni-

185 701 384 752 tentibus
400 714 572 750 annum
597 712 738 747 unum
766 694 824 746 de
839 694 1083 759 injuncta..

183 773 453 844 poenitentia
466 770 638 821 relaxat
651 805 664 818 .

122 913 606 971 GREGORIUS
646 910 1091 967 EPISCOPUS

305 1046 482 1090 szavus
514 1043 766 1088 Senonum
802 1042 883 1086 Der
901 1070 915 1085 .

128 1161 417 1213 narrabilibur
442 1162 662 1206 Fratrlbus
676 1189 691 1211 ,
720 1162 990 1212 patriarchis,
1014 1163 1094 1204 Ar·

175 1219 489 1280 cbiepescopis,&
506 1220 719 1278 Epistopt‘s,
734 1221 784 1270 θ’
800 1221 946 1264 ducetis
964 1221 1093 1271 Filils,

175 1281 400 1327 Abbatibus
413 1305 428 1327 a
449 1279 664 1332 Prioribus,
684 1284 865 1330 Decanir,
883 1280 1093 1322 Archiam·

173 1337 716 1395 eents‚Arcbae‘p›-esbyteris‚&
731 1342 821 1382 aliis
841 1339 1096 1391 Ecclrlt'arum

183 1401 393 1447 I'raelaetr,
420 1398 474 1438 ad
497 1412 589 1454 quos
621 1401 771 1441 littere
800 1398 882 1456 tstae
909 1409 1092 1457 pervene-

168 1456 264 1504 rint
285 1487 299 1510 ,
311 1457 492 1516 statuum
518 1485 533 1510 ,
562 1458 610 1506 (9·
635 1457 894 1517 Apostots'cam
922 1460 1090 1503 Benedi-

174 1518 338 1563 fflonom
352 1543 365 1557 .

240 1651 317 1693 Um
344 1646 455 1691 dicat
482 1647 680 1692 Dominus
697 1664 768 1704 per
783 1650 1092 1705 Prophetiam:

259 1706 373 1750 Dabo
393 1718 456 1749 vor
469 1706 615 1751 catillis
619 1709 775 1765 populis
787 1709 830 1751 in
843 1709 999 1751 laudem
1014 1739 1029 1761 ,
1042 1708 1091 1757 θ’

111 1769 283 1826 gloriam
295 1791 310 1816 ,
322 1764 371 1815 θ’
385 1765 566 1810 honorem
579 1792 594 1816 ‚
607 1768 648 1810 δι
660 1765 785 1824 perse
812 1767 1062 1826 polliceatur
1074 1798 1089 1820 ,

117 1825 227 1885 quod
248 1823 337 1885 justi
353 1824 454 1869 ficut
481 1825 550 1871 Sol
569 1826 607 1870 in
623 1827 840 1885 conspectu
865 1830 939 1872 Dei
955 1827 1088 1884 fulge·

116 1884 218 1946 bunt
231 1911 246 1935 ,
263 1885 390 1941 pium,
405 1886 446 1928 8ι
457 1884 595 1942 justum
610 1888 682 1938 est,
696 1897 760 1940 ut,
771 1902 872 1945 quos
885 1889 995 1933 Deus
1011 1903 1093 1931 me-

120 1945 205 1988 rito
229 1943 444 1989 sanctitatis
467 1956 664 1998 coronat,
678 1950 716 1991 &
732 1950 904 1992 honorat
932 1950 972 1992 in
986 1952 1092 1993 Coe-

125 2001 181 2048 lis
189 2027 207 2051 ,
219 2003 304 2043 Nos
325 2005 594 2046 venerationis
621 2007 757 2050 officio
775 2007 989 2053 laudemus
1005 2036 1020 2059 ‚
1050 2009 1092 2050 δι

123 2056 395 2115 glorificemus
410 2058 448 2100 in
465 2059 694 2106 terris,cnm
716 2061 797 2115 ipse
812 2065 1092 2113 potiuslaude.

121 2128 208 2168 tur,
218 2118 254 2158 &
273 2114 527 2170 glorificetur
539 2115 580 2155 in
597 2116 701 2164 illis,
712 2122 782 2168 qm·
794 2119 848 2170 est
862 2116 1091 2166 laudabilis,

121 2170 374 2229 &glot-issa·
386 2168 596 2223 insircula,
610 2170 647 2208 &
664 2170 704 2210 in
724 2173 889 2210 Sanctis.
909 2174 964 2212 Ut
981 2173 1091 2209 enim

118 2227 194 2277 iiic
217 2228 378 2273 virtutis
393 2224 618 2283 potentiam
647 2226 895 2270 mirabiliter
926 2224 1098 2268 manife-

115 2290 194 2336 stet
209 2315 225 2342 ,
252 2288 293 2331 ἃ
307 2286 448 2330 nostrae
466 2283 604 2328 salutis
632 2288 790 2330 causam
821 2285 1095 2329 misericordi-

115 2361 180 2397 ter
192 2355 384 2405 operetur
398 2373 413 2397 ,
427 2343 569 2388 fideles
586 2345 673 2388 suos
690 2377 703 2398 ‚
731 2362 831 2400 quos
848 2347 1007 2401 semper
1023 2360 1095 2388 co-

113 2416 233 2457 ronat
249 2405 290 2450 in
305 2405 462 2456 Coelo,
479 2402 723 2462 frequenter
755 2409 882 2450 etiam
906 2408 1097 2456 honorat,

119 2470 162 2515 in
174 2465 343 2518 seculo,
354 2465 404 2508 ad
422 2477 564 2507 eorum
580 2468 792 2510 memorias
807 2466 912 2524 figna
927 2465 1100 2515 faciens,

119 2530 160 2575 δι
175 2524 385 2584 prodigia,
409 2537 484 2580 per
497 2538 584 2582 quae
611 2527 791 2580 pravitas
814 2524 1093 2569 confundatur

117 2585 348 2637 Hoeretica,
367 2584 407 2626 &
422 2583 542 2628 Fides
558 2585 779 2629 Catholica
807 2584 1093 2635 confirmetur3

121 2643 307 2697 Fideles,
334 2643 486 2686 mentis
513 2653 683 2699 torpore
708 2644 903 2694 dist-uffo,
917 2645 965 2687 ad
994 2644 1090 2686 boni

123 2703 258 2765 operis
287 2703 515 2747 excitentur
529 2703 757 2748 instantiam
771 2735 785 2757 ‚
813 2706 988 2749 haeretici
1019 2705 1091 2746 de·

150 2761 240 2808 uls&
257 2763 325 2818 ,in
350 2760 428 2819 qua
441 2759 575 2818 jacent
588 2792 603 2815 ,
622 2765 812 2809 caecitatis
827 2765 1004 2818 caligine
1016 2794 1030 2815 ‚
1042 2766 1092 2807 ab

121 2780 237 2870 iiivio
265 2821 515 2867 reducantur
529 2822 579 2874 ad
599 2822 703 2865 viam
723 2853 738 2876 ,
752 2825 927 2883 &Judaei
943 2853 957 2876 ,
970 2836 1094 2880 atque

122 2882 273 2941 Pagani
317 2894 416 2925 vero
460 2880 612 2925 lumine
642 2887 814 2940 cognito
845 2895 1009 2928 currant
1042 2884 1093 2927 ad

122 2941 347 2994 Christum,
366 2941 501 2983 lucem
517 2968 532 2992 ,
547 2941 653 2984 viam
667 2971 682 2994 ,
699 2945 914 2988 veritatem
931 2974 944 2993 ‚
960 2945 1000 2986 ἃ.
1033 2945 1096 2986 vi-

122 3012 207 3052 tam
221 3030 234 3044 .
250 3000 372 3046 Unde
387 3003 491 3052 Nos,
505 3001 759 3058 Chariffimi,
780 3005 851 3049 ctfi
868 3018 948 3047 non
965 3018 1094 3059 quan-

89 3106 95 3114 ,
122 3071 189 3111 tas
201 3061 398 3105 debemus
415 3087 430 3112 ,
450 3069 614 3117 quantas
628 3071 763 3106 tamen
785 3062 981 3119 poss'umus
1000 3078 1094 3119 gra-

51 3148 69 3166 -.
123 3121 199 3181 tias
229 3120 385 3177 agimus
415 3119 638 3174 gratiarum
665 3124 847 3166 omnium
874 3122 1060 3178 largitori
1078 3153 1092 3175 ,

30 3179 93 3239 &²135
128 3189 132 3193 “
152 3178 285 3224 uodin
301 3178 447 3222 diebus
467 3179 608 3223 nostris
632 3181 682 3223 ad
708 3180 1095 3226 confirmationem

34 3262 41 3278 i·
82 3239 87 3262 ³
122 3196 352 3286 {zabolica
369 3237 512 3290 Fidei,
541 3241 580 3282 δι
606 3240 656 3283 ad
671 3242 944 3286 consutionem
964 3243 1094 3284 haere-

126 3294 215 3354 tien
239 3296 448 3355 pravitatis
476 3299 691 3342 evidenter
718 3301 858 3345 innuat
884 3302 988 3356 ligna
1012 3331 1027 3353 ,
1057 3302 1098 3342 δι

131 3357 327 3406 mirabilia
358 3365 552 3414 potenter
579 3360 792 3410 immutet,
824 3359 974 3404 faciens
1009 3360 1101 3403 illos

99 3428 128 3474 ‘5-
164 3416 350 3468 nruscare
365 3417 584 3472 miraculis,
598 3419 667 3474 qui
682 3419 824 3464 Fidem
839 3419 1101 3463 Catholicam

124 3429 214 3531 ξω
225 3476 350 3520 corde
366 3502 382 3526 ‚
396 3477 517 3531 quam
532 3491 633 3528 ore,
655 3492 732 3522 nec
762 3494 843 3524 non
871 3481 912 3522 δε
935 3494 1101 3534 opere..-

140 3532 370 3597 'ffibordrunt
384 3564 396 3576 .
410 3536 472 3578 De
485 3551 660 3594 quorum
675 3553 846 3583 numero
859 3537 998 3582 finctae
1014 3553 1099 3582 me-

140 3592 262 3645 morie
281 3596 427 3639 Beatus
439 3597 645 3642 Antonius
658 3612 706 3642 ex
721 3599 880 3643 Ordine
906 3601 1097 3642 Fratrum

202 3661 354 3715 aprum,
366 3655 434 3712 qui
446 3655 547 3700 olim
561 3657 715 3715 degens
729 3657 768 3701 in
783 3658 926 3703 saeculo
941 3659 1095 3716 magnis

143 3703 493 3774 pollebat-meritis,
509 3730 616 3760 nunc
631 3720 768 3761 vivens
784 3718 824 3761 in
846 3718 975 3762 Coelo
990 3718 1093 3762 mul-

142 3773 196 3831 tJS
209 3766 377 3832 qotqsent
394 3774 622 3828 miraculis,
643 3787 689 3820 ut
704 3776 788 3835 ejus
806 3776 987 3822 tanaitas
1002 3793 1095 3822 cer·

138 3831 193 3865 t¹S
214 3821 673 3894 mdtciiseomprobetur
686 3864 699 3879 .
1119 3835 1122 3839 ’

1960 219 2063 302 13

1266 341 1374 381 Cum
1397 341 1505 381 enim
1519 338 1675 382 dudum
1698 342 1957 387 Venerabilis
1988 353 2134 394 Frater

1148 398 1280 441 noster
1299 398 1523 453 Episcopus
1539 401 1604 450 ,δι
1625 400 1763 441 dilecti
1780 403 1897 451 Filii,
1915 406 2092 450 Potestas
2111 424 2132 464 ,·

1149 459 1191 501 ἃ.
1219 460 1504 501 Communitas
1533 462 1719 500 Paduana
1740 462 1868 502 Nobis
1903 476 1975 516 per
2011 470 2132 509 Nun-

1152 520 1228 560 tios
1246 520 1353 566 suos,
1367 519 1404 558 &
1427 518 1585 560 litteras
1602 518 1810 562 humiliter
1830 519 2130 576 supplicassent,

1149 589 1210 627 ut,
1223 590 1315 619 cum
1340 580 1539 620 Dominus
1554 579 1686 621 eidem
1702 583 1843 621 SanRo
1860 590 2014 622 tantam
2029 597 2133 624 con-

1149 636 1292 679 tulerit
1313 638 1520 693 gloriam,
1542 639 1580 680 &
1609 638 1658 679 ad
1686 638 1863 681 dandam
1886 638 2136 684 scientiam

1150 697 1290 752 primae
1307 698 1416 738 stolae
1435 699 1755 741 immortalitatis
1772 699 1885 754 ipfius
1900 728 1913 750 ,
1945 701 1985 740 δι
2007 714 2130 754 expe-

1148 756 1369 799 timentum
1383 757 1558 799 evidens
1590 759 1644 801 de
1667 759 1856 810 secunda,
1875 757 2137 815 sepulchrum

1156 813 1244 870 ejus
1259 826 1322 857 tot
1340 818 1403 868 ,δι
1423 819 1550 859 tantis
1588 818 1705 861 daret
1722 817 1935 862 coruscare
1961 819 2135 861 miracu·

1157 874 1231 924 lis,
1254 876 1363 931 quod
1379 875 1467 930 ejus
1497 879 1601 920 inter
1617 878 1901 932 aliosUSanctos
1918 892 1997 920 non
2021 878 2141 919 invo-

1154 936 1236 979 cari
1259 935 1442 992 suffragia
1462 937 1515 979 est
1530 937 1743 994 indignum
1759 966 1774 989 ,
1798 938 1851 981 de
1882 939 1999 994 ipfius
2017 936 2138 978 mira-

1154 995 1252 1038 culis
1267 995 1385 1039 restes
1403 998 1526 1053 recipi
1556 997 1840 1042 mandaremus
1856 1026 1870 1050 ‚
1899 1001 1984 1040 Nos
2006 1006 2141 1039 atten-

1152 1054 1297 1099 dentes
1313 1084 1326 1107 ,
1356 1056 1577 1112 quodlicet
1594 1058 1643 1100 ad
1662 1060 1764 1108 hoc,
1792 1068 1838 1100 ut
1866 1058 2008 1113 aliquis
2033 1059 2133 1098 San-

1153 1120 1239 1158 etus
1253 1118 1296 1157 fit
1315 1115 1421 1171 apud
1441 1120 1572 1160 Deum
1588 1121 1627 1161 in
1645 1117 1822 1161 Ecclesia
1842 1117 2137 1172 triumphante,

1155 1176 1235 1219 sola
1251 1174 1419 1218 sufficiat
1446 1175 1572 1218 finalis
1600 1176 2050 1234 perseverantia‚juxta
2084 1174 2137 1217 il·

1157 1236 1226 1280 lud
1243 1263 1256 1285 ,
1278 1235 1351 1294 esto
1363 1235 1497 1293 fidelis
1519 1237 1637 1294 usquc
1666 1239 1720 1280 ad
1741 1246 1925 1290 mortem,
1954 1236 2008 1286 ά
2037 1232 2138 1277 dabo

1155 1294 1230 1339 tibi
1260 1309 1440 1338 coronam
1471 1296 1567 1339 vt’ec
1582 1324 1596 1347 ,
1618 1298 1668 1340 ad
1688 1299 1764 1341 hoc
1778 1308 1940 1345 tamen,
1969 1307 2012 1338 ut
2036 1294 2140 1338 Sa'n-

1155 1359 1238 1397 etus
1263 1356 1459 1400 habeatur
1473 1357 1580 1412 apud
1598 1358 1781 1401 homines
1812 1358 1850 1399 in
1872 1355 2051 1399 Ecclesia
2068 1353 2142 1394 mi-

1153 1415 1300 1458 litante
1313 1442 1327 1465 ,
1349 1416 1435 1457 duo
1453 1415 1539 1457 sunt
1559 1414 1769 1460 neceffaria
1782 1430 1796 1458 :
1813 1416 1943 1457 virtus
1960 1424 2139 1462 morum,

1151 1474 1193 1515 δι
1223 1474 1371 1515 veritas
1398 1472 1603 1529 (ignorum
1621 1504 1635 1524 ,
1663 1476 1806 1516 merita
1841 1473 2064 1520 videlicet,
2097 1472 2139 1513 δι

1155 1531 1409 1575 mii-acuimus
1430 1534 1570 1586 haec,&
1587 1535 1657 1576 illa
1686 1534 1754 1575 fibi
1777 1535 1827 1575 ad
1846 1534 2020 1574 invicem
2041 1544 2141 1572 con·

1154 1592 1372 1634 testentur:
1386 1606 1479 1635 cum
1493 1607 1629 1649 neque
1650 1595 1795 1636 merita
1813 1591 1893 1635 sine
1911 1590 2139 1642 miraculis,

1152 1665 1228 1694 nec
1258 1651 1450 1692 miracula
1478 1652 1559 1695 fine
1585 1653 1742 1696 meritis
1771 1652 1892 1708 plene
1926 1649 2134 1693 sufficiant

1154 1712 1205 1754 ad
1227 1710 1524 1767 perhibendum
1543 1715 1647 1755 inter
1666 1712 1847 1754 homines
1864 1710 2142 1754 testimonium

1153 1770 1388 1813 sanctitatis.
1407 1771 1483 1814 sed
1500 1786 1595 1814 eum
1617 1772 1762 1815 merita
1775 1770 1866 1815 sana
1886 1770 2142 1826 praecedunt,

1155 1832 1197 1874 δι
1222 1831 1332 1873 clara
1358 1829 1582 1874 succedunt
1613 1831 1806 1874 miracula
1823 1861 1838 1884 ,
1857 1840 2016 1874 certum
2041 1839 2141 1882 ptae·

1158 1892 1280 1934 beant
1300 1890 1496 1932 indicium
1514 1891 1735 1933 sanctitatis
1751 1921 1764 1941 ‚
1779 1901 1823 1932 ut
1841 1893 1928 1933 Nos
1949 1886 1998 1931 ad
2023 1886 2142 1942 ipsius

1158 1951 1470 1995 venerationem
1484 1953 1681 1994 inducant
1699 1980 1713 2003 ‚
1728 1964 1847 2006 quem
1868 1952 1978 1991 Deus
1993 1960 2043 1988 cx
2060 1958 2146 1987 me·

1151 2013 1237 2055 ritis
1263 2010 1589 2066 praecz-dentibus
1606 2042 1619 2063 ‚
1644 2013 1686 2053 δι
1709 2012 1826 2066 lignis
1858 2004 2143 2062 subsequenti-

1152 2073 1227 2110 bus
1243 2072 1410 2112 exhibet
1435 2073 1743 2119 venerandum,
1771 2083 1856 2126 quae
1879 2069 1963 2110 duo
1978 2080 2029 2108 ex
2049 2077 2141 2107 ver-

1155 2123 1215 2162 bis
1257 2124 1523 2173 Evangennae
1555 2129 1719 2178 plenius
1747 2128 2003 2179 colliguntur
2030 2154 2041 2164 .
2078 2123 2145 2166 uls·

1155 2187 1293 2215 ‘mem
1300 2176 1476 2228 profic-7}
1480 2183 1815 2229 predicaverunt
1842 2181 1989 2235 ubique
2006 2183 2148 2221 Domi-

1156 2244 1206 2273 no
1225 2240 1452 2279 cooperante
1463 2255 1478 2277 ‚
1495 2232 1766 2290 &firmorum
1801 2238 2059 2289 confirmante
2076 2237 2145 2291 fi

1161 2288 1507 2346 quentt‘burlt'gnir
1533 2319 1545 2331 .
1580 2293 1635 2334 Et
1667 2291 1803 2335 eidem
1829 2292 2032 2348 Episcopo
2059 2318 2072 2340 a
2104 2296 2145 2337 δε

1161 2349 1322 2391 dilectis
1343 2350 1454 2391 Filiis
1470 2377 1484 2398 ,
1500 2351 1631 2393 Fratri
1649 2352 1834 2406 Jordano
1864 2354 1994 2394 baot‘ti
2013 2353 2147 2396 Bene-

1160 2409 1288 2459 dieti,
1313 2410 1353 2450 δι
1371 2411 1402 2450 1.
1428 2413 1469 2451 S.
1489 2410 1703 2465 Augustini
1721 2410 1947 2460 Prioribus,
1967 2426 2011 2453 ac
2030 2412 2143 2456 Prio-

1160 2470 1195 2512 ri
1220 2466 1460 2511 Conventus
1487 2470 1657 2510 Ordinis
1685 2471 1871 2513 Fratrum
1898 2470 2147 2515 Praedicato-

1161 2543 1249 2572 rum
1283 2528 1566 2571 Paduanorum
1589 2531 1871 2583 receptionem
1899 2529 2058 2571 testium
2088 2529 2142 2574 de

1157 2589 1365 2631 miraculis
1382 2585 1561 2643 ejusdem
1588 2590 1720 2631 Sanfti
1738 2588 1928 2631 duximus
1947 2590 2144 2632 commit-

1154 2648 1318 2692 tendam
1334 2677 1346 2687 .
1365 2652 1507 2703 Nuper
1534 2658 1670 2691 autem
1691 2659 1774 2690 tam
1808 2661 1878 2700 per
1893 2647 2143 2692 relationem

1156 2709 1439 2766 predictorum
1459 2708 1645 2763 Episcopi
1664 2738 1679 2759 ,
1693 2710 1731 2750 δι
1750 2709 1934 2751 Priorum
1949 2737 1966 2759 ,
1981 2708 2142 2762 quam..-

1155 2782 1231 2825 per
1245 2766 1516 2824 depofitiones
1533 2766 1692 2810 testium
1720 2767 1837 2821 super
1853 2768 1930 2809 hoc
1951 2779 2145 2824 recepto-

1155 2844 1245 2872 rum
1259 2827 1312 2869 de
1331 2827 1452 2882 ipfius
1472 2827 1698 2870 virtutibus
1714 2854 1729 2878 ,
1758 2828 1799 2869 &
1817 2826 2142 2872 miraculorum..

1157 2887 1332 2943 insigniis
1346 2888 1546 2929 certiores
1560 2885 1708 2938 effecti,
1724 2888 1764 2928 δι
1779 2887 1939 2941 experti
1956 2887 2143 2944 aliquan-

1155 2947 1211 2990 do
1232 2963 1303 3002 per
1322 2951 1408 2989 Nos
1422 2945 1524 3002 ipsos
1544 2944 1792 2989 sanctitatem
1807 2947 1924 2996 vitae,
1948 2947 1989 2989 δι
2015 2946 2146 2988 admi·

1156 3007 1330 3051 rabilem
1345 3004 1700 3049 conversationem
1720 3005 1839 3062 ipfius
1854 3033 1870 3057 ,
1897 3015 2046 3061 utpote
2071 3006 2141 3061 qui

1155 3068 1261 3123 apud
1279 3070 1367 3110 Nos
1391 3064 1466 3108 fuit
1492 3065 1728 3123 aliquandiu
1752 3063 2015 3108 laudabiliter
2043 3078 2143 3108 con·

1157 3126 1338 3169 versatus
1366 3154 1381 3178 ,
1405 3124 1556 3169 eisdem
1589 3123 1818 3181 Episcopo,
1841 3125 1883 3167 &
1911 3123 2139 3177 Potestati,

1157 3188 1197 3228 &
1253 3186 1554 3228 Communitati
1587 3184 1783 3241 praediffis
1826 3197 1899 3238 per
1938 3183 2140 3226 solemnes

1157 3243 1346 3287 Nuncios
1360 3244 1476 3295 suos,
1490 3246 1529 3286 &
1554 3243 1713 3286 litteras
1734 3242 1974 3287 Nobiscum
1990 3243 2139 3285 instan-

1161 3305 1220 3346 tia
1246 3303 1383 3346 denuo
1411 3302 1730 3359 supplicantibus
1747 3334 1762 3354 ,
1792 3301 1901 3358 quod
1928 3301 2138 3347 eundem-³

1165 3366 1352 3406 Fratrem
1366 3366 1602 3406 Sanctorum
1619 3364 1823 3419 Catalogo
1849 3361 2139 3406 adstriberea

1163 3436 1426 3467 curaremus:
1442 3424 1769 3474 utauftoritate,
1792 3422 1892 3464 ficut
1915 3420 2139 3472 convenit,

1160 3481 1398 3538 Apostolica
1414 3510 1429 3534 ,
1454 3481 1599 3539 dignus
1628 3483 1758 3524 honor
1781 3480 1843 3523 illi
1874 3481 2140 3524 exhiberetur

1160 3543 1200 3585 in
1227 3542 1346 3585 terris
1363 3571 1377 3591 ,
1396 3540 1493 3597 qui,
1509 3541 1607 3584 ficut
1623 3542 1742 3584 claris
1758 3539 1876 3596 lignis
1890 3568 1904 3590 ,
1917 3541 1958 3582 δι
1973 3539 2139 3584 eviden-

1159 3602 1266 3645 tibus
1290 3602 1546 3655 argumentis
1571 3610 1736 3656 apparet
1757 3630 1772 3652 ,
1800 3602 2029 3642 honoratur
2064 3598 2135 3640 in.,

1155 3661 1315 3706 Coelis:
1346 3657 1508 3712 ipsum,
1530 3661 1601 3717 qui
1624 3659 1893 3715 corporaliter
1905 3658 2136 3704 dissolutus,

1156 3735 1249 3763 cum
1280 3717 1446 3762 Christo
1473 3718 1552 3762 effe
1565 3721 1712 3764 meruit
1729 3720 1769 3762 in
1787 3718 2052 3762 coelestibus:
2084 3727 2135 3756 ne

1160 3779 1272 3822 illius
1300 3778 1445 3821 honori
1467 3778 1609 3823 debito
1631 3807 1646 3829 ,
1671 3782 1710 3821 &
1725 3779 1863 3835 gloriae
1876 3777 2136 3819 detrahere.»

1153 3838 1459 3895 quodammodo
1486 3838 1749 3890 videremur,
1770 3837 1796 3880 fi
1819 3834 2094 3932 glorificzgum
2109 3831 2135 3874 ὲ

2029 3903 2077 3931 0-
