<?xml version="1.0" encoding="UTF-8"?>
<!DOCTYPE html PUBLIC "-//W3C//DTD XHTML 1.0 Transitional//EN"
    "http://www.w3.org/TR/xhtml1/DTD/xhtml1-transitional.dtd">
<html xmlns="http://www.w3.org/1999/xhtml" xml:lang="en" lang="en">
 <head>
  <title>
</title>
<meta http-equiv="Content-Type" content="text/html;charset=utf-8" />
  <meta name='ocr-system' content='tesseract 3.04.00' />
  <meta name='ocr-capabilities' content='ocr_page ocr_carea ocr_par ocr_line ocrx_word'/>
</head>
<body>
  <div class='ocr_page' id='page_1' title='image "./bullariumordinis06cath_0163.png"; bbox 0 0 2444 4192; ppageno 0'>
   <div class='ocr_carea' id='block_1_1' title="bbox 789 202 1594 311">
    <p class='ocr_par' dir='ltr' id='par_1_1' title="bbox 789 202 1594 311">
     <span class='ocr_line' id='line_1_1' title="bbox 789 202 1594 311; baseline 0.002 -26"><span class='ocrx_word' id='word_1_1' title='bbox 789 202 956 286; x_wconf 79' lang='lat' dir='ltr'>Sub</span> <span class='ocrx_word' id='word_1_2' title='bbox 1014 205 1354 311; x_wconf 81' lang='lat' dir='ltr'>Eugenio</span> <span class='ocrx_word' id='word_1_3' title='bbox 1415 204 1461 286; x_wconf 92' lang='lat' dir='ltr'><em>I</em></span> <span class='ocrx_word' id='word_1_4' title='bbox 1491 205 1594 287; x_wconf 87' lang='lat' dir='ltr'>V·</span> 
     </span>
    </p>
   </div>
   <div class='ocr_carea' id='block_1_2' title="bbox 215 351 1202 1828">
    <p class='ocr_par' dir='ltr' id='par_1_2' title="bbox 223 351 1202 766">
     <span class='ocr_line' id='line_1_2' title="bbox 235 351 1197 412; baseline -0.002 -12"><span class='ocrx_word' id='word_1_5' title='bbox 235 355 430 404; x_wconf 80' lang='lat' dir='ltr'>relatione</span> <span class='ocrx_word' id='word_1_6' title='bbox 440 352 622 407; x_wconf 82' lang='lat' dir='ltr'>fideli,de</span> <span class='ocrx_word' id='word_1_7' title='bbox 634 351 855 398; x_wconf 76' lang='lat' dir='ltr'>mandante</span> <span class='ocrx_word' id='word_1_8' title='bbox 870 353 1197 412; x_wconf 85' lang='lat' dir='ltr'>nostro,jurisque</span> 
     </span>
     <span class='ocr_line' id='line_1_3' title="bbox 233 413 1194 474; baseline -0.004 -15"><span class='ocrx_word' id='word_1_9' title='bbox 233 419 489 474; x_wconf 86' lang='lat' dir='ltr'>peritorum,</span> <span class='ocrx_word' id='word_1_10' title='bbox 519 428 676 458; x_wconf 88' lang='lat' dir='ltr'>necnon</span> <span class='ocrx_word' id='word_1_11' title='bbox 703 413 972 470; x_wconf 86' lang='lat' dir='ltr'>plurimorum</span> <span class='ocrx_word' id='word_1_12' title='bbox 1007 415 1047 455; x_wconf 91' lang='lat' dir='ltr'>in</span> <span class='ocrx_word' id='word_1_13' title='bbox 1068 418 1194 458; x_wconf 87' lang='lat' dir='ltr'>Sacra</span> 
     </span>
     <span class='ocr_line' id='line_1_4' title="bbox 234 469 1193 531; baseline -0.004 -13"><span class='ocrx_word' id='word_1_14' title='bbox 234 472 461 528; x_wconf 76' lang='lat' dir='ltr'>‘theologia</span> <span class='ocrx_word' id='word_1_15' title='bbox 474 472 756 531; x_wconf 83' lang='lat' dir='ltr'>Magistromm</span> <span class='ocrx_word' id='word_1_16' title='bbox 781 470 951 514; x_wconf 86' lang='lat' dir='ltr'>confilio</span> <span class='ocrx_word' id='word_1_17' title='bbox 967 497 983 522; x_wconf 87' lang='lat'>‚</span> <span class='ocrx_word' id='word_1_18' title='bbox 1012 474 1052 513; x_wconf 87' lang='lat'>&amp;</span> <span class='ocrx_word' id='word_1_19' title='bbox 1069 469 1193 515; x_wconf 79' lang='lat' dir='ltr'>aisen-</span> 
     </span>
     <span class='ocr_line' id='line_1_5' title="bbox 229 528 1192 588; baseline -0.004 -14"><span class='ocrx_word' id='word_1_20' title='bbox 229 531 301 582; x_wconf 81' lang='lat' dir='ltr'>su‚</span> <span class='ocrx_word' id='word_1_21' title='bbox 331 545 405 588; x_wconf 89' lang='lat' dir='ltr'>per</span> <span class='ocrx_word' id='word_1_22' title='bbox 438 529 547 574; x_wconf 88' lang='lat' dir='ltr'>suam</span> <span class='ocrx_word' id='word_1_23' title='bbox 569 529 818 575; x_wconf 82' lang='lat' dir='ltr'>definitivam</span> <span class='ocrx_word' id='word_1_24' title='bbox 842 528 1081 572; x_wconf 88' lang='lat' dir='ltr'>sententiam</span> <span class='ocrx_word' id='word_1_25' title='bbox 1095 543 1192 585; x_wconf 91' lang='lat' dir='ltr'>pro-</span> 
     </span>
     <span class='ocr_line' id='line_1_6' title="bbox 233 586 1191 643; baseline -0.007 -9"><span class='ocrx_word' id='word_1_26' title='bbox 233 590 446 634; x_wconf 73' lang='lat' dir='ltr'>nunciavit</span> <span class='ocrx_word' id='word_1_27' title='bbox 461 619 476 642; x_wconf 85' lang='lat'><strong>,</strong></span> <span class='ocrx_word' id='word_1_28' title='bbox 511 589 696 634; x_wconf 78' lang='lat' dir='ltr'>decrevit</span> <span class='ocrx_word' id='word_1_29' title='bbox 715 618 732 643; x_wconf 87' lang='lat'><strong>,</strong></span> <span class='ocrx_word' id='word_1_30' title='bbox 743 591 784 632; x_wconf 83' lang='lat'>&amp;</span> <span class='ocrx_word' id='word_1_31' title='bbox 795 586 1026 631; x_wconf 78' lang='lat' dir='ltr'>declaravit</span> <span class='ocrx_word' id='word_1_32' title='bbox 1039 613 1055 636; x_wconf 79' lang='lat'>‚</span> <span class='ocrx_word' id='word_1_33' title='bbox 1069 596 1191 643; x_wconf 92' lang='lat' dir='ltr'>prout</span> 
     </span>
     <span class='ocr_line' id='line_1_7' title="bbox 226 646 1188 706; baseline -0.006 -13"><span class='ocrx_word' id='word_1_34' title='bbox 226 650 313 693; x_wconf 73' lang='lat' dir='ltr'>haec</span> <span class='ocrx_word' id='word_1_35' title='bbox 341 647 476 693; x_wconf 89' lang='lat' dir='ltr'>omnia</span> <span class='ocrx_word' id='word_1_36' title='bbox 492 650 533 692; x_wconf 83' lang='lat' dir='ltr'>in</span> <span class='ocrx_word' id='word_1_37' title='bbox 546 647 689 694; x_wconf 81' lang='lat' dir='ltr'>libeuo</span> <span class='ocrx_word' id='word_1_38' title='bbox 700 661 773 706; x_wconf 84' lang='lat' dir='ltr'>per</span> <span class='ocrx_word' id='word_1_39' title='bbox 784 646 937 691; x_wconf 69' lang='lat' dir='ltr'>dietum</span> <span class='ocrx_word' id='word_1_40' title='bbox 958 647 1188 689; x_wconf 81' lang='lat' dir='ltr'>Venturam</span> 
     </span>
     <span class='ocr_line' id='line_1_8' title="bbox 223 703 1202 766; baseline -0.007 -13"><span class='ocrx_word' id='word_1_41' title='bbox 223 710 549 753; x_wconf 73' lang='lat' dir='ltr'>Procuratorem</span> <span class='ocrx_word' id='word_1_42' title='bbox 564 709 604 752; x_wconf 85' lang='lat' dir='ltr'>in</span> <span class='ocrx_word' id='word_1_43' title='bbox 620 705 850 766; x_wconf 83' lang='lat' dir='ltr'>hujusmodi</span> <span class='ocrx_word' id='word_1_44' title='bbox 862 703 977 748; x_wconf 73' lang='lat' dir='ltr'>causa</span> <span class='ocrx_word' id='word_1_45' title='bbox 992 705 1175 749; x_wconf 84' lang='lat' dir='ltr'>exhibito</span> <span class='ocrx_word' id='word_1_46' title='bbox 1185 735 1202 758; x_wconf 89' lang='lat'>,</span> 
     </span>
    </p>

    <p class='ocr_par' dir='ltr' id='par_1_3' title="bbox 215 764 1201 1828">
     <span class='ocr_line' id='line_1_9' title="bbox 253 764 1199 821; baseline -0.004 -11"><span class='ocrx_word' id='word_1_47' title='bbox 253 767 352 811; x_wconf 91' lang='lat' dir='ltr'>etita</span> <span class='ocrx_word' id='word_1_48' title='bbox 366 767 525 812; x_wconf 75' lang='lat' dir='ltr'>fixerant</span> <span class='ocrx_word' id='word_1_49' title='bbox 543 795 559 821; x_wconf 89' lang='lat'><strong>,</strong></span> <span class='ocrx_word' id='word_1_50' title='bbox 585 765 807 811; x_wconf 88' lang='lat' dir='ltr'>nonnullos</span> <span class='ocrx_word' id='word_1_51' title='bbox 819 765 1020 809; x_wconf 68' lang='lat' dir='ltr'>dictorum</span> <span class='ocrx_word' id='word_1_52' title='bbox 1032 764 1199 808; x_wconf 81' lang='lat' dir='ltr'>Articu-</span> 
     </span>
     <span class='ocr_line' id='line_1_10' title="bbox 222 779 1193 883; baseline -0.002 -15"><span class='ocrx_word' id='word_1_53' title='bbox 222 779 386 880; x_wconf 52' lang='lat' dir='ltr'>lorum,</span> <span class='ocrx_word' id='word_1_54' title='bbox 414 840 515 883; x_wconf 87' lang='lat' dir='ltr'>quos</span> <span class='ocrx_word' id='word_1_55' title='bbox 528 827 658 871; x_wconf 70' lang='lat' dir='ltr'>dietus</span> <span class='ocrx_word' id='word_1_56' title='bbox 682 825 821 883; x_wconf 83' lang='lat' dir='ltr'><strong>Philip</strong></span> <span class='ocrx_word' id='word_1_57' title='bbox 851 838 896 868; x_wconf 90' lang='lat' dir='ltr'>us</span> <span class='ocrx_word' id='word_1_58' title='bbox 922 824 1130 883; x_wconf 80' lang='lat' dir='ltr'>protulit,</span> <span class='ocrx_word' id='word_1_59' title='bbox 1152 825 1193 866; x_wconf 89' lang='lat'>&amp;</span> 
     </span>
     <span class='ocr_line' id='line_1_11' title="bbox 221 880 1192 942; baseline -0.001 -15"><span class='ocrx_word' id='word_1_60' title='bbox 221 885 486 942; x_wconf 68' lang='lat' dir='ltr'>praedicavit,</span> <span class='ocrx_word' id='word_1_61' title='bbox 512 885 624 930; x_wconf 79' lang='lat' dir='ltr'>fuisse</span> <span class='ocrx_word' id='word_1_62' title='bbox 653 886 696 928; x_wconf 76' lang='grc' dir='ltr'>δε</span> <span class='ocrx_word' id='word_1_63' title='bbox 718 880 794 930; x_wconf 80' lang='lat' dir='ltr'>effe</span> <span class='ocrx_word' id='word_1_64' title='bbox 822 883 954 938; x_wconf 80' lang='lat' dir='ltr'>allbs,</span> <span class='ocrx_word' id='word_1_65' title='bbox 978 882 1192 927; x_wconf 83' lang='lat' dir='ltr'>scandalo·</span> 
     </span>
     <span class='ocr_line' id='line_1_12' title="bbox 220 939 1184 1002; baseline 0.002 -18"><span class='ocrx_word' id='word_1_66' title='bbox 220 941 316 996; x_wconf 84' lang='lat' dir='ltr'>sos,</span> <span class='ocrx_word' id='word_1_67' title='bbox 339 939 583 998; x_wconf 80' lang='lat' dir='ltr'>injuriosos,</span> <span class='ocrx_word' id='word_1_68' title='bbox 613 944 870 1002; x_wconf 80' lang='lat' dir='ltr'>blasphemos</span> <span class='ocrx_word' id='word_1_69' title='bbox 897 971 913 995; x_wconf 81' lang='lat'>,</span> <span class='ocrx_word' id='word_1_70' title='bbox 946 941 1184 995; x_wconf 78' lang='lat' dir='ltr'>seditiosos,</span> 
     </span>
     <span class='ocr_line' id='line_1_13' title="bbox 218 1000 1187 1063; baseline -0.001 -18"><span class='ocrx_word' id='word_1_71' title='bbox 218 1000 413 1059; x_wconf 86' lang='lat' dir='ltr'>quosdam</span> <span class='ocrx_word' id='word_1_72' title='bbox 430 1016 627 1046; x_wconf 83' lang='lat' dir='ltr'>erroneos</span> <span class='ocrx_word' id='word_1_73' title='bbox 643 1032 659 1057; x_wconf 88' lang='lat'>,</span> <span class='ocrx_word' id='word_1_74' title='bbox 670 1004 864 1063; x_wconf 82' lang='lat' dir='ltr'>quosdam</span> <span class='ocrx_word' id='word_1_75' title='bbox 879 1006 981 1047; x_wconf 75' lang='lat' dir='ltr'>verb</span> <span class='ocrx_word' id='word_1_76' title='bbox 994 1003 1097 1047; x_wconf 82' lang='lat' dir='ltr'>alios</span> <span class='ocrx_word' id='word_1_77' title='bbox 1111 1003 1187 1044; x_wconf 89' lang='lat' dir='ltr'>da-</span> 
     </span>
     <span class='ocr_line' id='line_1_14' title="bbox 218 1062 1185 1120; baseline 0.003 -17"><span class='ocrx_word' id='word_1_78' title='bbox 218 1068 383 1105; x_wconf 86' lang='lat' dir='ltr'>mnatos</span> <span class='ocrx_word' id='word_1_79' title='bbox 395 1088 409 1112; x_wconf 87' lang='lat'>‚</span> <span class='ocrx_word' id='word_1_80' title='bbox 422 1064 463 1106; x_wconf 74' lang='lat' dir='ltr'>Ge.</span> <span class='ocrx_word' id='word_1_81' title='bbox 491 1062 755 1120; x_wconf 73' lang='lat' dir='ltr'>reprobatos,</span> <span class='ocrx_word' id='word_1_82' title='bbox 766 1062 941 1120; x_wconf 90' lang='lat' dir='ltr'>illosque</span> <span class='ocrx_word' id='word_1_83' title='bbox 958 1063 1091 1107; x_wconf 81' lang='lat' dir='ltr'>Dei&amp;</span> <span class='ocrx_word' id='word_1_84' title='bbox 1103 1063 1185 1106; x_wconf 84' lang='lat' dir='ltr'>Ec-</span> 
     </span>
     <span class='ocr_line' id='line_1_15' title="bbox 218 1119 1184 1180; baseline 0.001 -17"><span class='ocrx_word' id='word_1_85' title='bbox 218 1119 346 1164; x_wconf 85' lang='lat' dir='ltr'>elefiae</span> <span class='ocrx_word' id='word_1_86' title='bbox 372 1124 551 1174; x_wconf 71' lang='lat' dir='ltr'>Sanc‘tae,</span> <span class='ocrx_word' id='word_1_87' title='bbox 566 1137 614 1165; x_wconf 91' lang='lat' dir='ltr'>ac</span> <span class='ocrx_word' id='word_1_88' title='bbox 625 1124 865 1167; x_wconf 64' lang='lat' dir='ltr'>Sanaorum</span> <span class='ocrx_word' id='word_1_89' title='bbox 889 1124 1149 1180; x_wconf 84' lang='lat' dir='ltr'>ignominiam</span> <span class='ocrx_word' id='word_1_90' title='bbox 1168 1148 1184 1173; x_wconf 84' lang='lat'>,</span> 
     </span>
     <span class='ocr_line' id='line_1_16' title="bbox 218 1176 1184 1239; baseline 0.004 -19"><span class='ocrx_word' id='word_1_91' title='bbox 218 1191 268 1220; x_wconf 77' lang='lat' dir='ltr'>aa</span> <span class='ocrx_word' id='word_1_92' title='bbox 281 1177 467 1224; x_wconf 80' lang='lat' dir='ltr'>dedecus</span> <span class='ocrx_word' id='word_1_93' title='bbox 478 1206 494 1230; x_wconf 87' lang='lat'>‚</span> <span class='ocrx_word' id='word_1_94' title='bbox 515 1181 557 1223; x_wconf 85' lang='lat'>&amp;</span> <span class='ocrx_word' id='word_1_95' title='bbox 570 1176 823 1225; x_wconf 75' lang='lat' dir='ltr'>manifestam</span> <span class='ocrx_word' id='word_1_96' title='bbox 837 1182 1013 1227; x_wconf 80' lang='lat' dir='ltr'>haerefim</span> <span class='ocrx_word' id='word_1_97' title='bbox 1027 1182 1184 1239; x_wconf 82' lang='lat' dir='ltr'>sapere,</span> 
     </span>
     <span class='ocr_line' id='line_1_17' title="bbox 218 1236 1183 1299; baseline 0.003 -19"><span class='ocrx_word' id='word_1_98' title='bbox 218 1238 263 1280; x_wconf 67' lang='grc' dir='ltr'>ἀ</span> <span class='ocrx_word' id='word_1_99' title='bbox 278 1236 500 1282; x_wconf 82' lang='lat' dir='ltr'>multarum</span> <span class='ocrx_word' id='word_1_100' title='bbox 511 1238 739 1284; x_wconf 81' lang='lat' dir='ltr'>animarum</span> <span class='ocrx_word' id='word_1_101' title='bbox 762 1240 992 1296; x_wconf 88' lang='lat' dir='ltr'>periculum</span> <span class='ocrx_word' id='word_1_102' title='bbox 1014 1254 1183 1299; x_wconf 79' lang='lat' dir='ltr'>genera·</span> 
     </span>
     <span class='ocr_line' id='line_1_18' title="bbox 215 1295 1187 1358; baseline -0.001 -18"><span class='ocrx_word' id='word_1_103' title='bbox 215 1309 290 1350; x_wconf 73' lang='lat' dir='ltr'>re,</span> <span class='ocrx_word' id='word_1_104' title='bbox 313 1295 551 1354; x_wconf 67' lang='lat' dir='ltr'>dictumque</span> <span class='ocrx_word' id='word_1_105' title='bbox 580 1298 847 1356; x_wconf 83' lang='lat' dir='ltr'>Philippum,</span> <span class='ocrx_word' id='word_1_106' title='bbox 872 1301 913 1342; x_wconf 88' lang='lat'>&amp;</span> <span class='ocrx_word' id='word_1_107' title='bbox 934 1300 1022 1358; x_wconf 85' lang='lat' dir='ltr'>ejus</span> <span class='ocrx_word' id='word_1_108' title='bbox 1048 1298 1187 1356; x_wconf 70' lang='lat' dir='ltr'>{equa-</span> 
     </span>
     <span class='ocr_line' id='line_1_19' title="bbox 217 1357 1188 1415; baseline -0.002 -15"><span class='ocrx_word' id='word_1_109' title='bbox 217 1367 288 1400; x_wconf 84' lang='lat' dir='ltr'>ces</span> <span class='ocrx_word' id='word_1_110' title='bbox 313 1383 330 1407; x_wconf 90' lang='lat'>,</span> <span class='ocrx_word' id='word_1_111' title='bbox 359 1365 546 1400; x_wconf 81' lang='lat' dir='ltr'>errantes</span> <span class='ocrx_word' id='word_1_112' title='bbox 571 1382 587 1405; x_wconf 85' lang='lat'><strong>‚</strong></span> <span class='ocrx_word' id='word_1_113' title='bbox 616 1358 831 1402; x_wconf 76' lang='lat' dir='ltr'>mendaces</span> <span class='ocrx_word' id='word_1_114' title='bbox 859 1359 901 1402; x_wconf 71' lang='lat' dir='ltr'>Ge</span> <span class='ocrx_word' id='word_1_115' title='bbox 925 1359 965 1401; x_wconf 89' lang='lat' dir='ltr'>in</span> <span class='ocrx_word' id='word_1_116' title='bbox 994 1357 1188 1415; x_wconf 75' lang='lat' dir='ltr'>praedietis</span> 
     </span>
     <span class='ocr_line' id='line_1_20' title="bbox 217 1412 1188 1473; baseline -0.001 -15"><span class='ocrx_word' id='word_1_117' title='bbox 217 1412 472 1459; x_wconf 85' lang='lat' dir='ltr'>scandalosos</span> <span class='ocrx_word' id='word_1_118' title='bbox 507 1444 522 1468; x_wconf 88' lang='lat'><strong>,</strong></span> <span class='ocrx_word' id='word_1_119' title='bbox 560 1416 599 1458; x_wconf 81' lang='grc' dir='ltr'>δι</span> <span class='ocrx_word' id='word_1_120' title='bbox 623 1418 648 1462; x_wconf 69' lang='lat' dir='ltr'>a</span> <span class='ocrx_word' id='word_1_121' title='bbox 676 1416 862 1461; x_wconf 75' lang='lat' dir='ltr'>decretis</span> <span class='ocrx_word' id='word_1_122' title='bbox 887 1416 1088 1461; x_wconf 87' lang='lat' dir='ltr'>ordinatis</span> <span class='ocrx_word' id='word_1_123' title='bbox 1115 1429 1188 1473; x_wconf 86' lang='lat' dir='ltr'>per</span> 
     </span>
     <span class='ocr_line' id='line_1_21' title="bbox 217 1473 1188 1532; baseline 0.003 -14"><span class='ocrx_word' id='word_1_124' title='bbox 217 1475 448 1519; x_wconf 80' lang='lat' dir='ltr'>Romanam</span> <span class='ocrx_word' id='word_1_125' title='bbox 474 1473 731 1529; x_wconf 70' lang='lat' dir='ltr'>Ecclesiam,</span> <span class='ocrx_word' id='word_1_126' title='bbox 760 1477 802 1520; x_wconf 73' lang='grc' dir='ltr'>δι</span> <span class='ocrx_word' id='word_1_127' title='bbox 819 1477 1092 1532; x_wconf 79' lang='lat' dir='ltr'>Apostolicam</span> <span class='ocrx_word' id='word_1_128' title='bbox 1120 1480 1188 1521; x_wconf 88' lang='lat' dir='ltr'>Sc-</span> 
     </span>
     <span class='ocr_line' id='line_1_22' title="bbox 222 1531 1198 1590; baseline 0.002 -15"><span class='ocrx_word' id='word_1_129' title='bbox 222 1531 350 1588; x_wconf 82' lang='lat' dir='ltr'>dem,</span> <span class='ocrx_word' id='word_1_130' title='bbox 379 1535 430 1577; x_wconf 94' lang='lat' dir='ltr'>ab</span> <span class='ocrx_word' id='word_1_131' title='bbox 457 1533 637 1590; x_wconf 82' lang='lat' dir='ltr'>expressa</span> <span class='ocrx_word' id='word_1_132' title='bbox 663 1536 704 1578; x_wconf 86' lang='lat'>&amp;</span> <span class='ocrx_word' id='word_1_133' title='bbox 721 1535 899 1579; x_wconf 82' lang='lat' dir='ltr'>evidenti</span> <span class='ocrx_word' id='word_1_134' title='bbox 925 1535 1101 1580; x_wconf 88' lang='lat' dir='ltr'>veritate</span> <span class='ocrx_word' id='word_1_135' title='bbox 1123 1536 1198 1578; x_wconf 90' lang='lat' dir='ltr'>de-</span> 
     </span>
     <span class='ocr_line' id='line_1_23' title="bbox 216 1592 1198 1647; baseline 0.005 -14"><span class='ocrx_word' id='word_1_136' title='bbox 216 1592 308 1641; x_wconf 81' lang='lat' dir='ltr'>vios</span> <span class='ocrx_word' id='word_1_137' title='bbox 333 1621 350 1647; x_wconf 82' lang='lat'><strong>,</strong></span> <span class='ocrx_word' id='word_1_138' title='bbox 388 1595 431 1636; x_wconf 77' lang='grc' dir='ltr'>δι</span> <span class='ocrx_word' id='word_1_139' title='bbox 480 1592 603 1637; x_wconf 82' lang='lat' dir='ltr'>alios·</span> <span class='ocrx_word' id='word_1_140' title='bbox 633 1593 849 1640; x_wconf 67' lang='lat' dir='ltr'>assertores</span> <span class='ocrx_word' id='word_1_141' title='bbox 899 1596 941 1639; x_wconf 74' lang='grc' dir='ltr'>δι</span> <span class='ocrx_word' id='word_1_142' title='bbox 995 1594 1198 1639; x_wconf 82' lang='lat' dir='ltr'>Praedica-</span> 
     </span>
     <span class='ocr_line' id='line_1_24' title="bbox 215 1651 1201 1708; baseline 0.006 -16"><span class='ocrx_word' id='word_1_143' title='bbox 215 1658 330 1704; x_wconf 57' lang='lat' dir='ltr'>fiores</span> <span class='ocrx_word' id='word_1_144' title='bbox 384 1651 684 1704; x_wconf 79' lang='lat' dir='ltr'>nonnullorum</span> <span class='ocrx_word' id='word_1_145' title='bbox 708 1669 778 1698; x_wconf 72' lang='lat' dir='ltr'>vex</span> <span class='ocrx_word' id='word_1_146' title='bbox 814 1653 933 1699; x_wconf 64' lang='lat' dir='ltr'>dietis</span> <span class='ocrx_word' id='word_1_147' title='bbox 970 1654 1172 1699; x_wconf 83' lang='lat' dir='ltr'>Articulis</span> <span class='ocrx_word' id='word_1_148' title='bbox 1186 1684 1201 1708; x_wconf 85' lang='lat'>‚</span> 
     </span>
     <span class='ocr_line' id='line_1_25' title="bbox 216 1707 1200 1770; baseline 0.005 -15"><span class='ocrx_word' id='word_1_149' title='bbox 216 1707 332 1770; x_wconf 77' lang='lat' dir='ltr'>juxta</span> <span class='ocrx_word' id='word_1_150' title='bbox 343 1710 518 1755; x_wconf 84' lang='lat' dir='ltr'>Decreta</span> <span class='ocrx_word' id='word_1_151' title='bbox 542 1712 802 1769; x_wconf 87' lang='lat' dir='ltr'>quorundam</span> <span class='ocrx_word' id='word_1_152' title='bbox 822 1711 1200 1760; x_wconf 51' lang='lat' dir='ltr'>Proedecefforum„</span> 
     </span>
     <span class='ocr_line' id='line_1_26' title="bbox 218 1767 1196 1828; baseline -0.002 -12"><span class='ocrx_word' id='word_1_153' title='bbox 218 1767 448 1816; x_wconf 77' lang='lat' dir='ltr'>nostrorum</span> <span class='ocrx_word' id='word_1_154' title='bbox 473 1779 661 1828; x_wconf 76' lang='lat' dir='ltr'>tanquam</span> <span class='ocrx_word' id='word_1_155' title='bbox 690 1772 902 1820; x_wconf 66' lang='lat' dir='ltr'>hereticos</span> <span class='ocrx_word' id='word_1_156' title='bbox 939 1770 1015 1818; x_wconf 81' lang='lat' dir='ltr'>effe</span> <span class='ocrx_word' id='word_1_157' title='bbox 1028 1777 1196 1818; x_wconf 87' lang='lat' dir='ltr'>censen-</span> 
     </span>
    </p>
   </div>
   <div class='ocr_carea' id='block_1_3' title="bbox 218 1826 1194 1888">
    <p class='ocr_par' dir='ltr' id='par_1_4' title="bbox 218 1826 1194 1888">
     <span class='ocr_line' id='line_1_27' title="bbox 218 1826 1194 1888; baseline 0.001 -12"><span class='ocrx_word' id='word_1_158' title='bbox 218 1826 312 1881; x_wconf 60' lang='lat' dir='ltr'>dos»</span> <span class='ocrx_word' id='word_1_159' title='bbox 326 1830 366 1876; x_wconf 66' lang='grc' dir='ltr'>ἃ</span> <span class='ocrx_word' id='word_1_160' title='bbox 377 1840 421 1872; x_wconf 87' lang='lat' dir='ltr'>ut</span> <span class='ocrx_word' id='word_1_161' title='bbox 433 1828 535 1873; x_wconf 80' lang='lat' dir='ltr'>tales</span> <span class='ocrx_word' id='word_1_162' title='bbox 551 1831 850 1888; x_wconf 81' lang='lat' dir='ltr'>reprobandos,</span> <span class='ocrx_word' id='word_1_163' title='bbox 861 1834 904 1877; x_wconf 73' lang='grc' dir='ltr'>δι</span> <span class='ocrx_word' id='word_1_164' title='bbox 915 1832 1168 1877; x_wconf 80' lang='lat' dir='ltr'>damnandos</span> <span class='ocrx_word' id='word_1_165' title='bbox 1179 1861 1194 1885; x_wconf 85' lang='lat'><strong>,</strong></span> 
     </span>
    </p>
   </div>
   <div class='ocr_carea' id='block_1_4' title="bbox 208 1887 1187 1939">
    <p class='ocr_par' dir='ltr' id='par_1_5' title="bbox 208 1887 1187 1939">
     <span class='ocr_line' id='line_1_28' title="bbox 208 1887 1187 1939; baseline 0.004 -7"><span class='ocrx_word' id='word_1_166' title='bbox 208 1887 262 1939; x_wconf 71' lang='grc' dir='ltr'>,δι</span> <span class='ocrx_word' id='word_1_167' title='bbox 296 1887 562 1933; x_wconf 65' lang='lat' dir='ltr'>ali-omnibus</span> <span class='ocrx_word' id='word_1_168' title='bbox 603 1890 946 1938; x_wconf 80' lang='lat' dir='ltr'>Christilidelibus</span> <span class='ocrx_word' id='word_1_169' title='bbox 971 1893 1187 1937; x_wconf 82' lang='lat' dir='ltr'>evitandos</span> 
     </span>
    </p>
   </div>
   <div class='ocr_carea' id='block_1_5' title="bbox 205 1944 1189 3896">
    <p class='ocr_par' dir='ltr' id='par_1_6' title="bbox 205 1944 1189 3896">
     <span class='ocr_line' id='line_1_29' title="bbox 220 1944 1188 2003; baseline 0.009 -17"><span class='ocrx_word' id='word_1_170' title='bbox 220 1944 314 1986; x_wconf 84' lang='lat' dir='ltr'>fore</span> <span class='ocrx_word' id='word_1_171' title='bbox 339 1970 355 1995; x_wconf 83' lang='lat'>,</span> <span class='ocrx_word' id='word_1_172' title='bbox 383 1959 431 1988; x_wconf 82' lang='lat' dir='ltr'>ac</span> <span class='ocrx_word' id='word_1_173' title='bbox 458 1946 671 2000; x_wconf 86' lang='lat' dir='ltr'>reprobari</span> <span class='ocrx_word' id='word_1_174' title='bbox 700 1976 716 2000; x_wconf 87' lang='lat'><strong>‚</strong></span> <span class='ocrx_word' id='word_1_175' title='bbox 738 1950 950 2003; x_wconf 81' lang='lat' dir='ltr'>damnari,</span> <span class='ocrx_word' id='word_1_176' title='bbox 972 1953 1016 1995; x_wconf 72' lang='grc' dir='ltr'>δι</span> <span class='ocrx_word' id='word_1_177' title='bbox 1040 1952 1188 1995; x_wconf 79' lang='lat' dir='ltr'>evitari</span> 
     </span>
     <span class='ocr_line' id='line_1_30' title="bbox 218 2001 1189 2062; baseline 0.002 -16"><span class='ocrx_word' id='word_1_178' title='bbox 218 2001 372 2048; x_wconf 79' lang='lat' dir='ltr'>debere</span> <span class='ocrx_word' id='word_1_179' title='bbox 388 2031 401 2046; x_wconf 87' lang='lat'><strong>.</strong></span> <span class='ocrx_word' id='word_1_180' title='bbox 432 2001 544 2060; x_wconf 83' lang='lat' dir='ltr'>Ipsos</span> <span class='ocrx_word' id='word_1_181' title='bbox 560 2003 686 2058; x_wconf 83' lang='lat' dir='ltr'>igitur</span> <span class='ocrx_word' id='word_1_182' title='bbox 701 2006 959 2061; x_wconf 78' lang='lat' dir='ltr'>Philippum,</span> <span class='ocrx_word' id='word_1_183' title='bbox 982 2009 1022 2048; x_wconf 83' lang='lat'>&amp;</span> <span class='ocrx_word' id='word_1_184' title='bbox 1036 2013 1189 2062; x_wconf 87' lang='lat' dir='ltr'>Sequa-</span> 
     </span>
     <span class='ocr_line' id='line_1_31' title="bbox 217 2060 1187 2121; baseline 0.001 -16"><span class='ocrx_word' id='word_1_185' title='bbox 217 2075 288 2106; x_wconf 75' lang='lat' dir='ltr'>ees</span> <span class='ocrx_word' id='word_1_186' title='bbox 302 2089 318 2114; x_wconf 82' lang='lat'><strong>,</strong></span> <span class='ocrx_word' id='word_1_187' title='bbox 347 2061 374 2106; x_wconf 79' lang='lat' dir='ltr'>fi</span> <span class='ocrx_word' id='word_1_188' title='bbox 389 2060 441 2106; x_wconf 90' lang='lat' dir='ltr'>de</span> <span class='ocrx_word' id='word_1_189' title='bbox 457 2071 607 2105; x_wconf 66' lang='lat' dir='ltr'>cratero</span> <span class='ocrx_word' id='word_1_190' title='bbox 619 2074 763 2106; x_wconf 88' lang='lat' dir='ltr'>contra</span> <span class='ocrx_word' id='word_1_191' title='bbox 777 2063 1007 2121; x_wconf 89' lang='lat' dir='ltr'>hujusmodi</span> <span class='ocrx_word' id='word_1_192' title='bbox 1027 2062 1187 2108; x_wconf 87' lang='lat' dir='ltr'>senten·</span> 
     </span>
     <span class='ocr_line' id='line_1_32' title="bbox 218 2119 1187 2174; baseline -0.001 -10"><span class='ocrx_word' id='word_1_193' title='bbox 218 2120 320 2164; x_wconf 75' lang='lat' dir='ltr'>tiam</span> <span class='ocrx_word' id='word_1_194' title='bbox 335 2148 352 2174; x_wconf 75' lang='lat'>,</span> <span class='ocrx_word' id='word_1_195' title='bbox 372 2122 414 2163; x_wconf 74' lang='grc' dir='ltr'>δι</span> <span class='ocrx_word' id='word_1_196' title='bbox 429 2119 749 2165; x_wconf 81' lang='lat' dir='ltr'>declarationem</span> <span class='ocrx_word' id='word_1_197' title='bbox 775 2121 930 2167; x_wconf 68' lang='lat' dir='ltr'>directe</span> <span class='ocrx_word' id='word_1_198' title='bbox 943 2147 958 2169; x_wconf 87' lang='lat'>‚</span> <span class='ocrx_word' id='word_1_199' title='bbox 991 2122 1053 2165; x_wconf 84' lang='lat' dir='ltr'>vel</span> <span class='ocrx_word' id='word_1_200' title='bbox 1083 2123 1187 2164; x_wconf 86' lang='lat' dir='ltr'>indi·</span> 
     </span>
     <span class='ocr_line' id='line_1_33' title="bbox 219 2175 1186 2232; baseline 0.002 -14"><span class='ocrx_word' id='word_1_201' title='bbox 219 2177 331 2221; x_wconf 62' lang='grc' dir='ltr'>ιεέἓὲ</span> <span class='ocrx_word' id='word_1_202' title='bbox 345 2204 362 2228; x_wconf 83' lang='lat'><strong>,</strong></span> <span class='ocrx_word' id='word_1_203' title='bbox 382 2175 573 2232; x_wconf 62' lang='lat' dir='ltr'>publice,</span> <span class='ocrx_word' id='word_1_204' title='bbox 599 2178 663 2219; x_wconf 73' lang='lat' dir='ltr'>vel</span> <span class='ocrx_word' id='word_1_205' title='bbox 688 2177 855 2219; x_wconf 77' lang='lat' dir='ltr'>occulte</span> <span class='ocrx_word' id='word_1_206' title='bbox 869 2204 886 2228; x_wconf 80' lang='lat'>‚</span> <span class='ocrx_word' id='word_1_207' title='bbox 909 2180 1053 2232; x_wconf 81' lang='lat' dir='ltr'>quovis</span> <span class='ocrx_word' id='word_1_208' title='bbox 1078 2193 1186 2232; x_wconf 83' lang='lat' dir='ltr'>quae-</span> 
     </span>
     <span class='ocr_line' id='line_1_34' title="bbox 211 2231 1185 2290; baseline -0.001 -13"><span class='ocrx_word' id='word_1_209' title='bbox 211 2233 291 2278; x_wconf 80' lang='lat' dir='ltr'>fito</span> <span class='ocrx_word' id='word_1_210' title='bbox 309 2231 454 2277; x_wconf 87' lang='lat' dir='ltr'>colore</span> <span class='ocrx_word' id='word_1_211' title='bbox 482 2232 621 2276; x_wconf 83' lang='lat' dir='ltr'>venire</span> <span class='ocrx_word' id='word_1_212' title='bbox 650 2232 939 2290; x_wconf 62' lang='lat' dir='ltr'>presumpserit</span> <span class='ocrx_word' id='word_1_213' title='bbox 957 2263 973 2287; x_wconf 87' lang='lat'>‚</span> <span class='ocrx_word' id='word_1_214' title='bbox 1001 2232 1068 2277; x_wconf 79' lang='lat' dir='ltr'>vel</span> <span class='ocrx_word' id='word_1_215' title='bbox 1083 2248 1185 2290; x_wconf 86' lang='lat' dir='ltr'>prae-</span> 
     </span>
     <span class='ocr_line' id='line_1_35' title="bbox 212 2289 1184 2351; baseline 0 -15"><span class='ocrx_word' id='word_1_216' title='bbox 212 2289 482 2351; x_wconf 78' lang='lat' dir='ltr'>sumpserint,</span> <span class='ocrx_word' id='word_1_217' title='bbox 509 2303 557 2333; x_wconf 87' lang='lat' dir='ltr'>ac</span> <span class='ocrx_word' id='word_1_218' title='bbox 587 2291 657 2335; x_wconf 80' lang='lat' dir='ltr'>nili</span> <span class='ocrx_word' id='word_1_219' title='bbox 684 2291 816 2336; x_wconf 66' lang='lat' dir='ltr'>dinus</span> <span class='ocrx_word' id='word_1_220' title='bbox 843 2291 1055 2350; x_wconf 85' lang='lat' dir='ltr'>Philippus</span> <span class='ocrx_word' id='word_1_221' title='bbox 1114 2306 1184 2336; x_wconf 85' lang='lat' dir='ltr'>rae·</span> 
     </span>
     <span class='ocr_line' id='line_1_36' title="bbox 211 2348 1180 2409; baseline 0.001 -12"><span class='ocrx_word' id='word_1_222' title='bbox 211 2349 316 2397; x_wconf 74' lang='lat' dir='ltr'>fatos</span> <span class='ocrx_word' id='word_1_223' title='bbox 329 2348 545 2396; x_wconf 80' lang='lat' dir='ltr'>Articulos</span> <span class='ocrx_word' id='word_1_224' title='bbox 562 2376 578 2400; x_wconf 82' lang='lat'><strong>,</strong></span> <span class='ocrx_word' id='word_1_225' title='bbox 593 2351 827 2409; x_wconf 89' lang='lat' dir='ltr'>ubicunque</span> <span class='ocrx_word' id='word_1_226' title='bbox 852 2351 948 2396; x_wconf 92' lang='lat' dir='ltr'>illos</span> <span class='ocrx_word' id='word_1_227' title='bbox 976 2352 1055 2409; x_wconf 76' lang='lat' dir='ltr'>legi</span> <span class='ocrx_word' id='word_1_228' title='bbox 1088 2369 1150 2398; x_wconf 67' lang='grc' dir='ltr'>υ</span> <span class='ocrx_word' id='word_1_229' title='bbox 1164 2381 1180 2405; x_wconf 82' lang='lat'>‚</span> 
     </span>
     <span class='ocr_line' id='line_1_37' title="bbox 211 2409 1182 2470; baseline -0.001 -14"><span class='ocrx_word' id='word_1_230' title='bbox 211 2409 502 2470; x_wconf 63' lang='lat' dir='ltr'>dogmatizante</span> <span class='ocrx_word' id='word_1_231' title='bbox 517 2437 532 2463; x_wconf 87' lang='lat'><strong>,</strong></span> <span class='ocrx_word' id='word_1_232' title='bbox 558 2412 600 2456; x_wconf 75' lang='grc' dir='ltr'>δι</span> <span class='ocrx_word' id='word_1_233' title='bbox 618 2409 849 2466; x_wconf 70' lang='lat' dir='ltr'>predicaffe</span> <span class='ocrx_word' id='word_1_234' title='bbox 867 2412 1035 2468; x_wconf 88' lang='lat' dir='ltr'>reperiri</span> <span class='ocrx_word' id='word_1_235' title='bbox 1047 2413 1182 2455; x_wconf 87' lang='lat' dir='ltr'>conti·</span> 
     </span>
     <span class='ocr_line' id='line_1_38' title="bbox 209 2469 1182 2529; baseline -0.002 -13"><span class='ocrx_word' id='word_1_236' title='bbox 209 2472 348 2529; x_wconf 65' lang='lat' dir='ltr'>gerit,</span> <span class='ocrx_word' id='word_1_237' title='bbox 372 2469 535 2528; x_wconf 78' lang='lat' dir='ltr'>quoties</span> <span class='ocrx_word' id='word_1_238' title='bbox 558 2485 662 2527; x_wconf 85' lang='lat' dir='ltr'>opus</span> <span class='ocrx_word' id='word_1_239' title='bbox 693 2469 846 2521; x_wconf 84' lang='lat' dir='ltr'>fuerit,</span> <span class='ocrx_word' id='word_1_240' title='bbox 873 2471 923 2516; x_wconf 89' lang='lat' dir='ltr'>ad</span> <span class='ocrx_word' id='word_1_241' title='bbox 951 2471 1182 2528; x_wconf 82' lang='lat' dir='ltr'>requifitio-</span> 
     </span>
     <span class='ocr_line' id='line_1_39' title="bbox 210 2529 1180 2588; baseline -0.004 -12"><span class='ocrx_word' id='word_1_242' title='bbox 210 2544 307 2576; x_wconf 82' lang='lat' dir='ltr'>nem</span> <span class='ocrx_word' id='word_1_243' title='bbox 337 2529 650 2588; x_wconf 76' lang='lat' dir='ltr'>Magistrorum,</span> <span class='ocrx_word' id='word_1_244' title='bbox 679 2530 986 2584; x_wconf 81' lang='lat' dir='ltr'>Ministrorum,</span> <span class='ocrx_word' id='word_1_245' title='bbox 1012 2534 1053 2575; x_wconf 75' lang='grc' dir='ltr'>δι</span> <span class='ocrx_word' id='word_1_246' title='bbox 1082 2533 1180 2574; x_wconf 87' lang='lat' dir='ltr'>Fra-</span> 
     </span>
     <span class='ocr_line' id='line_1_40' title="bbox 209 2586 1181 2647; baseline 0 -13"><span class='ocrx_word' id='word_1_247' title='bbox 209 2599 321 2636; x_wconf 84' lang='lat' dir='ltr'>trum</span> <span class='ocrx_word' id='word_1_248' title='bbox 333 2586 562 2647; x_wconf 73' lang='lat' dir='ltr'>hujusmodi·</span> <span class='ocrx_word' id='word_1_249' title='bbox 575 2590 851 2642; x_wconf 79' lang='lat' dir='ltr'>revocaverit,</span> <span class='ocrx_word' id='word_1_250' title='bbox 868 2604 917 2634; x_wconf 83' lang='lat' dir='ltr'>ex</span> <span class='ocrx_word' id='word_1_251' title='bbox 935 2605 1043 2635; x_wconf 88' lang='lat' dir='ltr'>nune</span> <span class='ocrx_word' id='word_1_252' title='bbox 1057 2600 1181 2646; x_wconf 87' lang='lat' dir='ltr'>prout</span> 
     </span>
     <span class='ocr_line' id='line_1_41' title="bbox 210 2649 1182 2709; baseline -0.003 -14"><span class='ocrx_word' id='word_1_253' title='bbox 210 2659 372 2695; x_wconf 81' lang='lat' dir='ltr'>extunc</span> <span class='ocrx_word' id='word_1_254' title='bbox 385 2676 401 2702; x_wconf 81' lang='lat'><strong>,</strong></span> <span class='ocrx_word' id='word_1_255' title='bbox 424 2650 527 2692; x_wconf 83' lang='lat' dir='ltr'>&amp;ex</span> <span class='ocrx_word' id='word_1_256' title='bbox 547 2655 642 2693; x_wconf 91' lang='lat' dir='ltr'>tunc</span> <span class='ocrx_word' id='word_1_257' title='bbox 664 2660 787 2706; x_wconf 89' lang='lat' dir='ltr'>prout</span> <span class='ocrx_word' id='word_1_258' title='bbox 805 2663 859 2694; x_wconf 84' lang='lat' dir='ltr'>ex</span> <span class='ocrx_word' id='word_1_259' title='bbox 872 2664 982 2694; x_wconf 90' lang='lat' dir='ltr'>nunc</span> <span class='ocrx_word' id='word_1_260' title='bbox 994 2651 1108 2709; x_wconf 85' lang='lat' dir='ltr'>,ipso</span> <span class='ocrx_word' id='word_1_261' title='bbox 1122 2649 1182 2692; x_wconf 87' lang='lat' dir='ltr'>fa-</span> 
     </span>
     <span class='ocr_line' id='line_1_42' title="bbox 208 2708 1179 2769; baseline -0.003 -14"><span class='ocrx_word' id='word_1_262' title='bbox 208 2712 278 2755; x_wconf 74' lang='grc' dir='ltr'>ἂο</span> <span class='ocrx_word' id='word_1_263' title='bbox 300 2708 740 2753; x_wconf 82' lang='lat' dir='ltr'>excommunicationis</span> <span class='ocrx_word' id='word_1_264' title='bbox 769 2708 1035 2763; x_wconf 86' lang='lat' dir='ltr'>sententiam,</span> <span class='ocrx_word' id='word_1_265' title='bbox 1063 2711 1084 2754; x_wconf 68' lang='lat' dir='ltr'>a</span> <span class='ocrx_word' id='word_1_266' title='bbox 1101 2724 1179 2769; x_wconf 90' lang='lat' dir='ltr'>qua</span> 
     </span>
     <span class='ocr_line' id='line_1_43' title="bbox 205 2766 1181 2824; baseline 0.001 -12"><span class='ocrx_word' id='word_1_267' title='bbox 205 2767 283 2815; x_wconf 78' lang='lat' dir='ltr'>nisi</span> <span class='ocrx_word' id='word_1_268' title='bbox 297 2780 371 2824; x_wconf 85' lang='lat' dir='ltr'>per</span> <span class='ocrx_word' id='word_1_269' title='bbox 387 2767 604 2810; x_wconf 86' lang='lat' dir='ltr'>Romanos</span> <span class='ocrx_word' id='word_1_270' title='bbox 619 2766 926 2821; x_wconf 80' lang='lat' dir='ltr'>Pontifices,vel</span> <span class='ocrx_word' id='word_1_271' title='bbox 938 2771 1072 2816; x_wconf 68' lang='lat' dir='ltr'>aliosi</span> <span class='ocrx_word' id='word_1_272' title='bbox 1089 2776 1181 2816; x_wconf 85' lang='lat' dir='ltr'>No-</span> 
     </span>
     <span class='ocr_line' id='line_1_44' title="bbox 205 2824 1179 2886; baseline 0 -15"><span class='ocrx_word' id='word_1_273' title='bbox 205 2828 271 2872; x_wconf 83' lang='lat' dir='ltr'>bis</span> <span class='ocrx_word' id='word_1_274' title='bbox 305 2824 546 2882; x_wconf 79' lang='lat' dir='ltr'>potestatem</span> <span class='ocrx_word' id='word_1_275' title='bbox 581 2825 776 2871; x_wconf 75' lang='lat' dir='ltr'>habentes</span> <span class='ocrx_word' id='word_1_276' title='bbox 803 2856 820 2880; x_wconf 83' lang='lat'><strong>,</strong></span> <span class='ocrx_word' id='word_1_277' title='bbox 846 2838 1113 2886; x_wconf 68' lang='lat' dir='ltr'>preterquam</span> <span class='ocrx_word' id='word_1_278' title='bbox 1138 2829 1179 2872; x_wconf 94' lang='lat' dir='ltr'>in</span> 
     </span>
     <span class='ocr_line' id='line_1_45' title="bbox 210 2883 1178 2942; baseline 0 -11"><span class='ocrx_word' id='word_1_279' title='bbox 210 2887 359 2931; x_wconf 86' lang='lat' dir='ltr'>mortis</span> <span class='ocrx_word' id='word_1_280' title='bbox 402 2883 584 2928; x_wconf 89' lang='lat' dir='ltr'>articulo</span> <span class='ocrx_word' id='word_1_281' title='bbox 607 2910 622 2935; x_wconf 84' lang='lat'><strong>,</strong></span> <span class='ocrx_word' id='word_1_282' title='bbox 659 2899 742 2928; x_wconf 88' lang='lat' dir='ltr'>non</span> <span class='ocrx_word' id='word_1_283' title='bbox 765 2886 881 2942; x_wconf 79' lang='lat' dir='ltr'>potiit</span> <span class='ocrx_word' id='word_1_284' title='bbox 917 2887 1101 2942; x_wconf 71' lang='lat' dir='ltr'>absolvi,</span> <span class='ocrx_word' id='word_1_285' title='bbox 1132 2902 1178 2932; x_wconf 90' lang='lat' dir='ltr'>ac</span> 
     </span>
     <span class='ocr_line' id='line_1_46' title="bbox 207 2942 1178 3009; baseline 0.004 -21"><span class='ocrx_word' id='word_1_286' title='bbox 207 2945 456 3009; x_wconf 79' lang='lat' dir='ltr'>privationis</span> <span class='ocrx_word' id='word_1_287' title='bbox 473 2942 659 2987; x_wconf 87' lang='lat' dir='ltr'>omnium</span> <span class='ocrx_word' id='word_1_288' title='bbox 676 2942 966 2991; x_wconf 82' lang='lat' dir='ltr'>beneficiorum</span> <span class='ocrx_word' id='word_1_289' title='bbox 978 2977 997 3001; x_wconf 84' lang='lat'>,</span> <span class='ocrx_word' id='word_1_290' title='bbox 1022 2951 1063 2993; x_wconf 76' lang='grc' dir='ltr'>δι</span> <span class='ocrx_word' id='word_1_291' title='bbox 1085 2950 1178 2994; x_wconf 84' lang='lat' dir='ltr'>offi-</span> 
     </span>
     <span class='ocr_line' id='line_1_47' title="bbox 206 2999 1179 3067; baseline 0.004 -18"><span class='ocrx_word' id='word_1_292' title='bbox 206 3005 367 3050; x_wconf 83' lang='lat' dir='ltr'>ciorum</span> <span class='ocrx_word' id='word_1_293' title='bbox 384 2999 549 3046; x_wconf 88' lang='lat' dir='ltr'>suorum</span> <span class='ocrx_word' id='word_1_294' title='bbox 571 3000 943 3050; x_wconf 81' lang='lat' dir='ltr'>Ecclefiasticorum</span> <span class='ocrx_word' id='word_1_295' title='bbox 958 3036 975 3061; x_wconf 82' lang='lat'><strong>,</strong></span> <span class='ocrx_word' id='word_1_296' title='bbox 1002 3024 1090 3067; x_wconf 83' lang='lat' dir='ltr'>quae</span> <span class='ocrx_word' id='word_1_297' title='bbox 1100 3010 1179 3052; x_wconf 89' lang='lat' dir='ltr'>ob·</span> 
     </span>
     <span class='ocr_line' id='line_1_48' title="bbox 205 3061 1177 3123; baseline 0.004 -15"><span class='ocrx_word' id='word_1_298' title='bbox 205 3063 313 3108; x_wconf 73' lang='lat' dir='ltr'>tinet</span> <span class='ocrx_word' id='word_1_299' title='bbox 337 3089 353 3114; x_wconf 82' lang='lat'>,</span> <span class='ocrx_word' id='word_1_300' title='bbox 378 3075 536 3107; x_wconf 88' lang='lat' dir='ltr'>necnon</span> <span class='ocrx_word' id='word_1_301' title='bbox 560 3061 766 3106; x_wconf 89' lang='lat' dir='ltr'>honorum</span> <span class='ocrx_word' id='word_1_302' title='bbox 785 3091 802 3115; x_wconf 90' lang='lat'><strong>,</strong></span> <span class='ocrx_word' id='word_1_303' title='bbox 834 3065 876 3106; x_wconf 83' lang='lat'>&amp;</span> <span class='ocrx_word' id='word_1_304' title='bbox 904 3066 1177 3123; x_wconf 79' lang='lat' dir='ltr'>dignitatum,</span> 
     </span>
     <span class='ocr_line' id='line_1_49' title="bbox 209 3121 1176 3175; baseline 0.004 -8"><span class='ocrx_word' id='word_1_305' title='bbox 209 3137 255 3167; x_wconf 78' lang='lat' dir='ltr'>ac</span> <span class='ocrx_word' id='word_1_306' title='bbox 271 3121 607 3167; x_wconf 87' lang='lat' dir='ltr'>inhabilitationis</span> <span class='ocrx_word' id='word_1_307' title='bbox 634 3122 756 3165; x_wconf 90' lang='lat' dir='ltr'>etiam</span> <span class='ocrx_word' id='word_1_308' title='bbox 771 3121 822 3165; x_wconf 91' lang='lat' dir='ltr'>ad</span> <span class='ocrx_word' id='word_1_309' title='bbox 840 3121 983 3167; x_wconf 87' lang='lat' dir='ltr'>futura</span> <span class='ocrx_word' id='word_1_310' title='bbox 995 3152 1010 3175; x_wconf 85' lang='lat'>‚</span> <span class='ocrx_word' id='word_1_311' title='bbox 1025 3128 1065 3170; x_wconf 76' lang='grc' dir='ltr'>δι</span> <span class='ocrx_word' id='word_1_312' title='bbox 1077 3127 1176 3171; x_wconf 89' lang='lat' dir='ltr'>alias</span> 
     </span>
     <span class='ocr_line' id='line_1_50' title="bbox 208 3180 1172 3241; baseline 0.004 -16"><span class='ocrx_word' id='word_1_313' title='bbox 208 3194 351 3241; x_wconf 59' lang='grc' dir='ltr'>μου</span> <span class='ocrx_word' id='word_1_314' title='bbox 395 3184 420 3228; x_wconf 67' lang='lat' dir='ltr'>a</span> <span class='ocrx_word' id='word_1_315' title='bbox 446 3181 567 3226; x_wconf 66' lang='lat' dir='ltr'>dietis</span> <span class='ocrx_word' id='word_1_316' title='bbox 587 3180 944 3226; x_wconf 77' lang='lat' dir='ltr'>Proedecessoribus</span> <span class='ocrx_word' id='word_1_317' title='bbox 984 3186 1172 3239; x_wconf 80' lang='lat' dir='ltr'>Nostris,</span> 
     </span>
     <span class='ocr_line' id='line_1_51' title="bbox 210 3239 1171 3300; baseline 0.001 -14"><span class='ocrx_word' id='word_1_318' title='bbox 210 3251 282 3286; x_wconf 65' lang='lat' dir='ltr'>aut</span> <span class='ocrx_word' id='word_1_319' title='bbox 307 3239 407 3286; x_wconf 66' lang='lat' dir='ltr'>aliis</span> <span class='ocrx_word' id='word_1_320' title='bbox 436 3240 527 3300; x_wconf 85' lang='lat' dir='ltr'>jure</span> <span class='ocrx_word' id='word_1_321' title='bbox 547 3239 658 3284; x_wconf 87' lang='lat' dir='ltr'>circa</span> <span class='ocrx_word' id='word_1_322' title='bbox 686 3240 872 3297; x_wconf 64' lang='lat' dir='ltr'>praedifla</span> <span class='ocrx_word' id='word_1_323' title='bbox 895 3251 1041 3286; x_wconf 89' lang='lat' dir='ltr'>contra</span> <span class='ocrx_word' id='word_1_324' title='bbox 1067 3246 1171 3290; x_wconf 89' lang='lat' dir='ltr'>tales</span> 
     </span>
     <span class='ocr_line' id='line_1_52' title="bbox 217 3298 1172 3358; baseline 0.004 -14"><span class='ocrx_word' id='word_1_325' title='bbox 217 3298 753 3356; x_wconf 56' lang='lat' dir='ltr'>metaliter&amp;specialiter</span> <span class='ocrx_word' id='word_1_326' title='bbox 778 3302 1057 3358; x_wconf 85' lang='lat' dir='ltr'>promulgatas</span> <span class='ocrx_word' id='word_1_327' title='bbox 1070 3332 1086 3356; x_wconf 86' lang='lat'><strong>,</strong></span> <span class='ocrx_word' id='word_1_328' title='bbox 1107 3306 1172 3348; x_wconf 88' lang='lat' dir='ltr'>in-</span> 
     </span>
     <span class='ocr_line' id='line_1_53' title="bbox 218 3356 1177 3415; baseline 0.003 -10"><span class='ocrx_word' id='word_1_329' title='bbox 218 3356 354 3406; x_wconf 66' lang='lat' dir='ltr'>mtffl&#39;e</span> <span class='ocrx_word' id='word_1_330' title='bbox 367 3358 660 3404; x_wconf 88' lang='lat' dir='ltr'>declarandum</span> <span class='ocrx_word' id='word_1_331' title='bbox 676 3358 783 3412; x_wconf 83' lang='lat' dir='ltr'>fore,</span> <span class='ocrx_word' id='word_1_332' title='bbox 796 3362 834 3402; x_wconf 93' lang='lat'>&amp;</span> <span class='ocrx_word' id='word_1_333' title='bbox 849 3361 1014 3405; x_wconf 88' lang='lat' dir='ltr'>declara</span> <span class='ocrx_word' id='word_1_334' title='bbox 1022 3362 1082 3406; x_wconf 89' lang='lat' dir='ltr'>vit</span> <span class='ocrx_word' id='word_1_335' title='bbox 1096 3391 1110 3415; x_wconf 84' lang='lat'>‚</span> <span class='ocrx_word' id='word_1_336' title='bbox 1124 3363 1177 3408; x_wconf 87' lang='lat' dir='ltr'>ad</span> 
     </span>
     <span class='ocr_line' id='line_1_54' title="bbox 221 3418 1181 3482; baseline 0.003 -20"><span class='ocrx_word' id='word_1_337' title='bbox 221 3425 305 3482; x_wconf 58' lang='lat' dir='ltr'>que</span> <span class='ocrx_word' id='word_1_338' title='bbox 324 3418 488 3477; x_wconf 85' lang='lat' dir='ltr'>quidem</span> <span class='ocrx_word' id='word_1_339' title='bbox 501 3418 718 3468; x_wconf 83' lang='lat' dir='ltr'>beneficia,</span> <span class='ocrx_word' id='word_1_340' title='bbox 741 3419 904 3473; x_wconf 83' lang='lat' dir='ltr'>officia,</span> <span class='ocrx_word' id='word_1_341' title='bbox 930 3422 1126 3473; x_wconf 76' lang='lat' dir='ltr'>honores,</span> <span class='ocrx_word' id='word_1_342' title='bbox 1139 3425 1181 3465; x_wconf 87' lang='lat'>&amp;</span> 
     </span>
     <span class='ocr_line' id='line_1_55' title="bbox 221 3472 1181 3540; baseline 0.008 -23"><span class='ocrx_word' id='word_1_343' title='bbox 221 3472 426 3540; x_wconf 56' lang='lat' dir='ltr'>dignitates</span> <span class='ocrx_word' id='word_1_344' title='bbox 439 3478 678 3532; x_wconf 81' lang='lat' dir='ltr'>restitui,vel</span> <span class='ocrx_word' id='word_1_345' title='bbox 693 3479 944 3524; x_wconf 83' lang='lat' dir='ltr'>rehabilitari</span> <span class='ocrx_word' id='word_1_346' title='bbox 959 3495 1037 3524; x_wconf 91' lang='lat' dir='ltr'>non</span> <span class='ocrx_word' id='word_1_347' title='bbox 1050 3481 1181 3538; x_wconf 68' lang='lat' dir='ltr'>potiit,</span> 
     </span>
     <span class='ocr_line' id='line_1_56' title="bbox 222 3529 1176 3597; baseline 0.008 -20"><span class='ocrx_word' id='word_1_348' title='bbox 222 3529 363 3584; x_wconf 61' lang='lat' dir='ltr'>mllsut</span> <span class='ocrx_word' id='word_1_349' title='bbox 375 3535 612 3593; x_wconf 72' lang='lat' dir='ltr'>prefertur,</span> <span class='ocrx_word' id='word_1_350' title='bbox 635 3553 712 3597; x_wconf 89' lang='lat' dir='ltr'>per</span> <span class='ocrx_word' id='word_1_351' title='bbox 727 3542 845 3592; x_wconf 81' lang='lat' dir='ltr'>Nos,</span> <span class='ocrx_word' id='word_1_352' title='bbox 872 3540 937 3584; x_wconf 85' lang='lat' dir='ltr'>vel</span> <span class='ocrx_word' id='word_1_353' title='bbox 962 3540 1086 3583; x_wconf 90' lang='lat' dir='ltr'>alium</span> <span class='ocrx_word' id='word_1_354' title='bbox 1112 3543 1176 3585; x_wconf 82' lang='lat' dir='ltr'>su—</span> 
     </span>
     <span class='ocr_line' id='line_1_57' title="bbox 220 3593 1174 3655; baseline 0.01 -23"><span class='ocrx_word' id='word_1_355' title='bbox 220 3602 294 3647; x_wconf 90' lang='lat' dir='ltr'>per</span> <span class='ocrx_word' id='word_1_356' title='bbox 327 3593 402 3638; x_wconf 87' lang='lat' dir='ltr'>hoc</span> <span class='ocrx_word' id='word_1_357' title='bbox 438 3599 464 3642; x_wconf 64' lang='lat' dir='ltr'>a</span> <span class='ocrx_word' id='word_1_358' title='bbox 493 3597 625 3642; x_wconf 84' lang='lat' dir='ltr'>Nobis</span> <span class='ocrx_word' id='word_1_359' title='bbox 666 3598 906 3655; x_wconf 85' lang='lat' dir='ltr'>potestatem</span> <span class='ocrx_word' id='word_1_360' title='bbox 928 3600 1174 3653; x_wconf 83' lang='lat' dir='ltr'>habentem,</span> 
     </span>
     <span class='ocr_line' id='line_1_58' title="bbox 221 3644 1168 3716; baseline 0.002 -16"><span class='ocrx_word' id='word_1_361' title='bbox 221 3644 427 3707; x_wconf 67' lang='lat' dir='ltr'>Praefatum</span> <span class='ocrx_word' id='word_1_362' title='bbox 451 3656 685 3714; x_wconf 83' lang='lat' dir='ltr'>Philippum</span> <span class='ocrx_word' id='word_1_363' title='bbox 717 3658 758 3700; x_wconf 92' lang='lat' dir='ltr'>in</span> <span class='ocrx_word' id='word_1_364' title='bbox 774 3660 953 3716; x_wconf 73' lang='lat' dir='ltr'>expetitis</span> <span class='ocrx_word' id='word_1_365' title='bbox 977 3660 1018 3702; x_wconf 92' lang='lat' dir='ltr'>in</span> <span class='ocrx_word' id='word_1_366' title='bbox 1036 3658 1168 3716; x_wconf 81' lang='lat' dir='ltr'>hujus-</span> 
     </span>
     <span class='ocr_line' id='line_1_59' title="bbox 221 3707 1167 3772; baseline 0.003 -13"><span class='ocrx_word' id='word_1_367' title='bbox 221 3707 338 3751; x_wconf 61' lang='lat' dir='ltr'>modl</span> <span class='ocrx_word' id='word_1_368' title='bbox 360 3710 472 3753; x_wconf 68' lang='lat' dir='ltr'>causa</span> <span class='ocrx_word' id='word_1_369' title='bbox 497 3714 674 3772; x_wconf 71' lang='lat' dir='ltr'>legitime</span> <span class='ocrx_word' id='word_1_370' title='bbox 688 3716 798 3760; x_wconf 70' lang='lat' dir='ltr'>fanis</span> <span class='ocrx_word' id='word_1_371' title='bbox 811 3719 1167 3764; x_wconf 80' lang='lat' dir='ltr'>condemnandum</span> 
     </span>
     <span class='ocr_line' id='line_1_60' title="bbox 219 3768 1167 3835; baseline 0.005 -17"><span class='ocrx_word' id='word_1_372' title='bbox 219 3769 340 3835; x_wconf 66' lang='lat' dir='ltr'>fore,</span> <span class='ocrx_word' id='word_1_373' title='bbox 362 3768 404 3809; x_wconf 75' lang='grc' dir='ltr'>δε</span> <span class='ocrx_word' id='word_1_374' title='bbox 422 3772 729 3828; x_wconf 78' lang='lat' dir='ltr'>condemnavit,</span> <span class='ocrx_word' id='word_1_375' title='bbox 752 3776 920 3823; x_wconf 88' lang='lat' dir='ltr'>illarum</span> <span class='ocrx_word' id='word_1_376' title='bbox 959 3780 1167 3823; x_wconf 87' lang='lat' dir='ltr'>taxatione</span> 
     </span>
     <span class='ocr_line' id='line_1_61' title="bbox 220 3826 1165 3896; baseline 0.007 -18"><span class='ocrx_word' id='word_1_377' title='bbox 220 3829 290 3871; x_wconf 76' lang='lat' dir='ltr'>fib!</span> <span class='ocrx_word' id='word_1_378' title='bbox 311 3826 566 3883; x_wconf 80' lang='lat' dir='ltr'>tmposterum</span> <span class='ocrx_word' id='word_1_379' title='bbox 596 3835 827 3894; x_wconf 82' lang='lat' dir='ltr'>reservata,</span> <span class='ocrx_word' id='word_1_380' title='bbox 857 3839 899 3895; x_wconf 66' lang='grc' dir='ltr'>ὃς</span> <span class='ocrx_word' id='word_1_381' title='bbox 935 3834 1165 3896; x_wconf 86' lang='lat' dir='ltr'>subsequen.</span> 
     </span>
    </p>
   </div>
   <div class='ocr_carea' id='block_1_6' title="bbox 1243 237 2226 2182">
    <p class='ocr_par' dir='ltr' id='par_1_7' title="bbox 1989 237 2141 315">
     <span class='ocr_line' id='line_1_62' title="bbox 1989 237 2141 315; baseline -0.007 -33"><span class='ocrx_word' id='word_1_382' title='bbox 1989 241 2016 282; x_wconf 85' lang='lat'>1</span> <span class='ocrx_word' id='word_1_383' title='bbox 2036 237 2095 315; x_wconf 78' lang='lat'>4</span> <span class='ocrx_word' id='word_1_384' title='bbox 2109 240 2141 291; x_wconf 89' lang='lat'>1</span> 
     </span>
    </p>

    <p class='ocr_par' dir='ltr' id='par_1_8' title="bbox 1243 349 2226 2182">
     <span class='ocr_line' id='line_1_63' title="bbox 1257 349 2214 410; baseline -0.002 -15"><span class='ocrx_word' id='word_1_385' title='bbox 1257 359 1323 395; x_wconf 90' lang='lat' dir='ltr'>ter</span> <span class='ocrx_word' id='word_1_386' title='bbox 1349 353 1584 395; x_wconf 83' lang='lat' dir='ltr'>cardinalis</span> <span class='ocrx_word' id='word_1_387' title='bbox 1605 349 1795 406; x_wconf 76' lang='lat' dir='ltr'>praefatus</span> <span class='ocrx_word' id='word_1_388' title='bbox 1829 352 2018 405; x_wconf 82' lang='lat' dir='ltr'>expensas</span> <span class='ocrx_word' id='word_1_389' title='bbox 2048 358 2146 410; x_wconf 72' lang='lat' dir='ltr'>ipsas</span> <span class='ocrx_word' id='word_1_390' title='bbox 2176 362 2214 401; x_wconf 73' lang='lat' dir='ltr'>in</span> 
     </span>
     <span class='ocr_line' id='line_1_64' title="bbox 1253 408 2217 465; baseline 0.002 -13"><span class='ocrx_word' id='word_1_391' title='bbox 1253 411 1446 455; x_wconf 88' lang='lat' dir='ltr'>ducentis</span> <span class='ocrx_word' id='word_1_392' title='bbox 1463 437 1479 461; x_wconf 82' lang='lat'>‚</span> <span class='ocrx_word' id='word_1_393' title='bbox 1506 409 1848 465; x_wconf 86' lang='lat' dir='ltr'>&amp;quinquaginta</span> <span class='ocrx_word' id='word_1_394' title='bbox 1862 408 2044 454; x_wconf 85' lang='lat' dir='ltr'>Florenis</span> <span class='ocrx_word' id='word_1_395' title='bbox 2066 417 2151 454; x_wconf 87' lang='lat' dir='ltr'>auri</span> <span class='ocrx_word' id='word_1_396' title='bbox 2166 418 2217 458; x_wconf 84' lang='lat' dir='ltr'>de</span> 
     </span>
     <span class='ocr_line' id='line_1_65' title="bbox 1252 465 2216 522; baseline -0.001 -11"><span class='ocrx_word' id='word_1_397' title='bbox 1252 474 1426 514; x_wconf 89' lang='lat' dir='ltr'>Camera</span> <span class='ocrx_word' id='word_1_398' title='bbox 1463 467 1599 519; x_wconf 82' lang='lat' dir='ltr'>boni,</span> <span class='ocrx_word' id='word_1_399' title='bbox 1625 468 1666 508; x_wconf 77' lang='grc' dir='ltr'>δι</span> <span class='ocrx_word' id='word_1_400' title='bbox 1702 465 1792 522; x_wconf 84' lang='lat' dir='ltr'>justi</span> <span class='ocrx_word' id='word_1_401' title='bbox 1827 467 2020 521; x_wconf 86' lang='lat' dir='ltr'>ponderis</span> <span class='ocrx_word' id='word_1_402' title='bbox 2049 472 2216 522; x_wconf 64' lang='lat' dir='ltr'>provida</span> 
     </span>
     <span class='ocr_line' id='line_1_66' title="bbox 1253 524 2219 576; baseline -0.001 -6"><span class='ocrx_word' id='word_1_403' title='bbox 1253 526 1541 571; x_wconf 88' lang='lat' dir='ltr'>moderatione</span> <span class='ocrx_word' id='word_1_404' title='bbox 1559 525 1716 569; x_wconf 81' lang='lat' dir='ltr'>taxavit</span> <span class='ocrx_word' id='word_1_405' title='bbox 1734 555 1751 576; x_wconf 92' lang='lat'>‚</span> <span class='ocrx_word' id='word_1_406' title='bbox 1775 524 1913 567; x_wconf 62' lang='lat' dir='ltr'>dilecti</span> <span class='ocrx_word' id='word_1_407' title='bbox 1934 525 2024 566; x_wconf 83' lang='lat' dir='ltr'>Filii</span> <span class='ocrx_word' id='word_1_408' title='bbox 2039 527 2219 570; x_wconf 77' lang='lat' dir='ltr'>Edmon-</span> 
     </span>
     <span class='ocr_line' id='line_1_67' title="bbox 1250 584 2217 640; baseline -0.002 -10"><span class='ocrx_word' id='word_1_409' title='bbox 1250 587 1293 630; x_wconf 91' lang='lat' dir='ltr'>di</span> <span class='ocrx_word' id='word_1_410' title='bbox 1331 586 1455 629; x_wconf 89' lang='lat' dir='ltr'>Suine</span> <span class='ocrx_word' id='word_1_411' title='bbox 1493 586 1698 629; x_wconf 88' lang='lat' dir='ltr'>Ordinum</span> <span class='ocrx_word' id='word_1_412' title='bbox 1725 584 2008 640; x_wconf 65' lang='lat' dir='ltr'>praedictorum</span> <span class='ocrx_word' id='word_1_413' title='bbox 2045 598 2127 639; x_wconf 89' lang='lat' dir='ltr'>quo</span> <span class='ocrx_word' id='word_1_414' title='bbox 2167 588 2217 628; x_wconf 87' lang='lat' dir='ltr'>ad</span> 
     </span>
     <span class='ocr_line' id='line_1_68' title="bbox 1249 642 2221 703; baseline -0.004 -15"><span class='ocrx_word' id='word_1_415' title='bbox 1249 645 1441 703; x_wconf 78' lang='lat' dir='ltr'>praemiffa</span> <span class='ocrx_word' id='word_1_416' title='bbox 1483 644 1769 688; x_wconf 83' lang='lat' dir='ltr'>Procuratoris</span> <span class='ocrx_word' id='word_1_417' title='bbox 1796 642 1914 700; x_wconf 90' lang='lat' dir='ltr'>super</span> <span class='ocrx_word' id='word_1_418' title='bbox 1935 642 2113 698; x_wconf 81' lang='lat' dir='ltr'>expenfis</span> <span class='ocrx_word' id='word_1_419' title='bbox 2148 644 2221 685; x_wconf 85' lang='lat' dir='ltr'>eis-</span> 
     </span>
     <span class='ocr_line' id='line_1_69' title="bbox 1261 701 2220 762; baseline -0.005 -13"><span class='ocrx_word' id='word_1_420' title='bbox 1261 705 1359 748; x_wconf 89' lang='lat' dir='ltr'>dem</span> <span class='ocrx_word' id='word_1_421' title='bbox 1399 705 1633 762; x_wconf 87' lang='lat' dir='ltr'>juramento</span> <span class='ocrx_word' id='word_1_422' title='bbox 1667 702 1808 746; x_wconf 69' lang='lat' dir='ltr'>secuto</span> <span class='ocrx_word' id='word_1_423' title='bbox 1845 730 1861 753; x_wconf 82' lang='lat'>‚</span> <span class='ocrx_word' id='word_1_424' title='bbox 1913 711 2038 758; x_wconf 86' lang='lat' dir='ltr'>prout</span> <span class='ocrx_word' id='word_1_425' title='bbox 2080 701 2122 743; x_wconf 91' lang='lat' dir='ltr'>in</span> <span class='ocrx_word' id='word_1_426' title='bbox 2165 702 2220 744; x_wconf 90' lang='lat' dir='ltr'>in-</span> 
     </span>
     <span class='ocr_line' id='line_1_70' title="bbox 1261 759 2219 820; baseline -0.006 -11"><span class='ocrx_word' id='word_1_427' title='bbox 1261 765 1485 809; x_wconf 82' lang='lat' dir='ltr'>strumento</span> <span class='ocrx_word' id='word_1_428' title='bbox 1521 763 1687 820; x_wconf 89' lang='lat' dir='ltr'>publico</span> <span class='ocrx_word' id='word_1_429' title='bbox 1730 762 1826 805; x_wconf 88' lang='lat' dir='ltr'>inde</span> <span class='ocrx_word' id='word_1_430' title='bbox 1856 759 2074 810; x_wconf 72' lang='lat' dir='ltr'>musceto,</span> <span class='ocrx_word' id='word_1_431' title='bbox 2100 760 2219 816; x_wconf 73' lang='lat' dir='ltr'>ipsius</span> 
     </span>
     <span class='ocr_line' id='line_1_71' title="bbox 1253 818 2219 880; baseline -0.008 -12"><span class='ocrx_word' id='word_1_432' title='bbox 1253 823 1486 869; x_wconf 70' lang='lat' dir='ltr'>Car-dinalis</span> <span class='ocrx_word' id='word_1_433' title='bbox 1500 822 1647 880; x_wconf 78' lang='lat' dir='ltr'>sigillo</span> <span class='ocrx_word' id='word_1_434' title='bbox 1662 822 1849 874; x_wconf 85' lang='lat' dir='ltr'>munito,</span> <span class='ocrx_word' id='word_1_435' title='bbox 1878 819 2038 879; x_wconf 73' lang='lat' dir='ltr'>plenius</span> <span class='ocrx_word' id='word_1_436' title='bbox 2064 818 2219 862; x_wconf 86' lang='lat' dir='ltr'>dicitur</span> 
     </span>
     <span class='ocr_line' id='line_1_72' title="bbox 1251 880 2223 935; baseline -0.006 -8"><span class='ocrx_word' id='word_1_437' title='bbox 1251 884 1482 930; x_wconf 86' lang='lat' dir='ltr'>contineri.</span> <span class='ocrx_word' id='word_1_438' title='bbox 1511 886 1616 927; x_wconf 92' lang='lat' dir='ltr'>Cum</span> <span class='ocrx_word' id='word_1_439' title='bbox 1645 890 1784 925; x_wconf 84' lang='lat' dir='ltr'>autem</span> <span class='ocrx_word' id='word_1_440' title='bbox 1801 910 1816 934; x_wconf 89' lang='lat'>,</span> <span class='ocrx_word' id='word_1_441' title='bbox 1841 880 1963 924; x_wconf 88' lang='lat' dir='ltr'>ficum</span> <span class='ocrx_word' id='word_1_442' title='bbox 1986 883 2129 925; x_wconf 82' lang='lat' dir='ltr'>eadem</span> <span class='ocrx_word' id='word_1_443' title='bbox 2148 892 2223 935; x_wconf 88' lang='lat' dir='ltr'>pe-</span> 
     </span>
     <span class='ocr_line' id='line_1_73' title="bbox 1248 938 2221 1000; baseline -0.006 -14"><span class='ocrx_word' id='word_1_444' title='bbox 1248 943 1344 986; x_wconf 91' lang='lat' dir='ltr'>titio</span> <span class='ocrx_word' id='word_1_445' title='bbox 1371 943 1634 1000; x_wconf 87' lang='lat' dir='ltr'>subjungebat</span> <span class='ocrx_word' id='word_1_446' title='bbox 1657 969 1674 994; x_wconf 85' lang='lat'>‚</span> <span class='ocrx_word' id='word_1_447' title='bbox 1700 941 1884 997; x_wconf 80' lang='lat' dir='ltr'>Magistri</span> <span class='ocrx_word' id='word_1_448' title='bbox 1900 968 1917 992; x_wconf 83' lang='lat'><strong>,</strong></span> <span class='ocrx_word' id='word_1_449' title='bbox 1943 938 2149 991; x_wconf 75' lang='lat' dir='ltr'>Ministri,</span> <span class='ocrx_word' id='word_1_450' title='bbox 2179 939 2221 980; x_wconf 76' lang='grc' dir='ltr'>δι</span> 
     </span>
     <span class='ocr_line' id='line_1_74' title="bbox 1247 1000 2226 1058; baseline -0.006 -12"><span class='ocrx_word' id='word_1_451' title='bbox 1247 1004 1412 1048; x_wconf 82' lang='lat' dir='ltr'>Fratres</span> <span class='ocrx_word' id='word_1_452' title='bbox 1425 1001 1655 1058; x_wconf 83' lang='lat' dir='ltr'>hujusmodi</span> <span class='ocrx_word' id='word_1_453' title='bbox 1668 1000 1860 1044; x_wconf 83' lang='lat' dir='ltr'>dubitant</span> <span class='ocrx_word' id='word_1_454' title='bbox 1874 1029 1889 1054; x_wconf 85' lang='lat'><strong>,</strong></span> <span class='ocrx_word' id='word_1_455' title='bbox 1914 1014 1965 1045; x_wconf 94' lang='lat' dir='ltr'>ne</span> <span class='ocrx_word' id='word_1_456' title='bbox 1980 1000 2195 1055; x_wconf 83' lang='lat' dir='ltr'>Philippus</span> <span class='ocrx_word' id='word_1_457' title='bbox 2209 1022 2226 1048; x_wconf 81' lang='lat'>‚</span> 
     </span>
     <span class='ocr_line' id='line_1_75' title="bbox 1244 1058 2226 1121; baseline -0.005 -17"><span class='ocrx_word' id='word_1_458' title='bbox 1244 1063 1286 1104; x_wconf 76' lang='grc' dir='ltr'>δι</span> <span class='ocrx_word' id='word_1_459' title='bbox 1311 1061 1499 1121; x_wconf 85' lang='lat' dir='ltr'>sequaces</span> <span class='ocrx_word' id='word_1_460' title='bbox 1528 1061 1709 1119; x_wconf 63' lang='lat' dir='ltr'>predicti</span> <span class='ocrx_word' id='word_1_461' title='bbox 1742 1059 1933 1119; x_wconf 84' lang='lat' dir='ltr'>praesatos</span> <span class='ocrx_word' id='word_1_462' title='bbox 1961 1058 2175 1103; x_wconf 87' lang='lat' dir='ltr'>Articulos</span> <span class='ocrx_word' id='word_1_463' title='bbox 2208 1084 2226 1111; x_wconf 84' lang='lat'><strong>,</strong></span> 
     </span>
     <span class='ocr_line' id='line_1_76' title="bbox 1243 1119 2225 1180; baseline -0.007 -15"><span class='ocrx_word' id='word_1_464' title='bbox 1243 1123 1408 1179; x_wconf 87' lang='lat' dir='ltr'>quoties</span> <span class='ocrx_word' id='word_1_465' title='bbox 1421 1136 1523 1180; x_wconf 89' lang='lat' dir='ltr'>opus</span> <span class='ocrx_word' id='word_1_466' title='bbox 1538 1120 1663 1165; x_wconf 88' lang='lat' dir='ltr'>suerit</span> <span class='ocrx_word' id='word_1_467' title='bbox 1675 1150 1692 1173; x_wconf 84' lang='lat'><strong>,</strong></span> <span class='ocrx_word' id='word_1_468' title='bbox 1706 1134 1902 1164; x_wconf 78' lang='lat' dir='ltr'>revocare</span> <span class='ocrx_word' id='word_1_469' title='bbox 1918 1149 1932 1173; x_wconf 91' lang='lat'><strong>,</strong></span> <span class='ocrx_word' id='word_1_470' title='bbox 1946 1121 1987 1163; x_wconf 74' lang='grc' dir='ltr'>δι</span> <span class='ocrx_word' id='word_1_471' title='bbox 1999 1119 2099 1163; x_wconf 67' lang='lat' dir='ltr'>alias</span> <span class='ocrx_word' id='word_1_472' title='bbox 2114 1119 2225 1160; x_wconf 89' lang='lat' dir='ltr'>Car·</span> 
     </span>
     <span class='ocr_line' id='line_1_77' title="bbox 1245 1179 2224 1239; baseline -0.007 -16"><span class='ocrx_word' id='word_1_473' title='bbox 1245 1181 1396 1226; x_wconf 88' lang='lat' dir='ltr'>dinalis</span> <span class='ocrx_word' id='word_1_474' title='bbox 1412 1182 1620 1227; x_wconf 66' lang='lat' dir='ltr'>sententie</span> <span class='ocrx_word' id='word_1_475' title='bbox 1649 1179 1878 1239; x_wconf 87' lang='lat' dir='ltr'>hujusmodi</span> <span class='ocrx_word' id='word_1_476' title='bbox 1899 1189 2138 1224; x_wconf 86' lang='lat' dir='ltr'>reverenter</span> <span class='ocrx_word' id='word_1_477' title='bbox 2154 1189 2224 1233; x_wconf 89' lang='lat' dir='ltr'>pa.</span> 
     </span>
     <span class='ocr_line' id='line_1_78' title="bbox 1247 1237 2224 1296; baseline -0.005 -12"><span class='ocrx_word' id='word_1_478' title='bbox 1247 1256 1338 1286; x_wconf 88' lang='lat' dir='ltr'>rere</span> <span class='ocrx_word' id='word_1_479' title='bbox 1365 1257 1447 1286; x_wconf 91' lang='lat' dir='ltr'>non</span> <span class='ocrx_word' id='word_1_480' title='bbox 1463 1241 1620 1292; x_wconf 84' lang='lat' dir='ltr'>velint,</span> <span class='ocrx_word' id='word_1_481' title='bbox 1644 1255 1722 1295; x_wconf 87' lang='lat' dir='ltr'>pro</span> <span class='ocrx_word' id='word_1_482' title='bbox 1758 1251 1874 1296; x_wconf 88' lang='lat' dir='ltr'>parte</span> <span class='ocrx_word' id='word_1_483' title='bbox 1902 1237 2224 1296; x_wconf 75' lang='lat' dir='ltr'>magistrorum,</span> 
     </span>
     <span class='ocr_line' id='line_1_79' title="bbox 1246 1294 2219 1353; baseline -0.007 -10"><span class='ocrx_word' id='word_1_484' title='bbox 1246 1302 1550 1353; x_wconf 79' lang='lat' dir='ltr'>Ministromm,</span> <span class='ocrx_word' id='word_1_485' title='bbox 1572 1301 1614 1342; x_wconf 74' lang='grc' dir='ltr'>δι</span> <span class='ocrx_word' id='word_1_486' title='bbox 1629 1301 1817 1343; x_wconf 86' lang='lat' dir='ltr'>Fratrum</span> <span class='ocrx_word' id='word_1_487' title='bbox 1832 1300 2060 1344; x_wconf 88' lang='lat' dir='ltr'>eorundem</span> <span class='ocrx_word' id='word_1_488' title='bbox 2084 1294 2219 1340; x_wconf 83' lang='lat' dir='ltr'>Nobis</span> 
     </span>
     <span class='ocr_line' id='line_1_80' title="bbox 1249 1354 2224 1414; baseline -0.006 -13"><span class='ocrx_word' id='word_1_489' title='bbox 1249 1358 1329 1403; x_wconf 84' lang='lat' dir='ltr'>suit</span> <span class='ocrx_word' id='word_1_490' title='bbox 1361 1361 1569 1403; x_wconf 86' lang='lat' dir='ltr'>humiliter</span> <span class='ocrx_word' id='word_1_491' title='bbox 1598 1359 1866 1414; x_wconf 89' lang='lat' dir='ltr'>supplicatum</span> <span class='ocrx_word' id='word_1_492' title='bbox 1889 1386 1904 1410; x_wconf 89' lang='lat'>,</span> <span class='ocrx_word' id='word_1_493' title='bbox 1928 1366 1975 1400; x_wconf 89' lang='lat' dir='ltr'>ut</span> <span class='ocrx_word' id='word_1_494' title='bbox 1998 1354 2224 1413; x_wconf 81' lang='lat' dir='ltr'>providere</span> 
     </span>
     <span class='ocr_line' id='line_1_81' title="bbox 1248 1413 2225 1476; baseline -0.01 -13"><span class='ocrx_word' id='word_1_495' title='bbox 1248 1420 1307 1463; x_wconf 89' lang='lat' dir='ltr'>eis</span> <span class='ocrx_word' id='word_1_496' title='bbox 1324 1417 1444 1476; x_wconf 85' lang='lat' dir='ltr'>super</span> <span class='ocrx_word' id='word_1_497' title='bbox 1467 1421 1527 1461; x_wconf 87' lang='lat' dir='ltr'>his</span> <span class='ocrx_word' id='word_1_498' title='bbox 1549 1417 1601 1459; x_wconf 91' lang='lat' dir='ltr'>de</span> <span class='ocrx_word' id='word_1_499' title='bbox 1613 1429 1851 1472; x_wconf 89' lang='lat' dir='ltr'>opportuno</span> <span class='ocrx_word' id='word_1_500' title='bbox 1875 1416 2060 1459; x_wconf 90' lang='lat' dir='ltr'>remedio</span> <span class='ocrx_word' id='word_1_501' title='bbox 2081 1413 2225 1470; x_wconf 86' lang='lat' dir='ltr'>digna-</span> 
     </span>
     <span class='ocr_line' id='line_1_82' title="bbox 1245 1472 2224 1532; baseline -0.01 -10"><span class='ocrx_word' id='word_1_502' title='bbox 1245 1491 1414 1522; x_wconf 88' lang='lat' dir='ltr'>remur.</span> <span class='ocrx_word' id='word_1_503' title='bbox 1449 1481 1539 1522; x_wconf 85' lang='lat' dir='ltr'>Nos</span> <span class='ocrx_word' id='word_1_504' title='bbox 1553 1477 1679 1532; x_wconf 82' lang='lat' dir='ltr'>igitur</span> <span class='ocrx_word' id='word_1_505' title='bbox 1702 1474 1933 1532; x_wconf 87' lang='lat' dir='ltr'>hujusmodi</span> <span class='ocrx_word' id='word_1_506' title='bbox 1960 1472 2224 1530; x_wconf 82' lang='lat' dir='ltr'>supplicatio·</span> 
     </span>
     <span class='ocr_line' id='line_1_83' title="bbox 1260 1533 2223 1588; baseline -0.009 -7"><span class='ocrx_word' id='word_1_507' title='bbox 1260 1537 1377 1582; x_wconf 88' lang='lat' dir='ltr'>nibus</span> <span class='ocrx_word' id='word_1_508' title='bbox 1409 1536 1595 1580; x_wconf 80' lang='lat' dir='ltr'>inclinati</span> <span class='ocrx_word' id='word_1_509' title='bbox 1623 1563 1639 1587; x_wconf 85' lang='lat'>‚</span> <span class='ocrx_word' id='word_1_510' title='bbox 1670 1534 1941 1580; x_wconf 70' lang='lat' dir='ltr'>fraternitati</span> <span class='ocrx_word' id='word_1_511' title='bbox 1977 1533 2111 1577; x_wconf 79' lang='lat' dir='ltr'>vestrae</span> <span class='ocrx_word' id='word_1_512' title='bbox 2152 1545 2223 1588; x_wconf 87' lang='lat' dir='ltr'>per</span> 
     </span>
     <span class='ocr_line' id='line_1_84' title="bbox 1258 1595 2223 1653; baseline -0.009 -12"><span class='ocrx_word' id='word_1_513' title='bbox 1258 1596 1494 1653; x_wconf 78' lang='lat' dir='ltr'>Apostolica</span> <span class='ocrx_word' id='word_1_514' title='bbox 1537 1595 1682 1652; x_wconf 86' lang='lat' dir='ltr'>scripta</span> <span class='ocrx_word' id='word_1_515' title='bbox 1706 1595 1946 1642; x_wconf 74' lang='lat' dir='ltr'>mandamus</span> <span class='ocrx_word' id='word_1_516' title='bbox 1970 1622 1987 1647; x_wconf 82' lang='lat'>‚</span> <span class='ocrx_word' id='word_1_517' title='bbox 2023 1600 2223 1650; x_wconf 85' lang='lat' dir='ltr'>quatenus</span> 
     </span>
     <span class='ocr_line' id='line_1_85' title="bbox 1263 1651 2221 1710; baseline -0.007 -11"><span class='ocrx_word' id='word_1_518' title='bbox 1263 1658 1351 1699; x_wconf 88' lang='lat' dir='ltr'>Vos</span> <span class='ocrx_word' id='word_1_519' title='bbox 1363 1685 1377 1708; x_wconf 91' lang='lat'><strong>‚</strong></span> <span class='ocrx_word' id='word_1_520' title='bbox 1395 1656 1459 1700; x_wconf 82' lang='lat' dir='ltr'>vel</span> <span class='ocrx_word' id='word_1_521' title='bbox 1473 1656 1574 1706; x_wconf 83' lang='lat' dir='ltr'>duo,</span> <span class='ocrx_word' id='word_1_522' title='bbox 1588 1663 1657 1696; x_wconf 88' lang='lat' dir='ltr'>aut</span> <span class='ocrx_word' id='word_1_523' title='bbox 1672 1668 1775 1699; x_wconf 88' lang='lat' dir='ltr'>unus</span> <span class='ocrx_word' id='word_1_524' title='bbox 1790 1651 1964 1698; x_wconf 72' lang='lat' dir='ltr'>vestrum</span> <span class='ocrx_word' id='word_1_525' title='bbox 1977 1681 1993 1705; x_wconf 88' lang='lat'>‚</span> <span class='ocrx_word' id='word_1_526' title='bbox 2013 1667 2088 1710; x_wconf 90' lang='lat' dir='ltr'>per</span> <span class='ocrx_word' id='word_1_527' title='bbox 2103 1654 2189 1694; x_wconf 83' lang='lat' dir='ltr'>Vos</span> <span class='ocrx_word' id='word_1_528' title='bbox 2205 1676 2221 1700; x_wconf 84' lang='lat'>‚</span> 
     </span>
     <span class='ocr_line' id='line_1_86' title="bbox 1261 1709 2226 1773; baseline -0.006 -15"><span class='ocrx_word' id='word_1_529' title='bbox 1261 1716 1329 1758; x_wconf 76' lang='lat' dir='ltr'>vel</span> <span class='ocrx_word' id='word_1_530' title='bbox 1348 1716 1469 1760; x_wconf 89' lang='lat' dir='ltr'>alium</span> <span class='ocrx_word' id='word_1_531' title='bbox 1483 1745 1497 1768; x_wconf 92' lang='lat'>‚</span> <span class='ocrx_word' id='word_1_532' title='bbox 1512 1714 1579 1758; x_wconf 89' lang='lat' dir='ltr'>seu</span> <span class='ocrx_word' id='word_1_533' title='bbox 1593 1711 1692 1756; x_wconf 85' lang='lat' dir='ltr'>alios</span> <span class='ocrx_word' id='word_1_534' title='bbox 1705 1712 1895 1773; x_wconf 80' lang='lat' dir='ltr'>praemiffa</span> <span class='ocrx_word' id='word_1_535' title='bbox 1907 1711 2138 1756; x_wconf 77' lang='lat' dir='ltr'>executioni</span> <span class='ocrx_word' id='word_1_536' title='bbox 2151 1709 2226 1752; x_wconf 88' lang='lat' dir='ltr'>de·</span> 
     </span>
     <span class='ocr_line' id='line_1_87' title="bbox 1254 1771 2224 1831; baseline -0.007 -14"><span class='ocrx_word' id='word_1_537' title='bbox 1254 1775 1347 1818; x_wconf 86' lang='lat' dir='ltr'>bitae</span> <span class='ocrx_word' id='word_1_538' title='bbox 1361 1775 1654 1819; x_wconf 83' lang='lat' dir='ltr'>demandantes</span> <span class='ocrx_word' id='word_1_539' title='bbox 1666 1802 1681 1826; x_wconf 89' lang='lat'><strong>,</strong></span> <span class='ocrx_word' id='word_1_540' title='bbox 1703 1774 1933 1831; x_wconf 70' lang='lat' dir='ltr'>dictamque</span> <span class='ocrx_word' id='word_1_541' title='bbox 1952 1771 2195 1816; x_wconf 86' lang='lat' dir='ltr'>sententiam</span> <span class='ocrx_word' id='word_1_542' title='bbox 2208 1793 2224 1817; x_wconf 82' lang='lat'>‚</span> 
     </span>
     <span class='ocr_line' id='line_1_88' title="bbox 1254 1831 2225 1891; baseline -0.01 -13"><span class='ocrx_word' id='word_1_543' title='bbox 1254 1835 1351 1883; x_wconf 85' lang='lat' dir='ltr'>ubi,</span> <span class='ocrx_word' id='word_1_544' title='bbox 1376 1837 1417 1878; x_wconf 82' lang='lat'>&amp;</span> <span class='ocrx_word' id='word_1_545' title='bbox 1431 1834 1599 1891; x_wconf 89' lang='lat' dir='ltr'>quando</span> <span class='ocrx_word' id='word_1_546' title='bbox 1615 1833 1807 1890; x_wconf 73' lang='lat' dir='ltr'>expedire</span> <span class='ocrx_word' id='word_1_547' title='bbox 1835 1832 2023 1876; x_wconf 78' lang='lat' dir='ltr'>videritis</span> <span class='ocrx_word' id='word_1_548' title='bbox 2040 1857 2056 1880; x_wconf 81' lang='lat'>‚</span> <span class='ocrx_word' id='word_1_549' title='bbox 2082 1831 2225 1871; x_wconf 67' lang='lat' dir='ltr'>aueto-</span> 
     </span>
     <span class='ocr_line' id='line_1_89' title="bbox 1248 1886 2223 1947; baseline -0.011 -9"><span class='ocrx_word' id='word_1_550' title='bbox 1248 1896 1369 1938; x_wconf 85' lang='lat' dir='ltr'>ritate</span> <span class='ocrx_word' id='word_1_551' title='bbox 1404 1894 1538 1937; x_wconf 84' lang='lat' dir='ltr'>nostra</span> <span class='ocrx_word' id='word_1_552' title='bbox 1578 1890 1817 1936; x_wconf 89' lang='lat' dir='ltr'>solemniter</span> <span class='ocrx_word' id='word_1_553' title='bbox 1856 1890 2059 1947; x_wconf 88' lang='lat' dir='ltr'>publicari</span> <span class='ocrx_word' id='word_1_554' title='bbox 2099 1886 2223 1930; x_wconf 88' lang='lat' dir='ltr'>facia-</span> 
     </span>
     <span class='ocr_line' id='line_1_90' title="bbox 1249 1946 2222 2008; baseline -0.011 -11"><span class='ocrx_word' id='word_1_555' title='bbox 1249 1955 1300 1997; x_wconf 84' lang='lat' dir='ltr'>tis</span> <span class='ocrx_word' id='word_1_556' title='bbox 1315 1953 1465 1997; x_wconf 86' lang='lat' dir='ltr'>eisdem</span> <span class='ocrx_word' id='word_1_557' title='bbox 1482 1952 1684 2008; x_wconf 83' lang='lat' dir='ltr'>Magistris</span> <span class='ocrx_word' id='word_1_558' title='bbox 1703 1982 1717 2005; x_wconf 80' lang='grc'><em>,</em></span> <span class='ocrx_word' id='word_1_559' title='bbox 1748 1950 1942 1996; x_wconf 83' lang='lat' dir='ltr'>Ministris</span> <span class='ocrx_word' id='word_1_560' title='bbox 1956 1978 1972 2001; x_wconf 85' lang='lat'><strong>,</strong></span> <span class='ocrx_word' id='word_1_561' title='bbox 1994 1950 2034 1992; x_wconf 86' lang='lat'>&amp;</span> <span class='ocrx_word' id='word_1_562' title='bbox 2064 1946 2222 1990; x_wconf 87' lang='lat' dir='ltr'>Fratri-</span> 
     </span>
     <span class='ocr_line' id='line_1_91' title="bbox 1246 2005 2219 2061; baseline -0.005 -9"><span class='ocrx_word' id='word_1_563' title='bbox 1246 2012 1324 2052; x_wconf 80' lang='lat' dir='ltr'>bus</span> <span class='ocrx_word' id='word_1_564' title='bbox 1338 2037 1354 2061; x_wconf 82' lang='lat'>‚</span> <span class='ocrx_word' id='word_1_565' title='bbox 1382 2015 1449 2054; x_wconf 79' lang='lat' dir='ltr'>vel</span> <span class='ocrx_word' id='word_1_566' title='bbox 1461 2013 1571 2054; x_wconf 71' lang='lat' dir='ltr'>dieto</span> <span class='ocrx_word' id='word_1_567' title='bbox 1587 2025 1734 2055; x_wconf 89' lang='lat' dir='ltr'>eorum</span> <span class='ocrx_word' id='word_1_568' title='bbox 1748 2010 2014 2055; x_wconf 85' lang='lat' dir='ltr'>Procuratori</span> <span class='ocrx_word' id='word_1_569' title='bbox 2025 2007 2106 2059; x_wconf 85' lang='lat' dir='ltr'>,dc</span> <span class='ocrx_word' id='word_1_570' title='bbox 2121 2005 2219 2049; x_wconf 88' lang='lat' dir='ltr'>Flo-</span> 
     </span>
     <span class='ocr_line' id='line_1_92' title="bbox 1250 2064 2220 2122; baseline -0.004 -14"><span class='ocrx_word' id='word_1_571' title='bbox 1250 2080 1443 2109; x_wconf 88' lang='lat' dir='ltr'>renorum</span> <span class='ocrx_word' id='word_1_572' title='bbox 1479 2065 1629 2108; x_wconf 77' lang='lat' dir='ltr'>siimma</span> <span class='ocrx_word' id='word_1_573' title='bbox 1670 2068 1899 2122; x_wconf 87' lang='lat' dir='ltr'>hujusmodi</span> <span class='ocrx_word' id='word_1_574' title='bbox 1938 2081 2015 2121; x_wconf 91' lang='lat' dir='ltr'>pro</span> <span class='ocrx_word' id='word_1_575' title='bbox 2039 2064 2220 2121; x_wconf 75' lang='lat' dir='ltr'>expensis</span> 
     </span>
     <span class='ocr_line' id='line_1_93' title="bbox 1246 2121 2220 2182; baseline -0.005 -15"><span class='ocrx_word' id='word_1_576' title='bbox 1246 2126 1355 2182; x_wconf 84' lang='lat' dir='ltr'>juxta</span> <span class='ocrx_word' id='word_1_577' title='bbox 1383 2121 1539 2180; x_wconf 82' lang='lat' dir='ltr'>praefatl</span> <span class='ocrx_word' id='word_1_578' title='bbox 1576 2123 1837 2168; x_wconf 82' lang='lat' dir='ltr'>Instrumenti</span> <span class='ocrx_word' id='word_1_579' title='bbox 1863 2123 2088 2167; x_wconf 88' lang='lat' dir='ltr'>earundem</span> <span class='ocrx_word' id='word_1_580' title='bbox 2117 2136 2220 2163; x_wconf 89' lang='lat' dir='ltr'>con·</span> 
     </span>
    </p>
   </div>
   <div class='ocr_carea' id='block_1_7' title="bbox 1247 2180 2220 2294">
    <p class='ocr_par' dir='ltr' id='par_1_9' title="bbox 1247 2180 2220 2294">
     <span class='ocr_line' id='line_1_94' title="bbox 1248 2180 2220 2236; baseline -0.001 -14"><span class='ocrx_word' id='word_1_581' title='bbox 1248 2183 1544 2231; x_wconf 85' lang='lat' dir='ltr'>demnationis,</span> <span class='ocrx_word' id='word_1_582' title='bbox 1568 2184 1609 2222; x_wconf 91' lang='lat'>&amp;</span> <span class='ocrx_word' id='word_1_583' title='bbox 1637 2184 1855 2225; x_wconf 81' lang='lat' dir='ltr'>taxationis</span> <span class='ocrx_word' id='word_1_584' title='bbox 1900 2190 2088 2224; x_wconf 88' lang='lat' dir='ltr'>tenorem</span> <span class='ocrx_word' id='word_1_585' title='bbox 2129 2180 2220 2236; x_wconf 88' lang='lat' dir='ltr'>ple—</span> 
     </span>
     <span class='ocr_line' id='line_1_95' title="bbox 1247 2237 2219 2294; baseline 0 -15"><span class='ocrx_word' id='word_1_586' title='bbox 1247 2252 1338 2280; x_wconf 80' lang='lat' dir='ltr'>nam</span> <span class='ocrx_word' id='word_1_587' title='bbox 1362 2265 1377 2288; x_wconf 84' lang='lat'>,</span> <span class='ocrx_word' id='word_1_588' title='bbox 1403 2239 1445 2278; x_wconf 75' lang='grc' dir='ltr'>δι</span> <span class='ocrx_word' id='word_1_589' title='bbox 1466 2237 1646 2278; x_wconf 86' lang='lat' dir='ltr'>debitam</span> <span class='ocrx_word' id='word_1_590' title='bbox 1676 2238 1987 2280; x_wconf 62' lang='lat' dir='ltr'>satisfactionem</span> <span class='ocrx_word' id='word_1_591' title='bbox 2004 2238 2219 2294; x_wconf 83' lang='lat' dir='ltr'>impendi,</span> 
     </span>
    </p>
   </div>
   <div class='ocr_carea' id='block_1_8' title="bbox 1234 2294 2219 3232">
    <p class='ocr_par' dir='ltr' id='par_1_10' title="bbox 1239 2294 2219 3003">
     <span class='ocr_line' id='line_1_96' title="bbox 1243 2294 2216 2352; baseline -0.002 -13"><span class='ocrx_word' id='word_1_592' title='bbox 1243 2298 1285 2339; x_wconf 75' lang='grc' dir='ltr'>δι</span> <span class='ocrx_word' id='word_1_593' title='bbox 1309 2295 1572 2338; x_wconf 86' lang='lat' dir='ltr'>nihilomiuus</span> <span class='ocrx_word' id='word_1_594' title='bbox 1597 2294 1794 2351; x_wconf 86' lang='lat' dir='ltr'>legitimis</span> <span class='ocrx_word' id='word_1_595' title='bbox 1820 2294 1938 2351; x_wconf 92' lang='lat' dir='ltr'>super</span> <span class='ocrx_word' id='word_1_596' title='bbox 1961 2295 2024 2338; x_wconf 83' lang='lat' dir='ltr'>his</span> <span class='ocrx_word' id='word_1_597' title='bbox 2040 2309 2113 2352; x_wconf 90' lang='lat' dir='ltr'>per</span> <span class='ocrx_word' id='word_1_598' title='bbox 2130 2298 2216 2337; x_wconf 77' lang='lat' dir='ltr'>Nos</span> 
     </span>
     <span class='ocr_line' id='line_1_97' title="bbox 1244 2353 2217 2411; baseline -0.003 -12"><span class='ocrx_word' id='word_1_599' title='bbox 1244 2355 1440 2399; x_wconf 87' lang='lat' dir='ltr'>habendis</span> <span class='ocrx_word' id='word_1_600' title='bbox 1457 2354 1623 2398; x_wconf 82' lang='lat' dir='ltr'>servatis</span> <span class='ocrx_word' id='word_1_601' title='bbox 1638 2353 1908 2410; x_wconf 83' lang='lat' dir='ltr'>proceffibus,</span> <span class='ocrx_word' id='word_1_602' title='bbox 1935 2366 2008 2396; x_wconf 78' lang='lat' dir='ltr'>eos</span> <span class='ocrx_word' id='word_1_603' title='bbox 2022 2382 2038 2405; x_wconf 89' lang='lat'>‚</span> <span class='ocrx_word' id='word_1_604' title='bbox 2057 2354 2217 2411; x_wconf 88' lang='lat' dir='ltr'>quoties</span> 
     </span>
     <span class='ocr_line' id='line_1_98' title="bbox 1243 2413 2219 2472; baseline -0.007 -14"><span class='ocrx_word' id='word_1_605' title='bbox 1243 2415 1723 2472; x_wconf 78' lang='lat' dir='ltr'>expedierit‚aggravare</span> <span class='ocrx_word' id='word_1_606' title='bbox 1739 2414 1907 2466; x_wconf 79' lang='lat' dir='ltr'>curetis,</span> <span class='ocrx_word' id='word_1_607' title='bbox 1920 2413 2219 2456; x_wconf 77' lang='lat' dir='ltr'>Contradie&#39;to-</span> 
     </span>
     <span class='ocr_line' id='line_1_99' title="bbox 1245 2470 2214 2532; baseline -0.004 -14"><span class='ocrx_word' id='word_1_608' title='bbox 1245 2490 1314 2520; x_wconf 89' lang='lat' dir='ltr'>res</span> <span class='ocrx_word' id='word_1_609' title='bbox 1330 2490 1402 2532; x_wconf 90' lang='lat' dir='ltr'>per</span> <span class='ocrx_word' id='word_1_610' title='bbox 1416 2470 1624 2518; x_wconf 88' lang='lat' dir='ltr'>censuram</span> <span class='ocrx_word' id='word_1_611' title='bbox 1644 2472 1964 2517; x_wconf 85' lang='lat' dir='ltr'>Eccleliasticam</span> <span class='ocrx_word' id='word_1_612' title='bbox 1974 2474 2078 2524; x_wconf 84' lang='lat' dir='ltr'>&amp;c.‚</span> <span class='ocrx_word' id='word_1_613' title='bbox 2092 2472 2214 2514; x_wconf 85' lang='lat' dir='ltr'>invo-</span> 
     </span>
     <span class='ocr_line' id='line_1_100' title="bbox 1243 2529 2211 2588; baseline -0.006 -10"><span class='ocrx_word' id='word_1_614' title='bbox 1243 2546 1337 2579; x_wconf 90' lang='lat' dir='ltr'>cato</span> <span class='ocrx_word' id='word_1_615' title='bbox 1350 2534 1400 2576; x_wconf 91' lang='lat' dir='ltr'>ad</span> <span class='ocrx_word' id='word_1_616' title='bbox 1418 2536 1496 2576; x_wconf 89' lang='lat' dir='ltr'>boc</span> <span class='ocrx_word' id='word_1_617' title='bbox 1509 2561 1523 2584; x_wconf 88' lang='lat'><strong>‚</strong></span> <span class='ocrx_word' id='word_1_618' title='bbox 1539 2534 1565 2574; x_wconf 79' lang='lat' dir='ltr'>st</span> <span class='ocrx_word' id='word_1_619' title='bbox 1581 2546 1684 2588; x_wconf 88' lang='lat' dir='ltr'>opus</span> <span class='ocrx_word' id='word_1_620' title='bbox 1701 2529 1823 2576; x_wconf 88' lang='lat' dir='ltr'>fuerit</span> <span class='ocrx_word' id='word_1_621' title='bbox 1838 2559 1855 2582; x_wconf 83' lang='lat'>‚</span> <span class='ocrx_word' id='word_1_622' title='bbox 1877 2531 2035 2576; x_wconf 82' lang='lat' dir='ltr'>auxilio</span> <span class='ocrx_word' id='word_1_623' title='bbox 2052 2530 2211 2575; x_wconf 88' lang='lat' dir='ltr'>brachii</span> 
     </span>
     <span class='ocr_line' id='line_1_101' title="bbox 1242 2590 2213 2647; baseline -0.005 -11"><span class='ocrx_word' id='word_1_624' title='bbox 1242 2594 1437 2638; x_wconf 69' lang='lat' dir='ltr'>sacularis</span> <span class='ocrx_word' id='word_1_625' title='bbox 1452 2594 1530 2634; x_wconf 75' lang='grc' dir='ltr'>διε.</span> <span class='ocrx_word' id='word_1_626' title='bbox 1543 2606 1624 2634; x_wconf 92' lang='lat' dir='ltr'>non</span> <span class='ocrx_word' id='word_1_627' title='bbox 1644 2592 1829 2636; x_wconf 86' lang='lat' dir='ltr'>obstante</span> <span class='ocrx_word' id='word_1_628' title='bbox 1854 2590 1880 2635; x_wconf 82' lang='lat' dir='ltr'>fi</span> <span class='ocrx_word' id='word_1_629' title='bbox 1905 2590 2097 2647; x_wconf 85' lang='lat' dir='ltr'>Philippo</span> <span class='ocrx_word' id='word_1_630' title='bbox 2112 2603 2213 2646; x_wconf 84' lang='lat' dir='ltr'>prae·</span> 
     </span>
     <span class='ocr_line' id='line_1_102' title="bbox 1241 2648 2209 2708; baseline -0.005 -11"><span class='ocrx_word' id='word_1_631' title='bbox 1241 2652 1357 2706; x_wconf 79' lang='lat' dir='ltr'>sato,</span> <span class='ocrx_word' id='word_1_632' title='bbox 1385 2653 1450 2697; x_wconf 78' lang='lat' dir='ltr'>vel</span> <span class='ocrx_word' id='word_1_633' title='bbox 1480 2650 1680 2708; x_wconf 83' lang='lat' dir='ltr'>quibusvis</span> <span class='ocrx_word' id='word_1_634' title='bbox 1707 2652 1797 2695; x_wconf 79' lang='lat' dir='ltr'>aliis</span> <span class='ocrx_word' id='word_1_635' title='bbox 1810 2651 2113 2702; x_wconf 89' lang='lat' dir='ltr'>communiter,</span> <span class='ocrx_word' id='word_1_636' title='bbox 2143 2648 2209 2692; x_wconf 83' lang='lat' dir='ltr'>vel</span> 
     </span>
     <span class='ocr_line' id='line_1_103' title="bbox 1239 2708 2214 2767; baseline -0.009 -9"><span class='ocrx_word' id='word_1_637' title='bbox 1239 2712 1398 2758; x_wconf 81' lang='lat' dir='ltr'>dirifim</span> <span class='ocrx_word' id='word_1_638' title='bbox 1425 2713 1447 2755; x_wconf 70' lang='lat' dir='ltr'>i</span> <span class='ocrx_word' id='word_1_639' title='bbox 1461 2710 1568 2754; x_wconf 62' lang='lat' dir='ltr'>dieta</span> <span class='ocrx_word' id='word_1_640' title='bbox 1586 2709 1630 2753; x_wconf 81' lang='lat' dir='ltr'>fit</span> <span class='ocrx_word' id='word_1_641' title='bbox 1645 2712 1751 2756; x_wconf 88' lang='lat' dir='ltr'>Sede</span> <span class='ocrx_word' id='word_1_642' title='bbox 1765 2710 1993 2759; x_wconf 78' lang='lat' dir='ltr'>indultum,</span> <span class='ocrx_word' id='word_1_643' title='bbox 2017 2709 2128 2767; x_wconf 89' lang='lat' dir='ltr'>quod</span> <span class='ocrx_word' id='word_1_644' title='bbox 2143 2708 2214 2750; x_wconf 88' lang='lat' dir='ltr'>in-</span> 
     </span>
     <span class='ocr_line' id='line_1_104' title="bbox 1241 2768 2211 2827; baseline -0.004 -11"><span class='ocrx_word' id='word_1_645' title='bbox 1241 2772 1392 2816; x_wconf 88' lang='lat' dir='ltr'>terdici</span> <span class='ocrx_word' id='word_1_646' title='bbox 1406 2800 1420 2824; x_wconf 88' lang='lat'>‚</span> <span class='ocrx_word' id='word_1_647' title='bbox 1449 2768 1629 2827; x_wconf 88' lang='lat' dir='ltr'>suspendi</span> <span class='ocrx_word' id='word_1_648' title='bbox 1653 2799 1668 2823; x_wconf 87' lang='lat'>‚</span> <span class='ocrx_word' id='word_1_649' title='bbox 1697 2770 1763 2816; x_wconf 77' lang='lat' dir='ltr'>vel</span> <span class='ocrx_word' id='word_1_650' title='bbox 1793 2770 2094 2814; x_wconf 81' lang='lat' dir='ltr'>excomunicari</span> <span class='ocrx_word' id='word_1_651' title='bbox 2129 2782 2211 2812; x_wconf 89' lang='lat' dir='ltr'>non</span> 
     </span>
     <span class='ocr_line' id='line_1_105' title="bbox 1241 2828 2211 2892; baseline -0.006 -16"><span class='ocrx_word' id='word_1_652' title='bbox 1241 2831 1384 2892; x_wconf 84' lang='lat' dir='ltr'>poffint</span> <span class='ocrx_word' id='word_1_653' title='bbox 1400 2830 1646 2888; x_wconf 83' lang='lat' dir='ltr'>perlitteras</span> <span class='ocrx_word' id='word_1_654' title='bbox 1671 2830 1927 2886; x_wconf 78' lang='lat' dir='ltr'>Apostolicas</span> <span class='ocrx_word' id='word_1_655' title='bbox 1953 2843 2035 2872; x_wconf 90' lang='lat' dir='ltr'>non</span> <span class='ocrx_word' id='word_1_656' title='bbox 2062 2828 2211 2874; x_wconf 80' lang='lat' dir='ltr'>facien-</span> 
     </span>
     <span class='ocr_line' id='line_1_106' title="bbox 1240 2885 2209 2949; baseline -0.01 -12"><span class='ocrx_word' id='word_1_657' title='bbox 1240 2903 1305 2937; x_wconf 84' lang='lat' dir='ltr'>tes</span> <span class='ocrx_word' id='word_1_658' title='bbox 1333 2891 1496 2949; x_wconf 90' lang='lat' dir='ltr'>plenam</span> <span class='ocrx_word' id='word_1_659' title='bbox 1522 2892 1560 2931; x_wconf 84' lang='lat'>&amp;</span> <span class='ocrx_word' id='word_1_660' title='bbox 1580 2887 1799 2943; x_wconf 81' lang='lat' dir='ltr'>expreffam</span> <span class='ocrx_word' id='word_1_661' title='bbox 1815 2916 1831 2939; x_wconf 78' lang='lat'>,</span> <span class='ocrx_word' id='word_1_662' title='bbox 1858 2902 1905 2931; x_wconf 86' lang='lat' dir='ltr'>ac</span> <span class='ocrx_word' id='word_1_663' title='bbox 1924 2885 1978 2929; x_wconf 90' lang='lat' dir='ltr'>de</span> <span class='ocrx_word' id='word_1_664' title='bbox 2006 2888 2134 2931; x_wconf 89' lang='lat' dir='ltr'>verbo</span> <span class='ocrx_word' id='word_1_665' title='bbox 2157 2886 2209 2928; x_wconf 91' lang='lat' dir='ltr'>ad</span> 
     </span>
     <span class='ocr_line' id='line_1_107' title="bbox 1240 2945 2204 3003; baseline -0.011 -7"><span class='ocrx_word' id='word_1_666' title='bbox 1240 2951 1414 2997; x_wconf 79' lang='lat' dir='ltr'>verbum</span> <span class='ocrx_word' id='word_1_667' title='bbox 1426 2950 1478 2993; x_wconf 90' lang='lat' dir='ltr'>de</span> <span class='ocrx_word' id='word_1_668' title='bbox 1493 2948 1658 2994; x_wconf 88' lang='lat' dir='ltr'>indulto</span> <span class='ocrx_word' id='word_1_669' title='bbox 1672 2945 1901 3003; x_wconf 87' lang='lat' dir='ltr'>hujusmodi</span> <span class='ocrx_word' id='word_1_670' title='bbox 1915 2947 2175 2991; x_wconf 85' lang='lat' dir='ltr'>mentionem</span> <span class='ocrx_word' id='word_1_671' title='bbox 2191 2976 2204 2986; x_wconf 86' lang='lat'><strong>.</strong></span> 
     </span>
    </p>

    <p class='ocr_par' dir='ltr' id='par_1_11' title="bbox 1234 3005 2207 3232">
     <span class='ocr_line' id='line_1_108' title="bbox 1357 3005 2206 3054; baseline -0.011 0"><span class='ocrx_word' id='word_1_672' title='bbox 1357 3014 1511 3054; x_wconf 85' lang='lat' dir='ltr'>Datum</span> <span class='ocrx_word' id='word_1_673' title='bbox 1536 3006 1754 3052; x_wconf 78' lang='lat' dir='ltr'>Florentia:</span> <span class='ocrx_word' id='word_1_674' title='bbox 1768 3010 1888 3051; x_wconf 77' lang='lat' dir='ltr'>Anno</span> <span class='ocrx_word' id='word_1_675' title='bbox 1911 3005 2206 3050; x_wconf 87' lang='lat' dir='ltr'>incarnationis</span> 
     </span>
     <span class='ocr_line' id='line_1_109' title="bbox 1240 3062 2207 3122; baseline -0.01 -8"><span class='ocrx_word' id='word_1_676' title='bbox 1240 3067 1687 3114; x_wconf 85' lang='lat' dir='ltr'>DominicaeMillefimo</span> <span class='ocrx_word' id='word_1_677' title='bbox 1700 3062 2096 3122; x_wconf 66' lang='lat' dir='ltr'>quadringentesimo</span> <span class='ocrx_word' id='word_1_678' title='bbox 2109 3078 2207 3121; x_wconf 86' lang='lat' dir='ltr'>qua·-</span> 
     </span>
     <span class='ocr_line' id='line_1_110' title="bbox 1237 3123 2205 3185; baseline -0.008 -13"><span class='ocrx_word' id='word_1_679' title='bbox 1237 3127 1478 3185; x_wconf 87' lang='lat' dir='ltr'>dragefimo,</span> <span class='ocrx_word' id='word_1_680' title='bbox 1493 3140 1602 3170; x_wconf 91' lang='lat' dir='ltr'>nono</span> <span class='ocrx_word' id='word_1_681' title='bbox 1617 3123 1820 3170; x_wconf 85' lang='lat' dir='ltr'>Kalendas</span> <span class='ocrx_word' id='word_1_682' title='bbox 1830 3123 2078 3182; x_wconf 82' lang='lat' dir='ltr'>Septembris</span> <span class='ocrx_word' id='word_1_683' title='bbox 2093 3126 2205 3168; x_wconf 86' lang='lat' dir='ltr'>Pon-</span> 
     </span>
     <span class='ocr_line' id='line_1_111' title="bbox 1234 3184 1892 3232; baseline -0.008 0"><span class='ocrx_word' id='word_1_684' title='bbox 1234 3186 1411 3232; x_wconf 79' lang='lat' dir='ltr'>tificatt&#39;is</span> <span class='ocrx_word' id='word_1_685' title='bbox 1438 3184 1561 3230; x_wconf 88' lang='lat' dir='ltr'>nostri</span> <span class='ocrx_word' id='word_1_686' title='bbox 1587 3198 1693 3228; x_wconf 90' lang='lat' dir='ltr'>anno</span> <span class='ocrx_word' id='word_1_687' title='bbox 1706 3184 1892 3228; x_wconf 88' lang='lat' dir='ltr'>decimo.</span> 
     </span>
    </p>
   </div>
   <div class='ocr_carea' id='block_1_9' title="bbox 1295 3300 2202 3544">
    <p class='ocr_par' dir='ltr' id='par_1_12' title="bbox 1295 3300 2202 3544">
     <span class='ocr_line' id='line_1_112' title="bbox 1295 3300 2200 3363; baseline -0.009 -11"><span class='ocrx_word' id='word_1_688' title='bbox 1295 3306 1420 3352; x_wconf 83' lang='lat' dir='ltr'>Arcb.</span> <span class='ocrx_word' id='word_1_689' title='bbox 1442 3304 1564 3350; x_wconf 69' lang='lat' dir='ltr'>VatIc.</span> <span class='ocrx_word' id='word_1_690' title='bbox 1586 3304 1658 3348; x_wconf 59' lang='lat' dir='ltr'>tila·</span> <span class='ocrx_word' id='word_1_691' title='bbox 1677 3301 1860 3363; x_wconf 80' lang='lat' dir='ltr'><em>128.fi1.</em></span> <span class='ocrx_word' id='word_1_692' title='bbox 1895 3313 1945 3356; x_wconf 83' lang='lat'>14</span> <span class='ocrx_word' id='word_1_693' title='bbox 1953 3314 1986 3343; x_wconf 89' lang='lat'>1.</span> <span class='ocrx_word' id='word_1_694' title='bbox 1999 3300 2106 3344; x_wconf 82' lang='lat' dir='ltr'>Ball.</span> <span class='ocrx_word' id='word_1_695' title='bbox 2122 3303 2200 3344; x_wconf 90' lang='lat' dir='ltr'>Or·</span> 
     </span>
     <span class='ocr_line' id='line_1_113' title="bbox 1356 3361 2202 3420; baseline -0.009 -12"><span class='ocrx_word' id='word_1_696' title='bbox 1356 3365 1463 3408; x_wconf 70' lang='lat' dir='ltr'>dInir</span> <span class='ocrx_word' id='word_1_697' title='bbox 1503 3366 1631 3408; x_wconf 75' lang='lat' dir='ltr'>Praed.</span> <span class='ocrx_word' id='word_1_698' title='bbox 1653 3373 1748 3407; x_wconf 84' lang='lat' dir='ltr'>tom.</span> <span class='ocrx_word' id='word_1_699' title='bbox 1773 3378 1814 3420; x_wconf 84' lang='lat'>3.</span> <span class='ocrx_word' id='word_1_700' title='bbox 1825 3361 1904 3420; x_wconf 80' lang='lat' dir='ltr'>fhl.</span> <span class='ocrx_word' id='word_1_701' title='bbox 1925 3363 2016 3404; x_wconf 81' lang='lat'>128.</span> <span class='ocrx_word' id='word_1_702' title='bbox 2041 3361 2202 3407; x_wconf 76' lang='lat' dir='ltr'>Bullar.</span> 
     </span>
     <span class='ocr_line' id='line_1_114' title="bbox 1357 3420 2197 3479; baseline -0.01 -10"><span class='ocrx_word' id='word_1_703' title='bbox 1357 3424 1564 3469; x_wconf 68' lang='lat' dir='ltr'>Carmelit.</span> <span class='ocrx_word' id='word_1_704' title='bbox 1588 3424 1631 3466; x_wconf 85' lang='lat' dir='ltr'>in</span> <span class='ocrx_word' id='word_1_705' title='bbox 1645 3427 1789 3479; x_wconf 79' lang='lat' dir='ltr'>Eugen.</span> <span class='ocrx_word' id='word_1_706' title='bbox 1805 3426 1828 3466; x_wconf 94' lang='lat'><em>1</em></span> <span class='ocrx_word' id='word_1_707' title='bbox 1835 3425 1872 3466; x_wconf 80' lang='lat' dir='ltr'>V.</span> <span class='ocrx_word' id='word_1_708' title='bbox 1888 3420 2048 3475; x_wconf 77' lang='lat' dir='ltr'>Constit-</span> <span class='ocrx_word' id='word_1_709' title='bbox 2073 3422 2113 3465; x_wconf 80' lang='grc' dir='ltr'><em>Χ</em></span> <span class='ocrx_word' id='word_1_710' title='bbox 2119 3422 2163 3463; x_wconf 77' lang='lat' dir='ltr'>VI</span> <span class='ocrx_word' id='word_1_711' title='bbox 2165 3423 2197 3462; x_wconf 87' lang='lat'>1.</span> 
     </span>
     <span class='ocr_line' id='line_1_115' title="bbox 1346 3478 2192 3544; baseline -0.009 -16"><span class='ocrx_word' id='word_1_712' title='bbox 1346 3482 1432 3544; x_wconf 75' lang='lat' dir='ltr'>fil.</span> <span class='ocrx_word' id='word_1_713' title='bbox 1453 3484 1546 3539; x_wconf 88' lang='grc' dir='ltr'><strong>ι98.</strong></span> <span class='ocrx_word' id='word_1_714' title='bbox 1561 3482 1778 3540; x_wconf 63' lang='lat' dir='ltr'>Wadding.</span> <span class='ocrx_word' id='word_1_715' title='bbox 1802 3491 1898 3537; x_wconf 62' lang='lat' dir='ltr'>tont-</span> <span class='ocrx_word' id='word_1_716' title='bbox 1920 3483 1991 3527; x_wconf 70' lang='lat'>11.</span> <span class='ocrx_word' id='word_1_717' title='bbox 1995 3478 2077 3538; x_wconf 79' lang='lat' dir='ltr'>fil.</span> <span class='ocrx_word' id='word_1_718' title='bbox 2098 3488 2192 3527; x_wconf 86' lang='lat'>105-</span> 
     </span>
    </p>
   </div>
  </div>
 </body>
</html>
