2444 4192
758 193 921 281 Sub
981 194 1376 280 Benedifflo
1435 192 1529 279 X
1546 193 1592 278 I
1609 193 1710 282 V.

1964 226 2120 314 535

205 343 291 386 lum
320 344 587 387 Sacerdotem
610 344 849 388 Saecularem
875 369 890 391 ‚
926 354 996 385 aut
1021 340 1166 385 diverfi
1223 343 1316 384 dem
1330 342 1676 396 Congregatione,
1699 348 1744 382 nt
1760 339 1993 394 prefertur,
2016 348 2057 389 in
2076 349 2176 391 deli.

204 399 373 443 Ordinis
400 403 645 456 Regularem
671 431 688 453 ‚
716 402 888 443 vidimus
915 401 936 442 i
966 400 1163 454 Regulari

136 460 153 472 ²
203 459 384 502 Proelato
399 461 641 504 Monialtbus
657 459 726 501 fibi
738 457 922 514 subjectis
938 456 1164 500 extraordi-

201 519 357 559 narium
379 517 658 562 Confefforem
679 516 868 572 deputari
893 542 906 555 .
940 515 1162 569 Denique..-

201 590 327 631 quum
355 577 574 634 aliquando
597 576 758 620 evenire
769 573 909 630 potiit,
933 583 979 614 ut
1000 573 1042 614 in
1070 571 1162 635 casu

199 634 453 690 negligentia
469 633 692 690 Superioris
706 631 920 688 Regularis
933 659 949 681 ,
971 629 1023 671 ad
1050 627 1162 683 Epis.

200 707 348 748 eopum
362 723 379 746 ,
401 704 447 737 ut
461 690 573 748 supri
589 693 740 736 diatim
752 691 807 735 est
823 716 837 739 ‚
863 690 1062 746 pertineat
1086 685 1160 727 de·

200 752 361 806 putatio
375 748 613 796 Confeffarii
632 746 938 794 extraordinarii
952 747 1073 788 etiam
1086 757 1159 798 pro

196 809 445 854 Monialibus
463 809 721 866 Regularium
746 806 929 863 regimini
947 802 1158 857 subjectis3

198 866 310 909 nulla
333 868 414 922 ipse
434 868 522 924 lege
533 876 695 911 tenetur
718 865 768 909 ad
797 862 1021 921 hujusmodi
1046 864 1159 903 Con·

199 922 395 968 feffariutn
408 926 637 982 eligendum
650 940 700 970 ex
713 939 766 968 eo
778 923 934 967 Ordine
945 947 960 970 ,
974 919 1085 975 cujus
1101 918 1157 961 est

199 982 427 1027 Monaslerii
442 985 653 1039 Praelatus3
677 983 744 1027 sed
771 982 845 1026 tali
871 986 962 1026 casu
989 980 1159 1022 liberum

198 1040 254 1085 eli
271 1041 331 1085 illi
341 1042 562 1099 quemlibet
576 1043 765 1086 idoneum
785 1043 1066 1095 Presbyterum
1081 1041 1159 1080 Sae-

197 1099 403 1153 cuiatem,
418 1111 496 1153 *aut
524 1103 692 1145 alterius
706 1099 873 1144 Ordinis
889 1097 1133 1152 Regularem
1141 1121 1159 1144 ,

198 1158 249 1199 ad
265 1159 486 1202 audiendas
512 1173 650 1203 earum
670 1158 914 1204 Monialium
929 1153 1157 1200 Confcffio·

195 1228 269 1257 nes
280 1216 483 1272 deputare
501 1247 514 1259 .

308 1276 364 1316 At
378 1280 503 1327 quum
517 1274 783 1326 superioribus
795 1274 905 1316 anuis
920 1269 1161 1327 Apostolicoe

194 1330 288 1375 Sedi
311 1333 532 1386 expolitum
548 1327 703 1380 fuiffct,
731 1330 908 1385 pluribus
935 1329 988 1370 de
1001 1328 1125 1368 caufis
1142 1350 1158 1374 ,

193 1390 320 1446 iisque
333 1388 581 1446 gravissimis,
597 1403 693 1445 quas
706 1388 772 1431 hic
789 1387 947 1431 referre
957 1399 1060 1442 opus
1074 1397 1157 1428 non

196 1448 251 1491 eil
265 1477 281 1500 ‚
296 1457 472 1490 nontam
485 1457 765 1504 opportunum
779 1473 794 1496 ‚
825 1451 946 1502 quam
961 1444 1080 1500 plan'e
1095 1455 1162 1485 ne·

199 1507 408 1551 cetrarium
424 1506 553 1550 videri
567 1535 583 1558 ,
597 1515 644 1549 ut
657 1506 895 1547 Monialium
913 1501 1154 1547 Monasteria

197 1564 467 1622 Regularium
482 1564 666 1621 regimini
682 1563 870 1621 subjecta,
884 1562 1003 1604 semel
1022 1560 1161 1602 saltem

195 1626 238 1667 in
259 1638 366 1667 anno
388 1621 683 1668 Confeffarium
707 1622 1074 1666 extraordinarium
1098 1618 1161 1661 di-

199 1683 301 1726 versi
325 1682 493 1726 Ordinis
515 1682 761 1738 Regularem
781 1709 797 1732 ‚
821 1691 888 1724 aut
923 1681 946 1722 e
974 1676 1161 1723 seculari

195 1741 321 1785 Clero
335 1741 617 1797 Presbyterum
634 1741 845 1796 haberent3
860 1738 975 1794 hujus
989 1739 1048 1779 rei
1064 1749 1160 1778 exa-

198 1813 292 1844 men
306 1829 324 1851 ,
346 1799 504 1853 iubente
529 1798 818 1843 fel-recordat.
834 1793 1161 1842 Praedeeefl'orea

194 1857 348 1903 Nostro
361 1859 600 1902 Innocentio
617 1860 723 1914 Papa
738 1859 858 1902 xut-
875 1887 891 1910 ,
918 1853 1155 1909 assumptum

197 1915 274 1960 fuit
299 1916 321 1959 a
339 1916 534 1974 peculiari
555 1917 888 1974 congregatione
913 1930 961 1958 ex
976 1915 1154 1971 quinque

129 1982 132 1985 ’
193 1985 290 2019 tunc
308 1977 564 2020 existentibus
577 1976 722 2020 stt-E.
739 1975 1024 2019 cardinalibus
1038 1986 1153 2015 com-

195 2033 339 2089 potita,
349 2037 416 2080 cui
432 2038 519 2078 Nos
533 2043 628 2078 tunc
644 2036 684 2077 in
700 2034 926 2078 Minoribus
940 2030 1151 2076 constituti

196 2092 237 2136 in
249 2093 468 2140 secretarii
482 2107 646 2137 munere
668 2106 832 2150 operam
848 2091 1120 2159 praestabamus
1134 2101 1151 2142 3

196 2165 367 2221 quaeque
395 2167 468 2211 per
494 2166 642 2196 annum
655 2154 692 2194 δι
705 2153 814 2219 ultra
827 2179 843 2202 ,
864 2150 1027 2220 lingulis
1043 2150 1154 2251 ligici:

195 2211 384 2314 {33:32⁵
396 2210 1011 2328 33252‘55’22352222252355

96 2365 103 2370 .
195 2328 370 2373 ssionum
383 2329 544 2386 capita,
566 2342 649 2384 quae
670 2327 819 2373 deinde
845 2326 991 2372 inserta
1006 2326 1094 2370 sunt
1116 2326 1156 2369 iu

196 2387 443 2442 Apostolicis
469 2387 621 2432 Literis
664 2389 715 2431 ab
742 2386 885 2432 eodem
914 2386 1155 2430 lnnocentio

198 2445 489 2491 Praedeceffore
517 2446 637 2489 editis
667 2447 736 2490 die
777 2460 823 2490 xi
839 2460 903 2490 ιι.
940 2445 1038 2488 Maii
1062 2444 1155 2486 anni

199 2518 403 2548 unccxxi
423 2520 485 2548 ιι.
498 2534 514 2556 ,
529 2519 697 2559 quatum
712 2505 870 2549 initium
886 2504 942 2548 est
966 2519 1023 2546 =
1050 2508 1152 2560 Apo·

186 2562 325 2620 stelit}
337 2560 557 2619 Minesterii
571 2578 648 2614 =,
662 2575 748 2616 quoe
762 2564 886 2606 etiam
903 2563 924 2604 ὁ
941 2566 1017 2606 san.
1033 2577 1153 2606 mem.

195 2620 482 2666 Praedeceffore
505 2635 663 2678 quoque
681 2619 830 2664 Nostro
846 2621 1065 2664 Benedicto
1080 2623 1155 2661 Pa·

197 2692 249 2733 pa
261 2680 382 2721 xtu.
412 2679 453 2721 in
465 2675 594 2722 forma
610 2678 792 2734 specifica
812 2679 1058 2723 confirmata
1073 2677 1157 2721 fue·

201 2745 385 2792 runt,per
393 2735 491 2778 alias
502 2735 647 2779 fimiles
658 2737 814 2781 Literas
827 2737 940 2780 datas
949 2737 1018 2779 die
1032 2750 1157 2780 utu.

200 2795 449 2851 Septembris
463 2796 554 2838 anni
569 2809 839 2839 unccxxtv·

315 2855 426 2897 Cum
438 2864 573 2898 autem
587 2851 779 2908 negocia,
804 2866 890 2909 quat
915 2851 954 2894 in
976 2866 1022 2895 ea
1044 2853 1159 2894 Con·

197 2911 434 2967 gregatione
458 2911 732 2955 tractabantur
755 2939 772 2964 ‚
803 2909 950 2954 nullius
979 2910 1156 2967 privatas

197 2969 376 3013 rationes
386 2973 635 3026 attingerent
649 2997 664 3021 ,
676 2967 745 3012 sed
758 2969 810 3013 de
823 2968 1068 3014 restituenda
1082 2982 1157 3026 po—

199 3026 387 3072 tiffimum
400 3027 634 3072 Tridentini
645 3027 824 3071 Consilii
837 3027 1094 3073 observantia
1114 3027 1157 3069 in

201 3086 440 3142 quibusdam
455 3086 665 3132 Catholici
676 3087 800 3130 Orbis
816 3087 1066 3141 Regiouibus
1079 3112 1094 3136 ‚
1111 3094 1158 3128 ut

201 3143 408 3189 serebatur
425 3175 439 3199 ‚
462 3160 545 3189 non
576 3159 715 3200 parum
742 3144 977 3213 labefaelata
997 3173 1012 3197 ‚
1038 3144 1158 3188 unice

201 3217 320 3313 25³5?
325 3202 1159 3320 2¹32,z,⁶2:²52ss{tinstiffxlzizssffz‘i

205 3319 442 3366 deducenda
463 3322 580 3379 jura,
609 3321 635 3364 ti
650 3336 735 3379 quae
760 3323 830 3366 fibi
848 3320 1038 3366 adversus
1059 3319 1158 3372 illa,

1222 400 1473 442 berationem
1490 400 1600 439 venit
1614 423 1632 448 ‚
1653 410 1702 438 an
1715 397 2022 442 decernendum
2037 404 2147 447 foret
2160 432 2179 455 ‚

1222 467 1270 500 ut
1289 455 1511 511 Regulares
1536 454 1874 499 Monastcriorum
1889 457 2044 500 Praelati
2058 488 2075 509 ,
2100 462 2182 505 uni

1221 512 1359 556 saltem
1373 527 1422 555 ex
1440 511 1572 554 tribus
1588 512 1744 554 vicibus
1758 541 1774 564 ,
1798 515 1938 569 quibus
1954 520 2183 560 extraordi-

1219 573 1375 616 narium
1391 568 1683 614 Conseffarium
1698 572 1943 614 Monialibus
1966 572 2039 616 fibi
2055 572 2185 630 subje-

1219 631 1292 672 etis
1306 630 1344 672 in
1362 641 1485 670 annos
1501 627 1674 684 singulos
1687 631 1877 673 exhibere
1891 630 2046 674 debent
2059 659 2076 684 ,
2104 634 2182 673 ali-

1219 702 1338 744 quem
1353 685 1589 731 Saecularem
1605 715 1618 738 ,
1641 698 1706 728 ant
1734 688 1902 731 alterius
1915 690 2081 732 Ordinis
2095 692 2183 733 Re-

1219 748 1400 801 gularem
1415 744 1697 799 Presbyterum
1721 746 1771 788 ad
1798 746 1838 788 id
1856 747 2053 801 deputare
2066 758 2184 791 tene-

1218 816 1362 847 rentur
1377 828 1391 851 ,
1405 813 1532 858 utque
1551 803 1639 857 ipfis
1655 805 1728 847 hac
1759 805 1796 846 in
1810 817 1851 848 re
1863 804 2151 849 deficientibus
2162 834 2178 859 ‚

1217 864 1391 907 liberum
1405 859 1502 903 esset
1520 862 1725 917 Episcopis
1741 865 1946 906 Locorum
1959 865 2183 908 Ordinatiis

1216 935 1358 966 eorum
1374 918 1576 962 defectum
1597 921 1775 977 supplere
1790 923 1830 963 &
1844 923 2060 966 emendare
2078 952 2091 965 .

1336 978 1630 1035 Verum,quum
1643 979 1914 1035 Regularibus
1928 981 2183 1031 innotuisset,

1218 1040 1240 1082 i
1257 1037 1440 1095 praedieta
1454 1039 1789 1094 Congregatione
1803 1039 2012 1082 conditum
2042 1041 2183 1085 esse-a

1218 1100 1440 1141 Decretum
1454 1109 1597 1139 eorum
1612 1097 1828 1140 intentioni
1841 1098 2101 1148 contrarium,
2115 1105 2185 1139 ut-

1220 1157 1395 1213 potequi
1413 1155 1580 1198 minime
1610 1155 1801 1211 adstringi
1817 1157 2013 1199 volebant
2035 1158 2084 1200 ad
2107 1156 2187 1199 hu-

1218 1214 1383 1271 jusmodi
1397 1228 1568 1256 annuam
1581 1213 1884 1270 deputationem
1895 1213 2185 1259 confessorum

1219 1274 1634 1317 extraordinariorum
1652 1272 1676 1314 ὲ
1692 1273 1820 1317 Clero
1834 1274 2042 1326 Stculari,
2054 1274 2183 1317 velex

1219 1333 1305 1373 aliis
1328 1331 1548 1373 Ordinibus
1563 1359 1578 1380 ‚
1602 1332 1888 1376 nonnullarum
1921 1332 2187 1387 Religionum

1218 1392 1511 1433 Procuratores
1537 1390 1763 1431 Generales
1782 1392 1991 1446 petierunt
2022 1388 2186 1432 admitti

1220 1448 1270 1491 ad
1297 1446 1560 1490 deducendas
1590 1447 1770 1490 rationes
1795 1476 1811 1500 ‚
1830 1460 1925 1506 quas
1953 1445 2187 1502 hujusmodi

1222 1509 1400 1549 Deci-eto
1412 1504 1802 1560 obstareputabant3
1830 1511 2019 1562 Cumque
2049 1507 2091 1550 id
2119 1504 2182 1548 fa-

1221 1563 1301 1606 cile
1319 1562 1625 1620 impetrassent,
1639 1577 1686 1606 ac
1706 1561 1813 1606 suam
1826 1590 1842 1614 ,
1869 1562 2073 1619 totiusque
2082 1568 2184 1608 Coe·

1223 1621 1286 1666 tiis
1306 1622 1569 1678 Regularium
1597 1620 1752 1665 causam
1777 1635 1850 1678 per
1877 1624 2042 1667 eximios
2068 1623 2181 1666 illius

1220 1682 1414 1738 temporis
1442 1682 1481 1724 in
1500 1682 1681 1724 Romana
1699 1683 1827 1724 Curia
1847 1683 2083 1726 Advocatos
2112 1682 2184 1725 de-

1221 1741 1331 1784 sendi
1357 1738 1591 1791 curssssent,
1614 1739 1679 1782 {cd
1706 1740 1968 1786 nihilominus
1994 1741 2183 1799 predia·

1221 1798 1500 1843 cardinalium
1517 1800 1800 1854 Congregatio
1814 1800 1852 1841 in
1868 1802 1996 1855 priori
2013 1806 2187 1845 Senten-

1220 1860 1275 1901 tia
1291 1857 1568 1914 permanfisset
1586 1882 1600 1905 ‚
1619 1857 1767 1914 placuit
1784 1860 1948 1913 prefato
1967 1858 2188 1903 Praedeces·

1216 1917 1296 1961 soti
1331 1917 1599 1967 lnnocentio,
1619 1926 1836 1973 antequam
1854 1920 2081 1962 Decretum
2111 1918 2185 1960 hu·

1211 1975 1383 2035 jusmodi
1401 1976 1690 2030 approbatione
1706 1976 1767 2017 sua
1786 1975 2026 2020 confimaret
2038 2003 2054 2027 ,
2077 1977 2184 2019 alio·

1211 2049 1297 2078 rum
1320 2034 1601 2077 Cardinalium
1613 2034 1841 2076 sententias
1854 2034 1991 2077 audire
2004 2063 2015 2076 .
2034 2036 2181 2090 ltaque

1214 2093 1385 2137 exclusis
1398 2093 1480 2135 illis
1493 2092 1680 2134 omnibus
1694 2118 1709 2141 ,
1721 2092 1789 2148 qui
1805 2106 1853 2135 ex
1865 2093 1983 2149 iplius
2006 2092 2182 2135 Pontifi-

1214 2154 1273 2198 cis
1288 2152 1556 2208 deputatione
1568 2178 1583 2202 ‚
1607 2151 1646 2193 in
1665 2151 1980 2207 precedentibus
1990 2152 2182 2196 Seffioni·

1216 2214 1287 2256 bus
1319 2226 1393 2269 per
1410 2223 1555 2254 annum
1578 2211 1777 2265 integrum
1800 2212 1968 2268 negocia
1995 2209 2181 2254 discuffe—

1216 2281 1304 2314 rant
1320 2300 1336 2322 ,
1360 2271 1523 2326 aliisque
1538 2269 1749 2311 advocatis
1762 2270 2046 2314 Cardiualibus
2062 2297 2078 2321 ,
2092 2270 2186 2326 qui-

1216 2330 1291 2373 bus
1305 2330 1485 2372 exbiberi
1504 2326 1662 2370 {ecreto
1688 2325 1839 2372 fecerat
1863 2330 2185 2387 conscriptarum

1217 2389 1504 2445 allegationum
1532 2387 1716 2442 exempla
1729 2414 1744 2438 ,
1779 2391 1867 2431 Nos
1895 2389 2019 2432 etiam
2049 2385 2184 2430 adesse

1216 2447 1315 2505 juss'ts
1330 2476 1344 2499 ‚
1358 2448 1426 2505 qui
1442 2447 1645 2489 rationum
1660 2457 1864 2489 momenta
1892 2448 1912 2490 l
1929 2448 2053 2503 priori
2068 2450 2187 2490 Con.

1216 2508 1455 2564 gregatione
1470 2519 1547 2562 prae
1559 2506 1689 2549 oculis
1706 2507 1841 2549 habita
1857 2535 1871 2559 ,
1887 2507 1911 2549 fi
1926 2519 2031 2562 opus
2050 2506 2155 2548 essct
2170 2533 2185 2558 ‚

1215 2580 1415 2622 exponere
1449 2564 1675 2620 possemus3
1701 2579 1847 2608 noram
1863 2565 2185 2609 cardinalium..

1216 2626 1591 2680 Congregationem
1615 2638 1664 2666 ex
1692 2623 1913 2680 improviso
1938 2637 2079 2666 coram
2107 2623 2187 2667 so

1216 2684 1463 2727 convocavit
1479 2709 1494 2733 ‚
1526 2685 1565 2724 in
1592 2695 1669 2738 qua
1686 2684 1828 2725 iterum
1857 2693 1931 2737 pro
1961 2684 2060 2725 osita
2085 2694 2188 2738 quae-

1216 2741 1294 2784 ssio
1308 2740 1530 2796 diligenter
1554 2753 1599 2783 ac
1616 2742 1773 2784 mature
1802 2741 1912 2785 discu
1932 2753 1975 2783 sa
2004 2738 2111 2794 suit;
2137 2754 2185 2784 ac

1217 2799 1382 2840 demum
1395 2798 1475 2852 ipse
1489 2796 1678 2841 Pontifex
1692 2825 1708 2847 ‚
1732 2800 1783 2842 de
1818 2799 1933 2854 ipfius
1950 2802 2189 2854 congrega-

1219 2856 1341 2899 tionis
1355 2855 1522 2898 confine
1534 2855 1574 2896 δι
1589 2853 1740 2896 assensu
1754 2882 1769 2905 ‚
1795 2855 1914 2910 super
1943 2857 2017 2897 bae
2051 2871 2095 2898 re
2110 2857 2188 2898 de·

1218 2916 1355 2958 crevit
1374 2923 1443 2965 ,ut
1465 2913 1647 2970 sequitur
1662 2928 1719 2955 =
1752 2917 1922 2969 Cumque
1946 2925 1993 2955 rx
2016 2915 2188 2959 eadem..

1220 2973 1391 3017 Concilio
1423 2970 1652 3015 Tridentino
1678 2970 1874 3032 Confefflr
1906 2973 2189 3015 extraordina-

1215 3032 1299 3075 rius
1313 3030 1372 3073 bis
1385 3059 1400 3083 ‚
1430 3042 1502 3074 ant
1523 3041 1587 3074 ter
1612 3031 1654 3073 in
1680 3043 1782 3073 anne
1795 3030 1933 3090 offlrri
1946 3030 2187 3076 Martialibus

1216 3091 1351 3133 debeat
1364 3118 1380 3140 ‚
1406 3093 1476 3144 qui
1501 3094 1672 3132 omnim
1698 3087 1937 3149 Confifflones
1961 3090 2131 3142 audiat;
2148 3089 2193 3145 [ἰ

1217 3148 1453 3206 inposterum
1472 3150 1692 3204 Superiores
1708 3152 1937 3205 Regulus-es,
1950 3149 2083 3204 quoad
2095 3151 2188 3192 Mo·

1219 3207 1392 3264 noster-ia
1407 3206 1493 3262 ipsis
1500 3206 1684 3266 fiabjeHa
1700 3237 1715 3258 ,
1745 3208 2095 3263 totiespraediffum
2118 3220 2189 3248 ex-

1218 3266 1534 3310 traordinarium
1547 3264 1801 3325 Confifforem
1815 3270 2003 3322 deputare
2015 3267 2187 3321 neglexe-

1216 3329 1304 3368 rint
1315 3350 1330 3373 ‚
1344 3324 1595 3382 vehst'eu'am
1608 3340 1656 3368 ex
1663 3329 1827 3381 proprio
1850 3325 1978 3366 eodem
1991 3325 2189 3369 Ονόέηω

206 3393 293 3434 qun
303 3379 449 3424 decern
455 3381 559 3425 enda
571 3381 820 3434 viderentur,
832 3389 1060 3436 competere
1071 3377 1159 3422 for·
1202 3385 1364 3443 stupes·
1375 3382 1652 3438 deputaverint
1664 3411 1678 3433 ‚
1705 3397 1773 3425 nee
1771 3383 1921 3442 finem
1920 3383 2047 3440 semel
2054 3386 2099 3425 in
2111 3395 2188 3426 an-

206 3436 273 3480 san
300 3442 462 3494 putaret
472 3469 485 3482 .
518 3439 596 3484 Sed
621 3439 756 3482 nostra
785 3439 1000 3498 peculiaris
1028 3451 1158 3482 cura-³
1216 3457 1265 3486 no
1276 3442 1529 3486 adidnnnus
1543 3443 1733 3499 elegerint
1747 3443 1992 3486 sacerdotem
2014 3452 2089 3484 ont
2102 3445 2187 3483 Sc-

209 3503 295 3539 erat
310 3521 326 3545 ‚
349 3496 399 3538 ad
413 3498 561 3555 lingula
573 3501 779 3555 proposita
805 3500 940 3555 capita
953 3497 1157 3542 totidem..
1182 3505 1198 3519 ⁸

1215 3502 1412 3550 culm-cm,
1440 3509 1514 3543 aare
1530 3503 1763 3558 Regelare„
1777 3504 1942 3544 alterius
1954 3500 2101 3557 diverfi
2109 3505 2187 3543 Or-

209 3551 512 3600 Dili'ertationes
523 3582 538 3604 s
562 3558 779 3616 unicuique
809 3573 857 3602 ex
873 3557 1040 3614 praefatis
1052 3557 1159 3598 Car-
1216 3560 1317 3602 dinis
1322 3556 1573 3616 profifflrens
1585 3587 1598 3611 ‚
1608 3564 1653 3601 in
1663 3558 1722 3600 bis
1733 3560 1876 3617 cafibus
1887 3558 2063 3619 Episcopi
2075 3589 2091 3610 ,
2106 3569 2183 3613 pro

206 3613 408 3660 dinalibus
433 3615 676 3660 exhibendas
691 3648 708 3669 ,
733 3617 996 3669 elucubrare;
1022 3614 1072 3658 ad
1085 3614 1158 3658 de-
1202 3617 1284 3677 sim
1296 3616 1469 3660 arbitrio
1481 3617 1536 3668 ά·
1548 3631 1616 3660 con
1634 3621 1776 3661 ce'entt‘a
1788 3645 1803 3668 ‚
1815 3620 2098 3676 &putationem
2109 3617 2185 3657 hu-

203 3671 457 3715 monstranda
482 3673 674 3719 videlicet
696 3674 958 3720 fundamenta
973 3673 1083 3718 illius
1097 3673 1157 3716 di·
1210 3675 1382 3734 jusmodi
1384 3676 1524 3733 ficere
1529 3686 1582 3732 po
1622 3686 1669 3719 nt
1681 3703 1696 3726 ‚
1718 3691 1786 3720 nec
1799 3678 1874 3721 illa
1886 3681 2020 3734 quovis
2031 3675 2147 3718 tituto
2166 3701 2182 3723 ,

203 3730 403 3786 sciplinaes
423 3744 507 3788 quae
533 3731 573 3774 in
588 3732 696 3776 usum
711 3735 947 3780 revocanda
973 3731 1159 3777 censeba.
1217 3745 1290 3778 aut
1304 3743 1508 3791 pretextu
1525 3760 1540 3784 ,
1578 3735 1607 3776 a*
1630 3736 1903 3794 Superioribus
1925 3731 2184 3791 Regularibus

204 3799 297 3834 tur.
330 3793 418 3834 Nec
434 3789 552 3834 aliter
566 3789 604 3835 se
619 3805 683 3835 res
698 3793 833 3838 habuit
848 3824 863 3849 ,
888 3807 1015 3852 quum
1040 3793 1079 3836 in
1095 3805 1158 3835 ea-

1220 3797 1306 3839 vale
1311 3804 1356 3838 at
1369 3793 1552 3851 impediri
1564 3809 1621 3838 =

2029 3848 2127 3892 Pcr-
