2444 4192
819 167 1465 256 &mrxsswiffl

180 338 239 376 tes
253 319 404 372 litteras
416 317 466 362 ad
481 318 632 375 fingula
652 329 818 375 quaeque
845 321 934 362 loca
949 348 964 371 ,
986 321 1028 361 in
1041 322 1132 376 qui.

178 391 253 432 bus
268 381 478 439 expediens
495 377 605 420 foret
625 374 791 425 deferri,
807 377 1006 428 volumus,
1021 378 1130 433 quod

177 446 337 489 illarum
353 437 636 493 transumptis,
658 447 776 478 manu
804 433 976 489 alicujus
999 440 1130 478 Nota-

1922 171 2084 263 265

1191 333 1277 361 mus
1292 320 1424 361 omnia
1438 312 1738 366 &quaecunque'
1760 309 1968 369 privilegia
1981 343 1995 364 ‚
2021 320 2150 363 facul-

1189 385 1295 418 tates
1309 402 1325 424 ,
1338 370 1644 426 dispensationes
1657 394 1671 415 ,
1685 370 1893 412 &mdulta
1910 375 2147 429 recipiendi,

1190 432 1253 474 vel
1269 428 1478 473 retinendi
1494 428 1659 468 Fratres
1675 452 1690 474 ,
1718 429 1940 468 Monachos
1964 459 1980 478 ,
2008 434 2149 474 Cano,

178 503 227 548 rii
243 499 394 558 publici
408 497 503 540 inde
529 493 656 551 rogati
674 492 926 548 subscriptis,
955 493 994 532 &
1022 492 1128 545 figil-
1186 490 1302 532 nicos
1324 516 1339 537 ,
1366 487 1407 527 δι
1426 483 1530 526 alios
1565 485 1689 527 etiam
1720 483 1917 526 laxiorum
1946 487 2150 530 Ordinum

174 562 220 606 10
249 557 416 614 alicujus
443 554 618 612 personae
647 553 688 595 in
710 551 907 606 dignitate
925 549 1126 591 Ecclesia·
1185 543 1430 590 Professores
1444 571 1459 595 ,
1487 541 1791 598 quibuscunque
1806 543 2045 593 Ordinibus,
2064 549 2154 587 Mo-

175 620 269 663 stica
283 616 506 659 constitutae
521 612 681 656 munitis
703 609 864 666 prorsus
888 609 927 650 in
942 606 1122 664 judicio,
1184 605 1365 647 nasseriis
1380 631 1395 654 ,
1409 602 1687 659 Hospitalibus
1702 631 1718 652 ,
1734 601 1919 654 Militiis,
1941 603 1980 644 δι
1993 604 2064 658 piis
2086 602 2147 645 10-

174 681 215 721 &
228 686 342 718 extra
354 701 368 725 ,
383 688 428 717 ac
443 672 541 716 aliis
559 671 728 714 ubilibet
753 667 851 710 fides
878 664 1044 709 indubia
1055 664 1128 707 ad-

174 738 364 780 hibeatur
381 762 396 784 ,
408 747 493 790 quae
505 728 762 789 praesentibus
778 726 1043 770 adhiberetur
1056 752 1071 777 ,
1102 723 1127 767 fi

167 793 298 838 essent
313 793 502 836 exhibita
512 819 527 842 ‚
541 789 604 833 vel
619 786 776 832 ostensae
789 815 801 828 .

290 854 443 894 Datum
463 852 601 892 Romae
613 847 717 904 apud
748 847 932 889 sanetum
958 846 1131 887 Petrum

174 912 243 955 sub
266 909 432 953 Annulo
458 907 672 949 Piscatoris
694 905 761 948 die
794 918 858 946 ιν.
882 903 1132 947 Novembris

174 981 345 1014 mutxvs
361 980 375 1008 1
389 981 424 1010 ι.
437 964 701 1010 Pontificatt‘is
717 963 836 1008 nostri
859 965 978 1007 Anno
992 962 1131 1013 tertio.

229 1087 392 1142 Rodrs‘q·
405 1087 448 1129 in
467 1087 564 1130 Call.
571 1086 713 1142 privil.
721 1083 902 1144 fol-427.

409 1225 525 1239 -
898 1219 1131 1237 ——

171 1321 419 1390 Privilegia
446 1318 502 1369 de
520 1316 762 1369 retinendis
782 1351 798 1374 ,
824 1329 904 1366 aut
917 1315 1131 1384 reeipien-

241 1391 535 1517 iisllggterius
567 1388 759 1442 Ordinis
792 1383 1026 1437 Fratribus
1056 1403 1132 1436 an·

179 1600 1135 1670 Plusflprscorus

348 1732 520 1774 suavus
552 1731 804 1773 Suavonuu
839 1730 951 1771 Dm.

321 1848 391 1891 Ad
409 1855 640 1905 perpetuant
667 1848 728 1890 rel
755 1848 981 1890 memoriam
994 1873 1005 1885 .

187 1968 191 1973 '
315 1963 555 2018 'Uaecunque
567 1962 764 2004 sacrarum
784 1962 1040 2018 Religionum
1065 1962 1140 2005 fla-

342 2032 431 2067 tum
445 2019 646 2064 offendere
660 2018 880 2064 noscuntur
897 2049 912 2072 ,
932 2020 1142 2063 nostrum-2

390 2083 476 2125 Nos
495 2079 634 2122 incitat
647 2076 825 2121 officium
849 2078 902 2120 de
929 2079 1066 2122 medio
1079 2091 1144 2119 rc-

184 2153 381 2184 movere..
407 2141 664 2195 Quamquam
689 2137 793 2179 enim
824 2138 876 2179 de
905 2138 1144 2180 cohibendis

182 2195 456 2253 Regularibus
487 2195 537 2237 ad
563 2195 686 2235 alium
713 2194 912 2236 Ordinem
936 2195 1143 2236 translatis

185 2257 328 2301 Sancta
344 2251 532 2308 Synodus
555 2250 796 2293 Tridentina
810 2250 959 2294 salubri
972 2251 1142 2294 consilio

183 2310 370 2356 decrevit
397 2337 413 2360 ,
444 2319 490 2354 ut
522 2321 641 2352 nemo
670 2308 942 2366 cujuscunque
973 2310 1141 2354 Ordinis

180 2371 378 2417 Praelatus
409 2369 473 2412 vel
495 2368 709 2426 Superior,
723 2369 864 2424 vigore
887 2368 1061 2424 cujusvis
1087 2367 1144 2411 fa·

182 2429 341 2474 cultatis
352 2456 368 2480 ,
381 2427 547 2471 illorum
562 2427 793 2484 quempiam
809 2426 858 2470 ad
875 2429 1086 2480 Habitum,
1101 2430 1141 2470 δε

181 2488 468 2535 Profeffionem
484 2485 700 2529 admittere
720 2485 834 2543 possit
850 2516 864 2539 ‚
885 2488 952 2530 nin
976 2498 1021 2532 ut
1048 2487 1141 2532 dv

183 2547 362 2597 Ordine,
373 2545 423 2589 ad
439 2559 555 2602 quam
570 2544 831 2595 transfertur,
845 2545 914 2590 sub
929 2545 983 2589 sui
1010 2549 1142 2602 Supe-

181 2608 309 2651 rioris
325 2604 561 2649 obedientis
595 2605 636 2647 in
650 2603 823 2648 claustro
852 2608 1051 2662 perpetuo
1064 2619 1142 2647 ma-

183 2675 277 2711 neat
293 2692 305 2707 .
337 2663 460 2708 Multi
487 2673 619 2706 tamen
637 2665 874 2719 Superiores
897 2667 935 2708 δι
953 2664 1111 2708 Proelati
1126 2695 1142 2715 ,

181 2726 359 2768 obtentu
374 2721 683 2779 privilegiorum
697 2724 1011 2778 quamplurimos
1027 2727 1138 2778 Apo-

182 2783 329 2833 statas,
346 2782 387 2824 δι
412 2778 514 2822 allos
531 2777 783 2823 diversorum
800 2781 1002 2826 Ordinum
1033 2782 1083 2825 ad
1099 2782 1137 2824 se

183 2843 239 2882 ob
252 2840 383 2898 jurgia
395 2865 412 2891 ,
423 2838 708 2881 contentiones
718 2863 732 2886 ,
749 2837 955 2883 levitatem
970 2869 985 2892 ,
1008 2842 1048 2884 δι
1062 2855 1141 2883 ma·

183 2897 326 2942 lefaeta
340 2906 386 2942 ut
401 2895 572 2939 maxime
585 2894 783 2951 fugientes
796 2927 812 2949 ,
837 2912 887 2941 eo
905 2899 1029 2942 etiam
1042 2913 1140 2943 cou-

107 2983 114 2991 .
185 2957 275 3000 filio
303 2964 514 3012 receptare
546 2967 627 2997 non
652 2953 860 3006 desinunt,
883 2966 929 3000 ut
946 2956 1138 3006 illorum„

184 3030 308 3072 opera
323 3018 363 3059 in
377 3012 566 3057 curandis
582 3011 752 3055 infirmis
766 3045 782 3065 ,
797 3014 1055 3072 gerendisque
1068 3034 1140 3062 eo-

187 3088 280 3119 rum
310 3074 495 3118 locorum
517 3073 660 3122 rebus,
691 3072 730 3112 &
755 3073 925 3127 negotiis
948 3084 1109 3119 utantur
1126 3107 1141 3130 ,

187 3147 236 3178 ex
249 3147 326 3192 qua
348 3146 391 3176 re
409 3131 593 3187 plerique
607 3129 821 3173 solutiores
834 3129 978 3182 effecti,
990 3134 1028 3174 Sc
1042 3149 1140 3191 qua-

189 3191 507 3250 si'impunitatem
533 3188 726 3236 assecuti,
754 3203 833 3231 non
850 3188 1035 3245 personas
1059 3203 1143 3236 tan-

191 3250 278 3296 nim
293 3263 437 3295 eorum
453 3248 656 3293 Ordinum
670 3277 686 3298 ,
709 3247 815 3291 unde
837 3248 1146 3294 animadversio·

194 3309 261 3352 tiis·
273 3321 384 3354 metu
399 3306 510 3352 forte
524 3308 711 3352 exierant
723 3332 738 3356 ‚
751 3304 816 3349 sed
831 3308 1052 3363 &ipsorum
1068 3311 1146 3352 Or-

198 3365 328 3412 dimin
343 3369 460 3420 ritus,
473 3365 687 3422 moresque
703 3364 924 3409 maledielis
939 3366 1146 3424 insequun-

199 3431 265 3466 tur
279 3428 528 3484 a'roirca,
540 3439 633 3468 cum
645 3424 840 3479 ejusmodi
855 3425 1064 3482 privilegia
1080 3441 1147 3470 ve-

201 3482 311 3525 niant
338 3485 585 3539 abroganda,
597 3483 921 3541 quandocunque
946 3484 1146 3542 infigniter

202 3542 504 3595 comperiuntur
524 3556 674 3586 nocere
687 3571 701 3592 ,
717 3543 780 3587 vel
794 3544 915 3586 etiam
931 3543 1147 3587 scandala,

201 3611 394 3653 generare
407 3627 423 3649 ,
446 3603 532 3644 Nos
560 3601 618 3643 his
646 3600 812 3659 aliisque
845 3602 1148 3645 rationabilibus

201 3657 325 3722 causis
346 3656 504 3700 adducti
519 3685 535 3707 ,
546 3660 586 3701 &
598 3669 644 3702 ut
658 3661 903 3716 quibuslibet
918 3660 1152 3718 hujusmodi

202 3713 347 3767 effugia
380 3715 690 3770 praecludamus,
715 3719 766 3762 de
794 3722 919 3763 Nobis
943 3720 1146 3763 attributae

201 3770 413 3871 potestssis7
426 3771 670 3872 ρρῗῑιίῑιιᾱίηε
693 3790 924 3824 revocamus
953 3782 992 3822 δι
1008 3779 1144 3821 abole-

379 3843 402 3867 71⁷
417 3855 426 3866 ο
485 3856 496 3870 ι

1189 664 1272 714 cis,
1285 665 1407 706 etiam
1423 664 1553 704 Saneti
1568 661 1735 704 Antonii
1763 662 1960 704 Viennen.
1973 690 1987 712 ,
2018 663 2153 704 Sanc‘ti

1189 720 1364 777 Spiritus
1390 721 1429 763 in
1457 722 1574 764 Saxia
1595 721 1647 762 de
1677 722 1820 772 Urbe,
1835 721 1968 764 saneti
1983 720 2150 774 Joannis

1191 780 1556 836 Hierosolymitani
1571 780 1680 835 ,Jesu
1696 779 1875 829 Christi,
1899 781 2155 836 SanetiJaco-

1191 842 1231 883 bi
1244 840 1297 882 de
1314 841 1464 896 Spatha
1480 868 1493 890 ,
1509 841 1637 881 Sancti
1658 840 1796 882 Lazari
1813 837 2155 894 Hierosolymita-

1192 902 1232 943 hi
1249 930 1261 951 ,
1292 912 1517 955 eorumque
1532 896 1720 940 Ecclefiis
1734 926 1748 949 ,
1781 899 1973 940 membris
1990 925 2004 949 ‚
2021 904 2154 953 Supe-

1193 961 1374 1003 rioribus
1396 959 1437 1000 δι
1458 957 1634 1013 personis
1648 986 1663 1008 ,
1695 971 1767 1012 per
1790 959 2048 1012 quoscunque
2067 960 2156 1000 Ro·

1195 1032 1334 1062 manos
1349 1015 1571 1060 Pontifices
1586 1016 1898 1058 Praedeceflores
1919 1018 2093 1068 nostros,
2107 1028 2154 1057 ac

1194 1081 1298 1128 Nos,
1309 1079 1350 1120 &
1366 1075 1511 1121 Sedem
1527 1074 1800 1130 apostolicam
1826 1086 1906 1116 tam
1923 1078 1962 1118 in
1977 1077 2156 1132 ipsorum

1191 1134 1881 1190 monasteriorum,Hospitalium&
1896 1135 2080 1177 locorum
2095 1134 2158 1175 in-

1191 1197 1415 1244 stitutione,
1429 1193 1550 1251 quam
1563 1194 1753 1250 deinceps
1766 1194 2159 1249 quomodocunque,

1192 1270 1237 1298 ac
1252 1254 1567 1313 quotiescunque
1583 1282 1597 1305 ,
1614 1254 1737 1296 etiam
1757 1267 1826 1307 per
1840 1253 2005 1294 modum
2024 1252 2158 1294 statuti

1192 1314 1405 1371 perpetui,
1419 1328 1464 1356 ae
1487 1313 1576 1354 initi
1595 1314 1635 1353 δι
1656 1311 1832 1366 stipulati
1846 1310 2076 1354 contractas
2091 1338 2105 1360 ,
2119 1311 2159 1351 δι’.

1192 1374 1291 1418 alias
1308 1373 1375 1414 sub
1389 1369 1698 1426 quibuscunque
1728 1368 1936 1410 tenoribus
1953 1370 1994 1410 δι
2011 1366 2155 1409 formis

1192 1447 1238 1476 ac
1254 1445 1347 1474 cum
1360 1427 1560 1488 quibusvis
1576 1427 1889 1470 restitutionibus
1905 1454 1919 1476 ,
1948 1427 2162 1483 praeserva-

1195 1493 1372 1535 tionibus
1385 1515 1400 1538 ‚
1415 1488 1561 1533 mentis
1576 1485 1920 1536 attestationibus,
1937 1487 2161 1542 derogato·

1198 1553 1350 1595 riarum
1363 1548 1641 1602 derogatoriis
1656 1573 1670 1596 ,
1698 1544 1864 1600 aliisque
1893 1543 2129 1589 fortioribus
2144 1575 2158 1597 ‚

1198 1608 1491 1654 efficacioribus
1515 1634 1528 1657 ,
1567 1602 1842 1648 efficaciffimis
1867 1633 1883 1655 ,
1925 1606 1964 1647 δι
1988 1604 2158 1647 insolitis

1199 1667 1585 1717 clausulis,necnon
1612 1662 1888 1714 irritantibus,
1910 1665 1946 1704 δι
1974 1663 2063 1706 aliis
2093 1665 2163 1705 de-

1199 1728 1348 1780 cretis,
1367 1726 1491 1769 etiam
1519 1727 1637 1766 Motu
1668 1722 1862 1779 proprio,
1889 1723 1991 1764 &ex
2013 1735 2162 1765 certa„

1199 1787 1361 1831 scientia
1373 1785 1530 1839 ,deque
1547 1782 1663 1842 simili
1675 1781 1880 1836 potestatis
1895 1782 2166 1834 plenitudine,

1200 1848 1322 1890 etiam
1339 1855 1558 1899 pauperum
1574 1841 1827 1881 intirmorum
1845 1839 2130 1880 miserabilium
2146 1866 2161 1888 ,

1198 1904 1522 1961 &cujuscunque
1552 1899 1721 1942 alterius
1748 1898 1800 1953 pii
1826 1898 1959 1952 operis
1976 1898 2127 1940 intuitu
2146 1927 2159 1949 ,

1201 1978 1247 2006 ae
1264 1964 1387 2006 etiam
1401 1975 1452 2004 ex
1469 1958 1770 2016 quibuscunque
1798 1956 1887 1998 aliis
1903 1955 2023 2000 causis
2037 1970 2166 2013 quan-

1202 2020 1351 2063 tumvis
1368 2017 1586 2072 gravibus,
1616 2016 1867 2058 charitativis
1884 2043 1899 2061 ,
1921 2016 1959 2056 8(
1991 2014 2164 2058 necessa·

1205 2078 1272 2121 riis
1288 2105 1300 2128 ,
1313 2077 1434 2119 etiam
1450 2074 1770 2116 consideratione
1785 2098 1800 2121 ,
1830 2072 1895 2114 vel
1907 2074 1955 2114 ad
1972 2074 2166 2129 supplica·

1205 2138 1359 2179 tionem
1377 2137 1674 2190 Imperatorum
1688 2157 1702 2180 ‚
1720 2131 1896 2186 Regum,
1909 2130 2170 2187 aliorumque

1204 2194 1433 2248 Principum
1448 2218 1463 2239 ,
1479 2205 1636 2234 necnon
1653 2191 1800 2232 Sanetae
1817 2191 2008 2232 Romanae
2024 2190 2168 2233 Eccle-

1203 2252 1261 2294 fiae
1275 2249 1583 2300 Cardinalium,
1614 2250 1747 2304 deque
1772 2247 1940 2290 illorum
1966 2248 2163 2300 consilio,

1201 2312 1242 2352 δι
1254 2317 1412 2351 matura
1429 2307 1669 2352 liberatione
1683 2306 1791 2363 prius
1807 2307 1954 2356 habita,
1972 2304 2169 2357 concessa,

1203 2367 1437 2412 confirmata
1450 2396 1467 2420 ,
1495 2369 1536 2409 δι
1564 2367 1687 2409 etiam
1714 2364 1989 2422 multiplicatis
2017 2367 2169 2409 vicibus

1203 2430 1399 2472 innovata
1413 2458 1428 2479 ,
1460 2424 1619 2470 extensa
1632 2455 1648 2477 ,
1679 2426 1744 2467 vel
1776 2425 1896 2466 etiam
1928 2429 2135 2469 moderata
2151 2454 2164 2466 .

1202 2485 1406 2531 Caffamus
1434 2499 1595 2542 quoque
1632 2485 1671 2526 8(
1686 2483 1937 2525 annullamus
1967 2485 2101 2539 quoad
2120 2484 2166 2525 il-

1204 2547 1241 2590 la
1256 2559 1399 2590 omnes
1417 2544 1689 2601 Apostolicas,
1702 2544 1741 2584 δι
1756 2542 1855 2584 alias
1871 2540 2028 2584 litteras
2047 2544 2167 2598 super
2211 2576 2214 2578 .

1204 2607 1250 2649 iis
1274 2605 1477 2649 confeetas
1493 2635 1509 2656 ,
1532 2618 1578 2646 ac
1597 2599 1799 2658 processus
1813 2631 1828 2652 ,
1843 2602 1883 2643 8ι
1903 2601 1980 2642 alia
1997 2603 2092 2643 inde
2109 2601 2166 2642 se·

1201 2676 1294 2709 cuta
1308 2678 1549 2721 quaecunque
1561 2690 1575 2703 .
1591 2666 1652 2705 Ac
1670 2661 1857 2703 volumus
1882 2676 1926 2703 ea
1939 2662 2074 2702 omnia
2106 2662 2168 2700 vi-

1202 2739 1263 2768 res
1283 2725 1322 2765 &
1336 2723 1518 2768 effectum
1533 2723 1585 2765 de
1598 2732 1750 2764 caetero
1764 2734 1843 2761 non
1861 2720 2008 2761 habere
2020 2748 2034 2771 ‚
2052 2721 2104 2761 ita
2120 2730 2167 2760 ut

1200 2784 1362 2838 posthac
1380 2782 1549 2826 illorum
1575 2780 1626 2822 fic
1656 2790 1944 2823 revocatorum
1971 2790 2166 2836 pretextu

1200 2842 1357 2885 Praelati
1374 2871 1388 2893 ,
1413 2844 1454 2884 δε
1478 2839 1719 2894 Superiores
1756 2838 1933 2890 praedifii
1948 2867 1963 2889 ,
1994 2850 2063 2880 aut
2094 2839 2162 2879 alii

1199 2902 1429 2957 quicunque
1457 2898 1614 2941 nullum
1649 2896 1808 2950 prorsus
1848 2896 2015 2938 alterius
2042 2895 2164 2938 etiam

1201 2960 1365 3002 laxioris
1389 2954 1657 3007 Ordinis‚vel
1683 2954 1955 2996 Observantiae
1983 2954 2161 3007 Regula·

1200 3032 1284 3061 rem
1300 3047 1314 3068 ,
1338 3019 1461 3060 etiam
1490 3013 1699 3070 specialem
1732 3010 1961 3054 transeundi
1989 3013 2040 3053 ad
2055 3011 2161 3062 ipsos

1202 3077 1410 3119 licentiam
1425 3073 1644 3123 ferentem,
1672 3071 1719 3113 ad
1737 3069 1930 3112 Habitum
1946 3071 1987 3111 &
2007 3067 2165 3112 Profes-

1202 3134 1349 3177 fionem
1366 3132 1613 3185 Regularem
1628 3131 1666 3172 in
1683 3128 1757 3171 suis
1775 3128 1940 3184 quisque
1964 3127 2163 3170 Monaste-

1204 3194 1276 3236 riis
1290 3219 1303 3240 ,
1322 3191 1547 3242 Domibus‘,
1560 3189 1660 3232 locis
1679 3215 1693 3236 ‚
1709 3186 1772 3230 vel
1790 3186 2029 3237 Ordinibus,
2043 3186 2163 3229 etiam

1204 3263 1249 3296 ut
1268 3253 1304 3293 in
1320 3250 1488 3293 claustro
1505 3250 1701 3305 perpetuo
1715 3255 1872 3288 maneat
1888 3275 1902 3295 ,
1920 3247 2132 3287 admittant
2149 3275 2164 3296 ,

1206 3324 1284 3354 nec
1297 3311 1468 3353 omnino
1479 3321 1718 3363 quemquam
1735 3305 1926 3360 recipiant
1942 3333 1959 3355 ,
1976 3303 2039 3347 vel
2070 3305 2166 3346 reti-

1207 3379 1328 3414 neant
1342 3399 1354 3410 .
1372 3371 1451 3411 Eos
1470 3369 1587 3417 vero,
1602 3378 1701 3422 quos
1731 3364 1810 3420 jam
1831 3365 1979 3405 habent
1994 3363 2167 3405 transla-

1207 3439 1272 3471 tos
1285 3456 1300 3480 ,
1330 3427 1380 3470 ad
1393 3440 1535 3470 eorum
1550 3424 1782 3481 Superiores
1809 3420 1954 3464 &loca
1982 3421 2068 3477 ejus
2083 3424 2167 3464 Or-

1207 3488 1331 3537 dinis,
1345 3485 1452 3528 unde
1462 3494 1575 3527 erant
1590 3482 1756 3540 prose&
1768 3510 1781 3531 ,
1794 3481 2086 3537 quamprimum
2100 3496 2163 3523 re·

1206 3546 1374 3587 mittant
1388 3572 1398 3582 .
1432 3546 1712 3586 Decernentes
1743 3538 1994 3582 admistiones
2006 3566 2020 3588 ‚
2051 3553 2165 3582 rece-

1207 3605 1368 3659 ptiones
1380 3628 1395 3651 ‚
1407 3603 1450 3644 &
1461 3601 1707 3643 retentiones
1728 3597 1953 3653 hujusmodi
1968 3598 2080 3641 nulla
2095 3596 2163 3638 fir-

1206 3662 1348 3703 mitate
1373 3659 1595 3710 subfiflere,
1617 3658 1892 3711 neminemque
1915 3659 2068 3714 prorsus
2093 3653 2164 3694 ulli

1210 3730 1324 3766 voto,
1340 3717 1464 3762 ullive
1480 3717 1660 3774 Regulae,
1679 3715 1742 3759 vel
1757 3716 2160 3761 observantiae‚etian1

1205 3777 1582 3836 jurament02aliave
1603 3776 1856 3877 solemnitate
1879 3769 2164 3866 promiffaigob·

1652 3838 1685 3879 L
2077 3839 2106 3865 ¹·
