2444 4192
403 167 568 250 30²¹

450 300 550 350 Sed,
563 300 682 356 quod
699 301 738 342 in
753 298 940 350 Principe
954 301 1110 343 Carolo
1123 301 1301 344 charisii-

337 358 392 402 mi
414 359 456 402 in
468 361 636 403 Christo
657 358 729 402 filii
743 357 863 401 nostri
890 357 1068 413 Philippi
1084 360 1298 415 Hispania.

332 432 425 463 rum
438 421 563 474 Regis
585 419 792 462 Catholici
822 417 1094 472 primogenito
1119 417 1205 461 filio
1229 419 1295 461 di-

338 479 490 521 vinitus
503 482 632 520 anum
648 478 701 520 est
713 504 727 526 ,
744 489 922 530 magnam
952 477 1059 531 apud
1072 490 1211 519 omnes
1234 477 1293 519 fa-

326 548 407 579 ·mae
423 537 704 580 celebritatem
733 536 875 577 habet.
906 530 1148 588 AEgrotabat
1163 539 1295 578 Com-

330 597 437 654 pluti
461 596 694 639 adolescens
710 594 897 647 Princeps
915 605 1023 635 anno
1037 594 1217 636 humana
1234 594 1294 635 sa-

333 655 431 699 lutis
463 668 601 698 mom
617 667 650 694 1.
676 653 750 706 'qui
778 665 871 694 cum
889 652 911 691 ὲ
926 648 1040 693 scalis
1062 650 1267 695 decidiffet
1281 681 1296 704 ,

333 712 603 773 gracillimum
617 726 667 754 ex
682 723 731 752 eo
746 709 836 752 casu
851 738 866 761 ,
892 711 931 750 ὃ(
947 709 1203 765 prolapsione
1218 713 1293 753 itt-³

332 773 468 827 capite
498 772 639 814 vulnus
670 778 907 825 acceperat:
938 769 1072 810 omnia
1087 769 1265 812 remedia
1279 797 1296 820 ,

332 844 471 872 omnes
497 833 726 872 curationes
760 827 976 878 adhibitae,
1008 842 1096 884 quae
1121 827 1295 870 humana

329 887 521 930 industria
533 889 703 942 praestari
722 896 928 943 poterant,
938 898 985 928 ut
998 887 1037 928 in
1053 897 1165 929 tanto
1178 886 1294 929 Prin—

328 957 506 1054 {2235ss
521 945 1109 1062 {5:5553„2⁰23;312¹¹sss¹;‘325
1109 958 1295 1060 2233:

329 1061 487 1112 sceret,
515 1063 677 1121 jamque
704 1064 790 1118 ejus
811 1063 1000 1120 gravitati
1030 1075 1176 1107 natura
1206 1062 1293 1102 suc-

327 1122 567 1170 cumberet,
600 1124 783 1175 Medici,
800 1122 996 1177 Principis
1018 1121 1147 1165 salute
1175 1133 1295 1175 pror-

325 1181 388 1222 sus
419 1180 629 1237 desperata
653 1213 669 1235 ,
696 1192 852 1224 certam
874 1181 1122 1225 imminentis
1151 1179 1293 1222 mortis

325 1241 465 1281 horam
479 1238 703 1295 praefiniunt
718 1270 732 1292 ‚
747 1240 865 1297 idque
882 1242 985 1295 Regi
1000 1240 1129 1292 Patri,
1143 1251 1194 1280 ne
1208 1247 1292 1279 tam

326 1299 473 1339 acerbo
502 1300 733 1354 spectaculo
763 1296 995 1351 interesset,
1020 1298 1291 1343 denunciant.

326 1360 433 1399 Cum
463 1357 588 1410 igitur
620 1361 755 1401 omnis
780 1358 940 1400 humani
970 1357 1188 1411 adjumenti
1203 1353 1289 1410 spes

323 1411 561 1467 defcciffet,
592 1417 644 1459 ad
673 1417 881 1467 divinum,
910 1415 1019 1472 quod
1052 1427 1174 1459 unum
1194 1413 1290 1456 reli·

322 1486 448 1530 quum
462 1484 548 1515 erat
560 1501 574 1523 ‚
589 1476 813 1530 praefidium
841 1474 1085 1530 confligiunt
1100 1502 1113 1515 .
1145 1475 1286 1529 Itaque

320 1534 552 1576 devotionis
567 1534 715 1576 ardore
729 1533 904 1576 succenfi
918 1537 942 1577 a
972 1534 1182 1576 Fratribus
1210 1532 1286 1572 suis

322 1593 367 1633 Β-
383 1591 532 1633 Drdaci
558 1605 707 1646 corpus
719 1592 915 1632 decenter
936 1589 1180 1645 &religiose
1211 1588 1284 1629 irt.,

318 1650 519 1701 Principis
536 1650 772 1690 cubiculum
787 1647 920 1689 afferri
937 1658 1097 1696 curant,
1112 1643 1199 1702 post
1214 1658 1286 1691 ω·

320 1719 392 1748 nos
417 1704 503 1748 ser‘e
516 1717 682 1748 centum
697 1707 898 1759 integrum
919 1706 960 1746 δι
986 1706 1286 1760 incorruptum:

317 1763 431 1820 qnod
446 1778 537 1806 cum
553 1765 746 1820 Princeps
764 1766 876 1807 Beati
892 1764 981 1807 Viri
998 1763 1285 1820 patrociniose

317 1822 602 1866 commendans
625 1823 781 1866 devote
805 1821 1025 1880 tetigus-et,
1054 1836 1107 1867 eo
1134 1822 1284 1867 indu

316 1891 480 1933 amoto,
495 1883 598 1924 vidit
622 1883 663 1923 in
679 1876 803 1923 somni
823 1884 961 1938 quiete
981 1882 1013 1922 B
1046 1882 1284 1923 Didacum

317 1948 415 1982 ante
446 1940 593 1983 lee'tum
616 1938 812 1989 stantem,
841 1941 884 1982 δι
903 1942 1086 1983 Crucem
1117 1938 1282 1982 arundi-

315 2011 434 2041 neam
448 2012 568 2039 manu
592 2008 801 2052 gerentem
815 2026 830 2047 ‚
843 1998 960 2053 seque
989 1999 1279 2040 admonentem

315 2058 430 2098 bono
453 2058 583 2098 animo
595 2065 640 2095 ut
663 2052 781 2104 esset,
802 2055 843 2095 δι
856 2057 896 2094 in
912 2058 1003 2096 Deo
1020 2054 1245 2097 confideret
1266 2081 1281 2104 ,

313 2114 402 2155 sore
414 2114 540 2164 enim,
552 2122 596 2153 ut
612 2124 716 2155 exea
728 2113 994 2168 aegrotatione
1008 2111 1120 2156 sanus
1144 2110 1280 2154 fieret.

313 2174 454 2231 ere
472 2185 523 2212 eo
538 2170 776 2228 potiffimt'tm
792 2181 976 2229 tempore
987 2200 1003 2224 ‚
1033 2186 1114 2229 quo
1127 2171 1276 2215 Medici

314 2232 544 2286 Principem
578 2230 822 2274 moriturum
847 2230 1143 2287 predixerant,
1159 2244 1275 2274 non.»

314 2291 441 2334 solum
467 2291 607 2335 melius
638 2291 787 2333 habere
800 2291 951 2346 coepit‚
967 2288 1033 2331 sed
1053 2289 1176 2345 paulo
1191 2289 1276 2343 post

316 2362 369 2395 ex
380 2348 492 2391 omni
508 2348 583 2391 illo
601 2350 689 2391 vitae
703 2349 936 2392 discrimine
962 2347 1134 2402 divinis,
1147 2360 1192 2389 ac
1211 2347 1275 2391 su-

307 2423 385 2468 pra
411 2419 593 2451 naturam
607 2407 853 2463 adjumentis
867 2415 947 2451 tam
959 2406 1204 2451 mirabiliter
1221 2407 1277 2450 est

314 2477 477 2524 ereptus
494 2495 509 2520 ,
537 2479 581 2510 ut
596 2467 768 2522 digitum
798 2467 876 2510 Dei
892 2480 967 2522 per
980 2466 1125 2510 merita
1139 2467 1184 2509 Β.
1203 2466 1278 2510 Di·

311 2528 402 2570 daci
428 2525 482 2568 ibi
510 2522 832 2568 adsttiffeomnes
855 2525 1164 2582 intelligerent.
1196 2524 1276 2569 Sed

314 2593 464 2643 prater
492 2593 660 2627 caeteros
675 2585 869 2640 Princeps
882 2583 962 2640 ipse
975 2611 990 2635 ‚
1015 2586 1056 2626 δι
1069 2582 1275 2641 Philippus

316 2645 444 2687 Pater
459 2670 473 2693 ,
501 2641 730 2685 incredibili
744 2642 883 2686 letitia
896 2653 1090 2700 tanquam
1101 2641 1275 2685 redivivi

311 2701 385 2744 filii
398 2699 554 2744 affeetu·
568 2729 584 2751 ,
596 2699 638 2743 id
653 2703 871 2755 agnoscere
883 2702 951 2753 ,δι
972 2703 1104 2745 Deum
1119 2697 1275 2758 glorifi-

311 2759 445 2805 cando
475 2759 605 2815 palam
638 2756 819 2815 profiteri
846 2787 858 2801 .
889 2761 1033 2818 Itaque
1063 2760 1149 2814 pius
1182 2761 1273 2803 Rex

313 2831 406 2862 eum
425 2817 638 2861 cbatissimi
652 2818 693 2860 dt
706 2819 962 2875 primogeniti
998 2817 1087 2863 Pilii
1122 2819 1272 2871 vitam,

314 2880 476 2922 summa
508 2877 583 2919 Dei
608 2875 834 2920 clementia.-
858 2891 929 2933 pcr
952 2878 1092 2921 merita
1120 2878 1159 2920 ει
1180 2890 1272 2929 pre-

311 2951 377 2981 ces
392 2936 505 2979 Beati
523 2933 666 2976 Didaci
688 2934 816 2979 ferret
831 2947 1036 2988 acceptam
1052 2964 1068 2987 ,
1080 2944 1271 2992 cuperet·

309 3010 406 3053 quc,
417 3006 655 3051 quacunque
667 2994 829 3038 ratione
845 2992 991 3050 potret,
1006 2995 1179 3052 gratiam
1193 2993 1271 3037 ali-

308 3066 429 3115 quam
448 3055 536 3096 Deo
561 3053 600 3096 in
613 3053 761 3097 Sancto
773 3051 843 3096 suo
855 3048 1008 3098 referre
1020 3068 1153 3104 ‚anno
1169 3054 1271 3097 inse-

309 3112 451 3173 quenti
470 3110 521 3155 ad
539 3108 695 3156 sel-rec.
711 3111 827 3157 Pium
847 3110 1268 3158 tv.1²roedecetrorem

311 3174 486 3218 nostrum
512 3171 591 3214 una
604 3183 699 3215 cum
716 3171 903 3227 Principe
928 3169 1042 3225 fillo,
1071 3174 1110 3216 &
1124 3175 1266 3217 cuncta

310 3233 396 3275 sere
417 3230 603 3286 llispania
636 3229 791 3273 litteras
816 3229 962 3283 dedit,
992 3232 1134 3288 quibus
1152 3233 1202 3275 ab
1218 3244 1269 3276 eo

312 3289 543 3347 suppliciter
570 3288 760 3346 petebat,
787 3298 830 3331 ut
861 3302 935 3345 pro
949 3288 1044 3342 sua,
1067 3292 1108 3333 ει
1131 3292 1267 3336 sanetae

311 3351 428 3404 hujus
451 3347 692 3405 Apostolicoe
722 3347 836 3393 Sedit
864 3347 1013 3390 summa
1026 3350 1268 3394 aussoritate

310 3411 355 3451 n.
391 3409 589 3450 Didacum
619 3417 703 3450 tam
732 3405 949 3451 excellenti
966 3404 1170 3453 sanflitate
1194 3409 1266 3450 Vi·

311 3481 404 3509 rum
419 3495 432 3516 ‚
460 3467 499 3507 δι
520 3476 629 3508 tanta
646 3465 934 3510 miraculorum
960 3466 1147 3511 claritate
1174 3467 1266 3510 illu·

307 3525 725 3574 &remansanetorum
738 3538 947 3570 numerum
957 3523 1109 3570 referre
1123 3525 1267 3581 vellet,

309 3594 428 3638 atquc
459 3584 508 3623 ab
534 3583 712 3628 universa
741 3582 959 3629 catholiea
988 3585 1166 3629 Ecclesia
1192 3598 1267 3642 pro

308 3643 459 3688 saneto
474 3645 744 3686 venerandum
759 3641 837 3687 else
851 3641 1039 3688 statueret
1050 3672 1062 3686 .
1078 3647 1176 3690 Tam
1192 3643 1267 3690 de·

311 3700 431 3751 votis,
447 3698 674 3755 uerarisque
688 3703 893 3745 Catholici
917 3704 1057 3759 Regin,
1071 3704 1266 3748 aliorum·

307 3771 387 3818 quc
416 3756 750 3818 postulationibus
792 3772 1001 3817 permotus
1034 3763 1142 3808 idem
1172 3764 1264 3808 Plu·

1010 140 1176 228 Sub
1244 142 1463 229 Sixto
1529 142 1633 228 V.

1359 297 1625 342 Praedecess'or
1637 327 1654 348 ,
1670 297 1722 341 de
1737 298 1786 341 iis
1802 298 1839 341 in
1855 299 2097 343 consistorio
2109 301 2176 343 suo
2191 298 2326 342 secre-

1355 370 1402 400 to
1417 355 1555 400 referri
1581 356 1680 410 iuuit
1692 383 1707 406 ‚
1721 359 1760 400 δι
1776 360 1953 413 quinque
1970 360 2209 403 Cardinales
2227 372 2327 402 con-

1354 417 1442 459 filio
1455 443 1469 465 ,
1489 418 1528 457 &
1558 415 1742 458 doctrina
1773 417 1993 471 praestantes
2020 419 2177 474 delegit
2209 448 2223 471 ‚
2255 417 2323 473 qui

1353 474 1541 530 ejusmodi
1559 476 1767 531 permagni
1783 478 1973 517 momenti
1989 489 2157 530 negotio
2175 475 2322 533 praees-

1357 537 1441 577 sent
1458 562 1474 586 ,
1498 533 1607 575 inter
1640 547 1741 589 quos
1756 547 1857 574 unus
1884 531 1960 574 fuit
1977 535 2207 578 cardinalis
2223 536 2325 578 Ale-¹

1354 592 1573 636 xandrinus
1593 619 1609 642 ,
1635 592 1748 647 cujus
1764 592 1961 633 memoria
1989 590 2030 632 in
2046 592 2324 637 benedictione

1354 653 1427 702 est,
1441 652 1507 707 qui
1532 650 1665 706 postea
1682 648 1866 692 Pontifex
1882 647 2025 697 faetus,
2038 649 2131 692 Pius
2146 651 2228 706 ejus
2242 667 2317 696 no·-

1354 711 1474 753 minis
1496 711 1549 752 V.
1582 708 1637 748 est
1651 707 1903 762 appellatus.
1939 709 2024 749 Res
2037 705 2110 751 suo
2126 710 2321 757 ordine,

1356 771 1419 825 agi
1441 777 1579 822 coepta
1593 766 1648 808 est
1673 765 1742 807 sub
1759 765 1834 807 Pio
1848 767 1867 806 1
1873 765 1924 807 V.
1939 765 2088 808 litteris
2121 766 2158 808 in
2173 767 2320 823 Hispa-

1357 830 1464 870 niam
1497 823 1723 867 transmiffis
1748 823 1798 865 ad
1825 822 1942 865 testes
1972 838 2021 868 ex
2037 822 2208 867 formula
2229 840 2326 879 exa-

1358 884 1565 928 minandos
1580 908 1595 930 s
1609 885 1777 937 actaque
1789 879 1867 923 rite
1893 881 2141 927 conficienda
2154 912 2166 926 .
2193 888 2322 928 Cum-i

1354 959 1433 1000 que
1449 942 1532 997 ipse
1548 941 1641 984 Pius
1661 942 1736 995 IV.
1751 941 1776 983 ὲ
1794 941 1874 983 vita
1890 942 2086 996 migrasset
2102 970 2117 993 ‚
2146 957 2228 986 non
2245 943 2322 987 de·

1355 1004 1453 1045 stitit
1468 1001 1576 1043 idem
1593 998 1800 1055 Philippus
1821 1001 1911 1042 Rex
1931 1003 2038 1056 apud
2058 1002 2323 1047 succedentes

1354 1058 1578 1104 Pontifices
1595 1057 1731 1100 sannae
1751 1072 1886 1102 recor.
1900 1058 2014 1101 Pium
2031 1062 2084 1103 V.
2100 1061 2140 1102 &
2153 1062 2321 1116 Grego-

1353 1120 1459 1162 rium
1491 1119 1612 1161 XIII.
1638 1117 1784 1161 itidem
1815 1118 2122 1162 Praedeceffores
2163 1120 2318 1164 nostros

1354 1178 1495 1221 sedulo
1525 1177 1692 1220 instare:
1723 1176 1788 1220 sed
1805 1178 1899 1221 Deo
1929 1177 1986 1221 ita
2002 1178 2286 1234 disponente..
2300 1187 2322 1231 ,‘

1355 1236 1536 1295 quamvis
1562 1236 1757 1294 pleraque
1783 1235 2059 1291 superioribus
2095 1237 2210 1280 annis
2242 1237 2320 1281 lint

1352 1300 1437 1340 aeta
1453 1325 1467 1348 ‚
1481 1309 1543 1338 res
1563 1305 1693 1339 tamen
1704 1296 1784 1351 ipsa
1797 1293 1938 1350 perfici
1953 1293 2027 1338 sub
2043 1295 2127 1339 illis
2147 1294 2319 1339 Pontifi-

1349 1357 1463 1398 cibus
1479 1380 1494 1404 ,
1509 1364 1630 1411 atque
1641 1354 1794 1397 absolvi
1810 1367 1891 1396 non
1908 1354 2041 1410 potuit
2056 1383 2068 1396 .
2098 1359 2206 1400 Cum
2229 1355 2317 1411 pri·

1347 1414 1457 1458 mum
1493 1414 1619 1468 igitur
1646 1412 1853 1457 humilitas
1879 1413 2013 1456 nostra
2030 1428 2139 1466 ,non
2173 1414 2318 1456 nostris

1347 1475 1473 1516 meris
1483 1473 1635 1514 meritis
1648 1498 1663 1520 ‚
1690 1470 1756 1513 sed
1771 1470 1917 1513 divinae
1942 1472 2172 1515 clementiae
2185 1474 2317 1516 abun-

1346 1530 1513 1579 dantia,
1540 1530 1580 1572 in
1593 1529 1747 1571 excelsa
1772 1527 2011 1583 apostoliea:
2047 1530 2318 1574 solicitudinis

1349 1586 1511 1639 specula
1536 1587 1598 1628 bis
1619 1584 1872 1629 difficillimis
1887 1589 2140 1649 temporibus
2152 1588 2208 1630 est
2222 1605 2320 1635 con-

1347 1645 1513 1693 stituta,
1547 1645 1675 1688 statim
1703 1644 1811 1688 idem
1841 1645 2053 1703 Philippus
2088 1651 2179 1691 Rex
2203 1647 2312 1692 nulla

1346 1719 1398 1748 ex
1416 1712 1530 1760 parte
1555 1703 1742 1747 restincto
1768 1712 1836 1745 aut
1853 1701 2095 1759 refrigerato
2113 1705 2223 1761 fidei
2239 1707 2314 1750 suae

1345 1763 1456 1816 zelo,
1480 1764 1610 1805 Nobis
1625 1771 1695 1818 per
1707 1761 1897 1806 dilectum
1911 1761 2038 1806 filium
2061 1763 2170 1807 suum
2192 1765 2311 1807 nobi-

1346 1824 1425 1866 lem
1444 1822 1572 1865 virum
1591 1820 1812 1865 Henricum
1825 1820 1878 1864 de
1891 1822 2310 1875 Guzman,Comitcnt

1344 1882 1396 1925 de
1408 1880 1721 1933 Olivares,suum
1736 1881 1842 1936 apud
1860 1883 1965 1929 Nos,
1976 1882 2017 1923 δι
2032 1883 2180 1924 Sedem
2202 1887 2313 1939 Apo-

1344 1941 1524 1983 stolicam
1547 1942 1768 1982 Oratorem
1799 1950 2045 1995 magnopere
2077 1939 2103 1980 s
2096 1940 2310 1995 upplican—

1341 1999 1440 2040 dum
1452 1997 1627 2046 curavit,
1643 2006 1707 2045 ut,
1720 1996 1878 2052 polleaq
1885 2008 1973 2037 uam
1987 2011 2034 2039 ea
2054 1995 2139 2041 fere
2152 2000 2306 2053 omnia,

1341 2069 1426 2111 quae
1438 2056 1487 2096 ad
1502 2057 1586 2096 aaa
1599 2056 1638 2096 &
1651 2052 1876 2110 processum
1891 2056 1936 2096 Β.
1954 2055 2099 2101 Didaci
2130 2058 2310 2113 pertine-

1341 2115 1457 2166 bant,
1470 2126 1520 2156 ex
1535 2112 1651 2171 hujus
1665 2114 1815 2156 Sanfitoe
1829 2113 1942 2156 Sedis
1959 2114 2192 2172 prescripto
2206 2124 2311 2161 con-2

1340 2174 1571 2217 lectaerant
1584 2199 1598 2223 ,
1612 2176 1726 2221 Nos,
1739 2173 1886 2229 quibus
1909 2173 2144 2219 universalis
2164 2174 2311 2221 necle-v

1338 2232 1396 2274 fiae
1410 2245 1505 2273 cura
1519 2230 1615 2272 cffet
1627 2229 1781 2273 credita
1794 2258 1809 2282 ,
1833 2232 1874 2273 dc
1897 2233 1949 2274 ad
1977 2245 2080 2287 quos
2104 2232 2211 2277 solos
2224 2234 2307 2287 eius

1337 2291 1396 2333 rei
1426 2288 1618 2346 judicium
1641 2288 1895 2344 pertineret,
1921 2299 2003 2332 tam
2019 2291 2233 2345 pio&tam
2246 2295 2299 2339 ab

1337 2348 1418 2404 ejus
1444 2346 1649 2403 Maiestate
1679 2356 1849 2405 totaque
1891 2348 2076 2403 Hispania
2102 2361 2305 2407 exoptato

1338 2407 1476 2465 operi,
1495 2407 1605 2463 quod
1623 2405 1679 2448 eil
1708 2405 1760 2447 dc
1785 2406 1927 2450 eodem
1955 2410 1999 2451 B.
2016 2407 2175 2453 Didaco
2199 2414 2301 2456 San.

1340 2471 1496 2510 ciorum
1511 2466 1702 2521 catalogo
1716 2464 1985 2509 adscribendo
1997 2496 2013 2518 ,
2043 2467 2298 2524 supremam..

1338 2538 1497 2570 manum
1513 2525 1723 2580 imponere
1742 2523 1951 2568 vellemus.
1967 2527 2021 2568 Et
2037 2529 2122 2569 Nos
2137 2528 2302 2586 quidem

1337 2583 1462 2639 Regis
1485 2583 1602 2639 ipsius
1629 2581 1857 2638 religiosum
1885 2583 2055 2627 studium
2069 2610 2084 2634 ,
2105 2588 2146 2630 8ι
2168 2588 2301 2643 perse..

1337 2651 1545 2685 vetantem
1578 2641 1653 2684 hac
1680 2641 1721 2683 in
1738 2654 1781 2683 re
1796 2640 2054 2686 sedulitatem
2083 2654 2302 2690 commend

1334 2701 1490 2752 dantes,
1505 2699 1765 2757 cupiebamus
1777 2698 1861 2756 ejus
1876 2700 1949 2756 piae
1964 2700 2296 2761 petitioni2quan-

1334 2760 1420 2804 tum
1437 2774 1529 2803 cum
1548 2758 1722 2803 Domino
1750 2758 1920 2811 liceret,
1941 2756 2168 2805 satisfacere
2186 2776 2200 2807 e
2230 2774 2295 2806 ta-

1333 2832 1425 2862 men
1456 2832 1529 2874 pro
1560 2818 1698 2860 nostro
1729 2815 1934 2872 pastoralis
1965 2820 2139 2862 muneris
2156 2820 2294 2866 officio

1333 2877 1604 2920 statuebamus
1619 2876 1684 2928 ,in
1699 2888 1743 2920 re
1757 2887 1838 2917 tam
1857 2876 1973 2931 gravi
1987 2877 2096 2920 nulla
2117 2893 2295 2935 prepro-

1333 2949 1428 2992 pcra
1458 2933 1713 2979 festinatione
1739 2932 1965 2985 utendum,
1993 2935 2056 2979 led
2084 2940 2219 2981 omnia
2239 2953 2291 2983 ex

1331 2994 1603 3039 Eccleliallica
1617 2991 1845 3051 disciplina,
1857 3006 1905 3036 ex
1920 2992 2118 3053 maiorum
2135 2997 2294 3043 nostro·
2335 3040 2340 3046 ,

1332 3068 1419 3099 rum
1447 3052 1717 3097 saluberrimis
1746 3051 1960 3106 institutis,
1983 3067 2034 3096 ex
2050 3056 2292 3111 Apostolicae

1329 3113 1444 3157 Sedis
1460 3110 1815 3169 circumspectione
1842 3110 2146 3168 diligentissitne
2169 3128 2291 3173 agen-

1328 3174 1379 3217 da
1396 3170 1502 3227 else3
1519 3173 1654 3230 itaque
1671 3169 1828 3215 duobut
1849 3171 2146 3228 antiquioribus
2159 3173 2291 3216 causit-

1330 3248 1419 3277 rum
1449 3231 1592 3276 Palatii
1616 3228 1737 3272 nostri
1767 3227 2033 3274 auditoribus
2050 3230 2230 3276 doctrin-l
2247 3234 2288 3275 δε

1328 3305 1465 3336 rerum
1493 3287 1563 3335 usu
1590 3288 1858 3349 prestantibus
1876 3315 1891 3340 ,
1919 3288 2007 3345 ipsit
2036 3287 2119 3333 fere
2151 3290 2288 3346 primis

1328 3347 1592 3396 pontificatus
1607 3346 1728 3394 nostrl
1742 3346 1883 3391 diebus
1905 3346 2180 3392 mandavimus
2199 3379 2213 3402 ,
2243 3362 2287 3394 ut

1326 3413 1411 3453 aeta
1425 3408 1591 3463 omnia,
1616 3417 1829 3464 totumque
1849 3402 2070 3462 processum
2099 3404 2281 3455 surnma,

1325 3483 1419 3513 curn
1432 3467 1646 3527 diligentia
1658 3465 1914 3524 perlegerent
1937 3465 1977 3507 δι
1991 3466 2280 3513 examinarent:

1324 3543 1408 3585 quo
1421 3528 1482 3573 illi
1497 3529 1536 3572 in
1554 3538 1717 3571 munere
1730 3519 1879 3570 menses
1893 3524 2124 3582 complures
2139 3524 2281 3572 sedulo

1326 3586 1596 3643 accurateque
1612 3580 1784 3635 verlini,
1811 3581 2011 3637 copiosam
2038 3583 2275 3630 relationem

1325 3642 1716 3700 ‹›mnium‚suamque
1731 3639 1962 3685 sententiam
1980 3643 2111 3686 Nobis
2130 3641 2281 3702 scripto

1326 3704 1605 3750 tradiderunt·
1634 3704 1742 3747 Cum
1771 3710 1905 3743 autem
1931 3701 2173 3747 cardinales
2193 3715 2278 3747 om.

1326 3777 1394 3810 nes
1420 3763 1471 3807 ab
1495 3759 1638 3807 eodem
1659 3759 1733 3807 Pio
1749 3759 1824 3805 tv.
1847 3759 1936 3804 huic
1965 3762 2132 3818 negotio
2145 3763 2276 3807 olim..

2115 3824 2219 3866 Pre-
