2444 4192
779 228 944 312 Sub
1005 231 1347 340 Eugenio
1409 229 1455 309 I
1470 232 1573 313 V.

166 379 403 429 intentionis
428 376 688 436 Legislatoris
721 375 850 431 fuiffe,
865 382 1014 425 animas
1045 381 1135 425 illa-

160 452 313 500 -queare
327 437 509 483 fidelium
524 440 593 484 snb
617 437 736 496 culpa
754 440 933 491 mortali,
956 442 1006 484 ad
1022 454 1134 485 com.

160 497 628 555 munieandumprae'cise
654 499 694 540 in
719 496 788 540 die
815 499 1035 544 Dominica
1049 502 1133 542 Re·

157 555 395 606 firefflonis
408 587 424 612 ,
445 557 511 602 sed
528 558 742 603 terminum
755 554 929 600 statuifl'e
943 556 966 600 a
980 557 1130 600 Pascha

158 616 215 662 ud
231 615 400 670 Pascha,
413 631 506 662 cum
515 618 618 662 dicit
630 613 750 660 semel
763 616 803 658 in
820 628 948 667 anno,
958 617 1013 659 ed
1024 614 1128 658 infra

156 674 213 719 'ad
226 673 360 720 minua
380 679 420 720 in
435 674 681 730 Pasthuniii
694 675 773 717 διε.
788 688 847 718 ==
874 675 992 718 Mens
1017 676 1127 718 enim

156 731 856 854 {3:23⁰32‘ffil’22'fflss‘22302‘*
862 733 1125 850 335522‘33‘33

153 854 405 900 tatisfaaum
427 852 702 904 cist-'Catiouh
728 853 754 897 fl
773 853 816 896 in
832 852 1124 898 hebdomada..

155 915 300 968 sanda
314 936 332 966 5
354 912 418 956 vel
443 909 765 970 &inamoenum
780 910 937 956 Paschae
952 911 1126 956 Resure-

154 970 301 1016 &ionis
315 970 718 1026 Dominiua-‚isemel
733 972 945 1016 meliorem
960 971 1125 1029 dispofi·

153 1032 313 1076 tionem
324 1030 586 1089 conscientiae
596 1042 614 1084 ,‘
623 1032 666 1075 Bt
677 1033 880 1091 aptiorem
892 1032 1040 1075 mentis
1055 1032 1125 1074 de.

152 1090 373 1149 votionem‘
381 1090 544 1135 Fideles
559 1092 854 1150 praeparatione
865 1090 1009 1135 debita
1023 1094 1125 1136 San·

153 1149 539 1205 etutnEuchan-isti·
549 1151 938 1207 pignusaccipiant,
967 1152 1007 1193 Sc
1029 1166 1123 1195 cum

151 1208 336 1252 Domino
350 1206 733 1266 Paschacelebrent
758 1211 825 1252 ad·
837 1208 1007 1254 salutem
1021 1239 1034 1252 .
1067 1212 1123 1253 Et

151 1268 250 1312 huic
262 1265 469 1311 sententiat
479 1280 622 1310 omnes
637 1268 828 1311 volumus
842 1267 1093 1324 acquiescere
1109 1295 1123 1309 .

147 1324 542 1385 Quaredevotioni
568 1325 703 1370 vestroe
722 1327 1048 1380 committimus,
1080 1338 1125 1371 ut

149 1385 257 1430 dicta
269 1411 284 1436 ‚
304 1384 373 1428 ubi
387 1392 583 1441 oportere
597 1384 833 1441 intelligetis
850 1385 1010 1443 populis
1031 1397 1127 1431 nota

151 1443 309 1502 satiatis
338 1474 351 1501 ρ
394 1447 550 1488 Datum
565 1446 703 1488 Romae
717 1442 833 1502 apud·
852 1448 894 1488 S·
922 1447 1125 1493 Petrum..

156 1502 408 1550 subsannio
433 1504 575 1564 nostro
599 1502 758 1548 secreto
776 1503 844 1547 die
864 1507 1012 1549 octavo
1025 1507 1127 1564 Julii

154 1562 758 1631 MGCCCXL03Pontificatt‘ls
778 1562 902 1609 nostri
922 1579 1031 1609 anno
1055 1567 1127 1611 de·

153 1634 291 1668 enno·
455 1638 475 1656 ,ε
550 1643 552 1647 v
574 1634 577 1636 “

211 1734 387 1791 Monum-
404 1742 568 1787 Ordinis
576 1741 658 1803 fol.
679 1759 693 1788 1
708 1754 772 1798 14.
788 1713 1010 1801 Waddlng.
1025 1754 1123 1790 tom.

195 1817 213 1866 J
268 1804 326 1869 {⁶5-
341 1803 489 1870 Annei.
500 1801 585 1864 sel.
603 1805 679 1860 98.

180 1922 266 1939 ‚.,‚
999 1948 1117 1962 .—

159 2038 519 2092 Damnationem
560 2000 894 2087 'Articulorum
934 2038 1134 2106 Philippi

229 2113 458 2175 Norreys]
477 2121 639 2162 contra
651 2109 743 2156 FF.
761 2107 968 2156 Minores
976 2107 1134 2166 ,alios-

225 2194 318 2245 que
334 2175 651 2226 Mendicantes
679 2173 932 2224 confirmat
944 2211 959 2224 .

147 2315 645 2375 ‹EUGENIUS
676 2315 1086 2372 EPISOPUS

347 2448 526 2492 δεινος
556 2446 816 2489 Saavoaum
846 2445 934 2489 Dat

186 2575 193 2616 '.
243 2611 245 2614 Α
298 2563 370 2609 Ad
382 2562 696 2623 perpetuaret·
720 2562 950 2608 memoriane
963 2591 977 2608 .

268 2684 427 2740 Egnans
443 2682 483 2726 in
496 2680 663 2727 excelsis
673 2680 1124 2741 triumphansEeclefia,

91 2782 94 2786 .
267 2745 332 2786 cui
341 2738 1038 2799 PastorestPaterAEternus,cuique
1051 2742 1122 2784 SS.

149 2802 378 2850 ministrant
402 2801 590 2857 agmina,
620 2802 662 2844 Bt
687 2799 819 2846 laudis
842 2801 1019 2859 gloriam
1034 2802 1119 2845 An-

145 2863 344 2923 gelorum
371 2857 493 2904 chori
516 2858 770 2912 decanta-at,
799 2861 841 2903 in
877 2861 997 2905 terris
1039 2860 1109 2905 fibi

140 2921 354 2980 ¹Vicariam
368 2917 580 2988 eonsiituit
599 2915 827 2986 ‘Ecclesiam
838 2920 1084 2964 militantem
1096 2949 1111 2972 ‚

142 2977 1119 3104 faram:&afflatam5:1³3352?

130 3112 261 3148 lam.
292 3100 339 3142 ln
367 3098 441 3140 hac
469 3095 634 3152 quidem
658 3094 742 3150 ipse
758 3096 971 3148 Christus,
999 3100 1024 3143 ὶ
1042 3102 1114 3142 Pa.

110 3157 212 3216 vstim:
225 3155 491 3218 progrediens
508 3183 522 3207 ‚
553 3169 626 3212 per
654 3153 966 3198 illustrationem
992 3158 1115 3200 Para-

116 3212 276 3270 ςὲἑὶοῐί,
300 3216 371 3274 qui
388 3214 440 3258 ab
453 3224 631 3272 utroque
654 3213 879 3270 procedit,
909 3213 1043 3259 flatuit
1067 3214 1114 3258 fi-

128 3272 217 3326 Rei
227 3275 529 3321 firmamentum
543 3299 558 3323 ‚
587 3282 635 3316 ut
649 3274 699 3315 ab
709 3289 760 3317 eo
775 3270 887 3316 velut
899 3273 923 3317 a
939 3275 1111 3330 primiti-

140 3325 343 3396 &fonte
369 3334 423 3378 ad
451 3332 623 3390 singulas
648 3331 903 3377 orthodoxas
916 3333 1113 3379 Nationes

155 3383 326 3450 ffifflem
360 3394 459 3438 fidei
485 3392 609 3437 rivuli
634 3391 876 3436 deriventur
899 3422 915 3434 .
946 3391 1011 3435 Ad
1037 3394 1113 3436 hu-

158 3446 322 3506 modi
358 3461 496 3498 autem
533 3450 720 3496 Ecclefiae
758 3451 941 3508 regimen
980 3451 1113 3496 voluit

162 3495 303 3557 &isti
327 3512 542 3556 clementia
566 3513 804 3556 Romanum
827 3506 1111 3555 Pontificem.»

160 3562 349 3625 deputare
369 3570 590 3616 ministrum
603 3598 620 3622 ,
651 3569 763 3627 cujus
786 3570 1111 3623 institutionem,

161 3637 208 3665 ac
223 3623 437 3674 dominam
460 3629 625 3688 eloquio
643 3630 826 3674 veritatis
853 3629 1111 3686 Evangelicae

160 3681 350 3727 traditam
370 3711 387 3737 ς
405 3689 539 3734 eun&
563 3690 694 3733 renati
722 3689 835 3733 sonte
864 3687 1116 3746 Baptismatis

161 3747 351 3790 teneant,
378 3744 417 3785 δὲ
434 3748 680 3800 observent,
711 3749 780 3804 qui
805 3750 916 3793 enim
943 3748 1013 3791 sub
1040 3749 1114 3792 hac

160 3800 347 3844 dostrissa
359 3800 509 3849 cursum
518 3807 609 3850 vitae
622 3809 870 3864 peregerint,
882 3807 1113 3851 salvationis

160 3858 334 3916 gratiam
349 3862 625 3967 Tgtntffeltvtuptur
638 3894 654 3920 ,
682 3867 753 3923 qui
780 3867 882 3926 vero
901 3868 954 3925 ab
977 3882 1023 3927 ea
1040 3867 1115 3928 de?

1937 260 2100 343 139

1195 381 1425 427 vinerint,
1450 386 1522 420 aut
1535 390 1697 420 errores
1725 382 1867 420 contra
1890 380 2003 423 illam
2023 393 2161 429 tenue-

1191 440 1302 486 rint,
1328 450 1409 479 non
1437 438 1608 478 correcti
1627 465 1642 487 ,
1673 436 1873 476 ferientur
1890 438 2160 486 damnationis

1192 493 1392 541 sementia
1419 522 1434 546 ,
1475 507 1596 551 quam
1641 507 1929 548 nonnunquam
1966 503 2159 542 convenit

1189 554 1433 614 Apostolico
1447 553 1674 596 munimine
1688 554 1876 595 roborari
1887 582 1898 593 .

1306 613 1412 657 Sane
1425 612 1575 668 petitio
1590 626 1667 668 pro
1687 621 1802 669 parte
1826 611 2069 654 dileetorum
2085 616 2155 655 Fi-

1184 673 1337 717 liorum
1351 675 1539 716 Fratrum
1555 672 1873 716 Praedicatorum
1889 699 1904 723 ,
1919 671 2127 712 Minorum
2146 700 2160 723 ,

1184 736 1225 777 &
1240 734 1514 776 Eremitarum
1530 734 1571 774 S.
1593 731 1805 788 Augustini
1822 760 1835 782 ‚
1862 744 1909 774 ac
1934 729 1988 772 de
2014 730 2157 772 Monte

1185 792 1386 837 Carmelo
1398 790 1604 834 Ordinum
1632 791 1761 834 Nobis
1774 790 1959 833 exhibita
1977 793 2161 831 contine-

1187 856 1256 898 bat
1271 880 1287 905 ,
1310 850 1423 908 quod
1438 850 1605 906 quidam
1627 850 1839 905 Philippus
1857 854 2046 904 Norreys
2062 878 2077 898 ,
2092 848 2161 904 qui

1185 913 1224 956 se
1238 912 1345 969 gerit
1360 924 1435 967 pro
1451 910 1649 966 Magistro
1669 910 1707 951 in
1727 909 1961 963 Theologia
1975 936 1991 961 ,
2019 908 2163 950 Dubli-

1185 987 1279 1017 nen.
1298 968 1501 1020 Diaecefis‚
1515 967 1736 1013 nonnullos
1761 967 1969 1012 Articulos
1999 965 2162 1023 prorsus

1184 1044 1408 1082 erroneos,
1430 1030 1471 1072 δι
1492 1029 1610 1071 sacris
1638 1028 1878 1073 Canonibus
1901 1028 2132 1071 contrarios
2147 1054 2164 1079 ,

1184 1092 1308 1136 etiam
1321 1088 1488 1148 publice
1516 1088 1765 1143 praedicare,
1796 1090 1837 1131 δι
1865 1086 2048 1130 astruere
2077 1100 2163 1129 non

1182 1164 1233 1194 ex
1264 1152 1349 1194 avit
1374 1176 1389 1201 ,
1417 1163 1464 1191 ac
1482 1147 1715 1192 multorum
1742 1148 1981 1205 simplicium
2008 1147 2166 1190 animas

1185 1166 1378 1258 iniicere,
1411 1207 1777 1252 illasadevotione
1806 1211 1999 1251 Fratrum
2025 1203 2166 1262 hujus-

1188 1266 1590 1314 modiretrahendo.
1627 1271 1713 1312 Nos
1744 1268 1848 1311 veri>
1872 1267 2165 1313 attendentes,

1188 1330 1300 1386 quod
1317 1329 1432 1371 nimis
1448 1325 1721 1384 perniciosum
1752 1326 1848 1372 effet
1873 1326 2069 1370 articulos
2087 1327 2164 1367 hu-

1186 1389 1360 1448 jusmodi
1388 1387 1518 1430 veluti
1535 1400 1763 1438 erroneos,
1789 1389 1830 1431 δι
1856 1385 2008 1430 eisdem
2025 1388 2166 1428 Cano-

1186 1450 1306 1493 nibus
1328 1447 1560 1490 contrarios
1585 1458 1723 1490 tenere
1739 1476 1751 1499 ,
1780 1444 1978 1497 afferere,
2007 1444 2070 1486 vel
2086 1445 2163 1486 do·

1186 1522 1308 1558 cere,
1333 1506 1456 1550 eausae
1472 1505 1699 1562 hujusmodi
1724 1506 2070 1549 examinationem
2099 1503 2159 1546 di·

1188 1564 1396 1611 leelofilio
1410 1566 1559 1610 Nostro
1575 1566 1800 1609 Dominico
1815 1568 1855 1609 S.
1872 1565 2012 1608 Mariae
2040 1565 2081 1606 in
2099 1562 2164 1605 via

1189 1627 1272 1670 lata
1287 1628 1470 1670 Diacono
1483 1626 1818 1677 Cardinali,vivae
1833 1625 1949 1668 vocis
1963 1623 2135 1667 oraculo
2148 1648 2163 1670 2

1186 1698 1230 1729 ut
1247 1687 1300 1730 de
1315 1683 1515 1743 praemiffis
1529 1686 1566 1729 st
1578 1685 1798 1740 diligenter
1824 1684 2075 1727 informaret
2094 1711 2107 1734 ,
2120 1683 2161 1724 δι

1185 1746 1380 1804 quicquid
1397 1747 1439 1788 in
1455 1759 1499 1788 re
1516 1746 1588 1788 hac
1606 1742 1913 1787 informationis
1928 1744 2134 1799 reciperet
2147 1769 2165 1794 ,

1187 1807 1319 1851 Nobis
1334 1807 1375 1848 in
1392 1806 1644 1849 Confistorio
1670 1804 1832 1848 secreto
1844 1802 2035 1854 referret,
2053 1814 2162 1845 com.

1184 1866 1375 1909 mifimus:
1390 1863 1567 1920 ipsesque
1589 1864 1828 1906 Cardinalis
1858 1862 2073 1906 sufficienti
2089 1873 2163 1915 per

1178 1939 1272 1970 eum
1287 1924 1578 1968 informatione
1605 1920 1829 1979 praehabitss
1845 1950 1860 1973 ,
1883 1923 1924 1963 δι
1954 1919 2055 1962 facta
2073 1922 2159 1961 No·

1179 1987 1239 2028 bis
1267 1985 1308 2027 in
1337 1984 1558 2027 Cofissorio
1591 1980 1758 2038 praefato
1785 1981 1990 2023 relatione
2018 1977 2161 2029 fideli,

1191 2042 1245 2082 de
1269 2041 1466 2082 mandato
1487 2042 1627 2084 nostro
1646 2068 1661 2089 ,
1691 2040 1868 2098 jurisque
1896 2039 2125 2095 peritorum
2141 2065 2156 2087 ,

1194 2109 1353 2140 necnon
1396 2097 1664 2151 plurimorum
1717 2100 1758 2139 in
1798 2101 1923 2140 Sacra
1976 2097 2159 2139 Theolo-

1193 2157 1257 2210 gia
1284 2153 1572 2209 Magistrorum
1597 2153 1766 2197 consilio
1789 2183 1803 2205 ,
1839 2156 1878 2195 &
1905 2152 2057 2196 assensu
2082 2167 2159 2209 per

1188 2213 1299 2254 suam
1313 2210 1565 2254 definitivam
1592 2214 1831 2255 sententiam
1846 2213 2157 2267 pronuntiavit,

1185 2267 1399 2316 decrevit,
1426 2269 1467 2309 δι
1491 2268 1715 2311 declaravit
1739 2296 1754 2317 ,
1787 2280 1914 2321 prout
1940 2272 1981 2310 in
2006 2272 2160 2313 Instru-

1186 2337 1328 2370 mento
1352 2325 1467 2369 dictae
1483 2327 1708 2371 Sententia:
1735 2326 1910 2382 desuper
1939 2325 2159 2380 confesio,

1184 2386 1363 2444 ejusdem
1375 2386 1605 2429 Cardinalis
1628 2385 1760 2441 figillo
1780 2386 1971 2437 munim,
1996 2388 2158 2442 plenius

1184 2446 1424 2491 continetur
1442 2474 1453 2486 .
1485 2448 1628 2501 Quare
1654 2459 1728 2500 pro
1747 2455 1864 2500 parte
1880 2447 2068 2488 Fratrum
2084 2461 2158 2488 eo-

1184 2503 1370 2550 rumdem
1389 2504 1520 2547 Nobis
1537 2507 1613 2547 fuit
1628 2505 1841 2547 humiliter
1857 2503 2124 2560 supplicatum
2138 2534 2152 2557 ,

1185 2576 1231 2610 ut
1246 2564 1572 2622 pronuntiationi
1588 2592 1602 2616 ,
1627 2563 1797 2607 decreto
1813 2593 1826 2617 ‚
1861 2563 2064 2606 sententia:
2078 2590 2093 2611 ‚
2113 2566 2151 2606 &

1184 2623 1456 2668 declarationi
1481 2622 1706 2680 pradiffls,
1736 2625 1777 2665 δι
1793 2623 1980 2666 omnibus
2008 2624 2097 2664 aliis
2113 2624 2152 2666 in

1184 2685 1295 2728 dieto
1321 2683 1592 2726 instrumento
1607 2684 1811 2726 contentis
1825 2711 1840 2734 ,
1869 2681 2023 2725 &inde
2043 2681 2153 2724 secu-

1181 2746 1232 2788 tis
1251 2773 1265 2797 ,
1297 2743 1423 2785 robur
1450 2742 1692 2799 Apostolicae
1730 2741 2051 2785 confirmationis
2085 2743 2154 2784 ad-

1178 2800 1364 2860 jicere‚de
1378 2801 1865 2860 benignitateApossolica
1876 2801 2151 2859 dignaremur.

1288 2865 1378 2907 Nos
1412 2862 1538 2918 igitur
1578 2863 1763 2906 omnium
1779 2890 1795 2914 ,
1820 2863 1873 2914 {Gt
1897 2860 2143 2916 fingulorum

1175 2918 1463 2980 praemifforum
1481 2922 1623 2965 statum
1639 2921 1838 2963 habentes
1850 2932 1928 2976 pro
1941 2918 2143 2963 sufficien-

1179 2992 1242 3025 ter
1264 2979 1450 3038 expresso
1471 3007 1487 3030 ‚
1526 2979 1755 3037 hujusmodi
1782 2977 2143 3036 supplicationibus

1180 3040 1365 3084 inclinati
1398 3066 1412 3089 ‚
1443 3039 1826 3095 pronuntiationem
1846 3067 1862 3090 ,
1898 3036 2110 3082 decretum
2126 3066 2143 3088 ,

1174 3099 1427 3146 sententiam,
1439 3100 1479 3141 &
1492 3098 1812 3143 declarationem
1827 3097 2056 3154 praedifiam
2069 3125 2084 3148 ,
2102 3098 2144 3138 δι

1174 3159 1312 3202 omnia
1327 3157 1404 3200 alia
1422 3157 1459 3199 in
1474 3156 1644 3214 praefato
1663 3158 1938 3202 instrumento
1962 3166 2141 3199 conten·

1174 3230 1214 3261 ta
1228 3244 1243 3267 ,
1263 3219 1303 3259 &
1325 3216 1417 3259 inde
1430 3213 1566 3260 secuta
1595 3226 1681 3260 rata
1707 3218 1902 3261 habentes
1937 3215 1978 3257 &
1998 3222 2138 3271 grata,

1170 3278 1263 3328 illa,
1279 3275 1545 3320 Authoritate
1559 3276 1806 3333 Apostolica,
1819 3289 1870 3318 ex
1885 3284 1997 3317 certa
2011 3273 2138 3316 scien·

1174 3336 1232 3380 tia
1246 3345 1388 3378 tenore
1406 3334 1656 3391 praesentium
1672 3336 1972 3384 confirmamus,
1989 3334 2029 3375 δι
2039 3346 2139 3388 prat·

1173 3395 1292 3440 leutis
1305 3394 1456 3450 Scripti
1472 3392 2007 3452 patrociniocommunimus
2022 3420 2037 3444 ,
2047 3391 2134 3448 sup—

1170 3456 1331 3512 plentes
1350 3468 1492 3497 omnes
1506 3452 1686 3497 defeetus
1700 3483 1715 3506 ,
1731 3455 1755 3496 fi
1772 3454 1839 3510 qui
1855 3450 1989 3495 forsan
2005 3451 2135 3494 inter—

1170 3514 1357 3557 venerint
1375 3512 1415 3555 in
1429 3512 1578 3557 eisdem
1592 3542 1604 3554 .
1632 3512 1749 3557 Nulli
1764 3526 1864 3568 ergo
1881 3508 2049 3555 omnino
2063 3512 2133 3554 ho-

1171 3574 1325 3615 minum
1363 3570 1486 3615 liceat
1525 3573 1628 3615 hanc
1655 3573 1841 3628 paginam
1877 3571 2016 3615 nossrae
2040 3584 2134 3613 con·

1171 3630 1409 3674 firmationis
1423 3659 1438 3682 ,
1457 3632 1499 3672 δε
1524 3630 1784 3687 suppletionis
1805 3628 2023 3687 infringere
2036 3658 2049 3678 ,
2067 3627 2132 3670 vel

1177 3692 1213 3734 ei
1231 3690 1322 3731 ausu
1338 3689 1562 3732 temerario
1579 3690 1786 3734 contraire
1799 3718 1810 3729 -
1834 3691 1875 3733 Si
1891 3691 1978 3746 quis
1995 3696 2130 3730 autem

1175 3750 1254 3792 hoc
1268 3755 1470 3791 attentare
1483 3747 1772 3806 praesumpserit
1783 3779 1797 3801 ,
1810 3748 2128 3805 indignationem

1174 3808 1477 3864 Omnipotentis
1496 3809 1602 3862 Dei,
1626 3810 1760 3854 &BB.
1776 3809 1888 3851 Petri
1910 3835 1925 3858 ,
1950 3812 1988 3850 &
2016 3798 2129 3845 Pauli

1174 3866 1466 3926 Apostolorum
1489 3866 1576 3926 ejus
1601 3869 1642 3912 se
1666 3869 1832 3912 noverit
1855 3863 2126 3958 incursatum.

1608 3932 1635 3972 S
1668 3942 1690 3970 2
2023 3932 2065 3957 a-
