2444 4192
375 201 540 311 148

308 367 442 399 remus
453 384 467 397 .
481 355 680 404 Miserunt
695 388 709 412 ‚
724 360 823 404 ficut
835 360 1161 419 injunxeramus,
1174 366 1278 411 duos

313 417 581 460 Veneta-biles
593 419 819 478 Episcopos
832 450 849 475 ,
878 425 947 480 qui
965 439 1108 469 eorum
1122 441 1208 484 quae
1221 428 1280 470 in-

309 485 506 518 venerant
517 505 533 528 ,
550 478 590 520 in
605 478 763 536 scriptis
777 483 968 525 notitiam
996 497 1250 540 reportantes
1266 515 1282 538 ‚

307 532 532 598 fidcljffime
557 536 709 595 lingula
735 542 992 589 retulerunt,
1027 557 1101 598 per
1114 546 1282 588 omnia„

307 596 583 638 conformiter
610 598 831 642 referentes
856 602 917 643 his
946 626 960 648 ‚
991 605 1062 656 qui
1096 613 1280 661 tempore

306 653 610 697 Praedecefforis
634 657 760 698 nostri
788 658 947 701 fuerant
963 658 1179 716 deffinati3
1210 662 1279 704 sed

306 713 435 756 multa
461 713 574 768 plura
600 714 818 758 clarillima
856 717 1054 761 miracula
1090 721 1282 776 reporta·

302 781 402 814 runt
417 799 433 824 ,
458 785 546 826 quae
559 771 647 827 post
675 777 860 828 priorum
883 775 1100 831 regreffum
1117 777 1280 822 flierant

300 840 536 888 perpetrata
552 856 563 867 ·
580 832 667 872 Nos
686 845 767 874 non
786 833 833 875 eii
848 834 1100 891 inquifitione
1111 847 1280 880 conten·

303 891 359 940 ti,
378 889 506 930 etiam
522 889 653 933 tertio
663 889 863 935 destinare
876 894 1139 938 decrevimus
1152 910 1166 938 :
1181 908 1281 950 pro·

302 959 445 1005 pterea
485 945 589 990 duos
621 950 725 992 alios
753 951 1022 996 Venerabiles
1054 955 1279 1010 Episcopos

298 1005 472 1066 juffimus
484 1004 685 1062 proficisci
701 1011 799 1064 3qui
817 1009 1007 1064 profecti,
1024 1013 1110 1064 post
1125 1012 1279 1054 menses

297 1067 455 1123 aliquos
470 1064 635 1109 rediere
649 1094 665 1117 ,
692 1067 894 1109 uberrima
919 1072 961 1111 δι
975 1069 1196 1112 fideliffima
1211 1078 1278 1111 at-

300 1125 512 1169 testatione
524 1122 744 1168 referentes
759 1154 776 1176 ,
790 1136 906 1169 tanta
916 1127 1062 1171 dietim
1089 1127 1278 1172 innovari

296 1187 337 1228 &
361 1182 574 1228 coruscare
597 1183 793 1226 miracula
807 1210 823 1232 ,
851 1186 963 1242 quod
982 1186 1008 1229 fi
1028 1186 1181 1243 lingula
1213 1201 1277 1232 re·

292 1242 495 1287 censenda
524 1239 645 1286 elsent
664 1269 680 1293 ,
710 1242 777 1286 vix
803 1243 964 1300 poffent
989 1246 1146 1300 magnis
1162 1246 1277 1290 libris

296 1302 483 1351 includi,
495 1302 597 1345 &ex
609 1302 805 1347 omnibus
818 1305 1002 1360 qua-dam
1018 1303 1172 1363 majora
1187 1335 1205 1360 ,
1237 1307 1280 1350 &

294 1361 513 1419 inligniora
526 1361 762 1405 retulerunt
774 1391 787 1403 .
805 1365 892 1406 Nos
913 1364 1050 1421 postea
1063 1366 1186 1408 etiam
1206 1370 1278 1410 Se-

294 1434 369 1467 nas
384 1421 629 1465 mittendum
644 1418 720 1464 effe
736 1418 961 1468 cenliiimus
982 1437 1000 1478 3
1028 1424 1280 1482 milimul'que

295 1481 593 1524 venerabilem
623 1482 808 1524 Fratrem
835 1483 1015 1528 nostrum
1034 1485 1280 1541 Angelum,

297 1538 551 1598 Episcopum
583 1539 825 1584 Esculanum
859 1569 875 1594 ‚
904 1543 972 1600 qui
1003 1545 1088 1600 poli
1122 1544 1283 1602 aliquot

296 1597 453 1643 menses
465 1597 646 1644 reversus
660 1628 676 1651 ‚
693 1599 981 1647 coruscantem
995 1603 1173 1646 divinam
1188 1617 1283 1661 gra-

299 1657 401 1702 tiam
426 1658 467 1702 in
491 1657 785 1701 miraculorum
810 1662 1120 1718 perpetratione
1148 1689 1164 1714 ‚
1207 1662 1283 1707 sub

299 1716 502 1762 veriflima
534 1717 573 1759 δι
603 1715 822 1760 fideliffima
846 1720 1108 1766 attestatione
1136 1737 1282 1767 recen-

296 1777 404 1822 suit:
429 1790 549 1835 quem
575 1777 699 1820 etiam
728 1776 934 1825 voluimus
951 1782 1141 1837 Aquilam
1156 1779 1279 1838 profi·

294 1837 420 1885 cisci‚
448 1848 495 1880 ut
519 1834 644 1879 etiam
668 1846 907 1889 reportaret
924 1868 938 1893 ,
954 1839 1038 1884 liin
1057 1842 1162 1884 tanti
1188 1839 1280 1884 Viri

294 1894 517 1938 sanctitatis
543 1892 842 1938 attestationem
877 1898 1188 1956 perseveranter
1217 1897 1282 1941 di·

295 1955 392 1998 vina
406 1950 603 1996 miracula
626 1952 917 2001 coruscarent.
948 1958 1036 2018 Qi
1067 1955 1280 2009 reversus,

294 2013 502 2072 prioribus
525 2012 549 2053 a
578 2012 709 2054 Nobis
723 2012 933 2059 destinatis
962 2012 1193 2059 conformia
1219 2030 1283 2057 re·

297 2073 509 2129 portavit3
525 2070 565 2110 dt
578 2068 738 2124 insuper
752 2083 898 2127 magna
914 2075 955 2116 δι
968 2073 1178 2131 stupenda,
1196 2085 1283 2130 quae

292 2129 553 2187 postmodum
566 2129 828 2185 contigerant
846 2158 861 2183 ,
878 2131 1027 2177 retulit
1042 2160 1057 2182 ,
1082 2146 1169 2191 quae
1196 2144 1281 2174 non

296 2192 341 2233 in
355 2186 535 2246 angulis,
551 2186 617 2231 scd
631 2187 817 2244 publice,
828 2191 870 2232 8:
883 2191 924 2235 in
939 2189 1155 2247 conspeetu
1171 2189 1282 2232 mul-

298 2248 490 2293 titudinis
502 2245 666 2290 fuerant
680 2257 917 2303 perpetrata
932 2276 945 2289 .
965 2252 1055 2293 Nos
1085 2249 1146 2291 his
1170 2259 1282 2289 com·

294 2307 522 2366 pertis‚ne
543 2303 719 2360 Spiritui
740 2307 885 2348 Sancto
914 2307 1090 2351 refistere
1118 2305 1283 2350 videre·

294 2364 522 2470 3⁸:⁰32&
521 2418 613 2479 s„
619 2375 652 2477 'j
657 2363 772 2465 51:3¹²
775 2364 957 2478 ¹¹⁶3&
969 2367 1137 2470 ἑέῖῖῖῖἷ
1150 2367 1282 2480 ξοῖῗῖ

769 2447 785 2474 ‚
1268 2444 1281 2455 .

295 2484 472 2530 lantium
501 2479 692 2537 precibus
722 2480 1057 2528 condescendere
1080 2480 1283 2540 cogitavi·

297 2556 390 2589 mus
409 2570 426 2595 ,
447 2538 696 2595 fecimusque
719 2553 792 2597 per
822 2543 1088 2587 Venerabiles
1120 2545 1281 2587 Fratres

299 2601 459 2652 nostros
473 2602 516 2644 S.
530 2598 583 2640 R.
595 2599 897 2645 E·Cardina1es
912 2615 982 2658 per
1001 2605 1089 2647 Nos
1107 2600 1283 2659 deputa-

300 2674 400 2711 tos,
429 2659 566 2705 omnia
604 2671 674 2714 per
703 2660 880 2704 Nuntios
907 2673 1118 2719 reportata
1135 2662 1206 2715 ,in
1224 2661 1284 2706 se·

304 2731 424 2767 creto
436 2714 693 2763 Confissorio
705 2719 844 2763 nostro
860 2719 1013 2778 diligen
1021 2732 1083 2767 ter
1104 2722 1285 2778 particu-

302 2781 526 2835 lariterque
540 2772 687 2822 referri
702 2806 717 2829 ,
741 2791 827 2835 quae
852 2793 925 2837 per
952 2781 1288 2826 Conlissorium

305 2839 536 2886 examinata
552 2837 641 2880 sunt
657 2848 671 2879 ε
688 2835 752 2880 sed
770 2850 940 2895 propter
970 2843 1212 2899 gravitatem
1229 2842 1289 2886 rei

308 2898 436 2944 visum
453 2895 509 2942 cst
534 2895 574 2939 in
600 2894 715 2939 aliud
731 2897 1024 2944 Conlillorium
1041 2901 1194 2946 differri
1211 2929 1225 2953 ,
1245 2909 1291 2945 ut

309 2970 501 3017 tempore
515 2953 654 2999 medio
679 2954 849 3013 quilibet
864 2957 1093 3006 cardinalis
1108 2962 1146 3004 in
1165 2961 1292 3006 domo

311 3016 381 3064 sua
398 3013 524 3076 pollet
543 3014 611 3060 illa
629 3012 865 3074 diligentius
888 3020 1063 3076 intueri3
1096 3022 1138 3065 ec
1165 3021 1204 3064 in
1230 3020 1291 3064 se-

312 3076 452 3124 cundo
466 3074 735 3128 conflancio,
749 3077 937 3123 scrutatis
952 3082 1134 3126 omnium
1157 3082 1292 3140 votis,

311 3140 354 3184 in
379 3136 564 3183 eandem
594 3132 830 3181 sententiam
851 3150 1136 3188 convenerunt
1162 3166 1179 3191 ⁵
1203 3153 1293 3189 tan-

315 3193 485 3243 tamell'c
501 3193 747 3240 evidentiam
770 3198 811 3242 dr
827 3213 1038 3245 numerum
1066 3202 1293 3250 miraculo·

316 3271 434 3310 rum,
462 3267 625 3301 necnon
653 3255 708 3299 dc
733 3259 829 3302 vire
860 3258 978 3316 iplius
1008 3259 1264 3310 ianaimonia
1284 3291 1300 3316 ‚

316 3331 362 3360 ac
380 3316 474 3360 fidei
491 3314 721 3374 integritate
744 3325 824 3361 tarn
838 3317 991 3362 clarum
1019 3333 1187 3380 tamque
1206 3326 1296 3370 evi-

317 3377 418 3420 dens
444 3375 752 3431 testimonium,
777 3387 823 3423 ut
838 3377 877 3421 in
901 3383 1002 3425 tanti
1019 3383 1294 3429 Viricanoni·

322 3437 528 3479 urionem
544 3435 696 3491 ,animi
719 3437 987 3482 concorditer
1013 3440 1076 3485 sua
1098 3452 1191 3486 vota
1222 3443 1295 3489 de·

319 3505 585 3553 promerent,
610 3510 786 3554 quorum
802 3496 926 3542 secuti
943 3496 1139 3555 judicium
1155 3528 1170 3553 ‚
1195 3513 1293 3547 tunc

319 3554 641 3599 canonizandum
654 3554 733 3601 eil'e
748 3556 999 3603 decrevimus
1011 3588 1024 3602 .
1050 3560 1206 3606 Verum
1221 3591 1235 3614 ,
1248 3571 1292 3605 ut

320 3624 388 3657 rea
404 3626 499 3656 cum
513 3613 654 3668 majori
675 3618 875 3672 gravitate
899 3620 1172 3675 procederet,
1188 3620 1294 3677 julli-

320 3684 410 3716 mus
434 3673 475 3741 in
498 3675 560 3715 Ca
616 3673 671 3716 iia
698 3676 835 3732 majori
866 3678 1008 3724 Palatii
1031 3681 1159 3726 nostri
1179 3683 1294 3738 Apo·

319 3731 483 3777 stolicis
586 3735 777 3777 sanetum
803 3739 995 3791 Petrum,
1025 3740 1291 3786 prelatorum

316 3790 499 3836 omnium
512 3818 530 3845 ,
552 3794 620 3851 qui
645 3793 686 3835 in
713 3795 839 3837 Curia
852 3795 1002 3848 client,
1018 3797 1103 3845 ficri
1116 3814 1293 3858 congre·

311 3853 543 3912 gatioucmz
567 3849 733 3911 iplil'que
757 3853 907 3898 ibidem
921 3855 1061 3913 positis
1074 3889 1089 3911 ‚
1103 3861 1182 3904 una
1196 3872 1291 3903 cum

1015 206 1178 293 Sub
1242 203 1571 293 Nicolao
1639 205 1743 294 V.

1341 364 1659 411 Venerabilibus
1693 360 1901 407 Fratribus
1937 357 2079 402 nostris
2108 353 2320 413 proposui-

1341 440 1429 470 mus
1445 439 1530 469 rem
1547 427 1650 468 hane
1665 451 1680 476 ‚
1693 423 1827 464 omnia
1841 418 2094 461 recensentes
2110 443 2124 466 ‚
2154 429 2239 470 quae
2256 413 2321 456 us-

1342 501 1423 543 que
1449 487 1488 527 in
1514 485 1655 528 horam
1685 483 1795 524 illam
1828 480 1869 520 in
1898 475 2125 532 hujusmodi
2154 474 2320 518 materia

1343 544 1501 588 fuiffent
1514 544 1677 586 actitata
1692 567 1706 590 2
1721 543 1771 583 &v
1782 536 2027 593 lingulorum
2058 543 2154 578 vota
2170 535 2321 577 scruta-

1341 615 1382 647 ta
1410 603 1530 647 sunt:
1554 603 1624 660 qui
1650 602 1690 643 in
1718 599 1902 643 eamdem
1931 593 2166 636 sententiam
2192 594 2320 636 deve-

1341 672 1488 707 nerunt
1504 692 1518 714 ,
1532 663 1574 704 in
1590 674 1710 718 quarn
1727 653 1991 702 Venerabiles
2010 654 2172 695 Fratres
2192 652 2317 695 nostri

1342 725 1494 765 Sancte
1521 723 1711 763 Romanae
1743 712 1931 759 Ecclefiae
1972 710 2212 754 Cardinales
2244 712 2317 756 in...

1343 779 1592 822 Confistorio
1615 777 1773 819 secreto
1802 778 2106 817 convenerant.
2121 770 2262 812 Postea
2278 770 2318 812 iu

1343 836 1589 881 Conlistorio
1608 835 1798 879 Generali
1815 847 1857 875 re
1880 828 2109 887 proponti,
2136 829 2249 885 quod
2277 830 2320 869 in

1343 896 1598 938 Confistorio
1625 896 1783 938 secreto
1807 904 1882 948 per
1898 895 1983 934 Nos
1995 889 2207 933 decretum
2230 884 2322 929 fue·

1342 965 1404 996 rat
1422 982 1438 1006 ‚
1469 953 1631 1010 publice
1661 952 1919 997 decrevimus
1949 946 2206 999 faciendum,
2239 946 2320 988 hoc

1340 1013 1395 1054 est
1415 1037 1431 1060 ,
1455 1013 1558 1053 tanti
1575 1011 1666 1051 Viri
1691 1010 2040 1053 canonizationem
2070 1007 2111 1048 in
2137 1004 2322 1050 Ecclefia

1340 1069 1539 1125 Principis
1559 1066 1846 1122 Apostolorum
1860 1093 1875 1116 ‚
1893 1067 1966 1107 hac
1980 1066 2047 1108 die
2061 1064 2324 1108 pentecostes

1337 1143 1409 1186 per
1428 1130 1517 1171 Nos
1539 1126 1741 1169 celebrari
1755 1124 1906 1167 debere
1922 1150 1935 1165 .
1957 1126 2045 1167 Nos
2070 1121 2222 1177 igitur,
2252 1120 2325 1178 qui

1341 1192 1417 1231 huc
1434 1185 1560 1230 hodie
1576 1183 1844 1228 convenimus
1858 1213 1872 1235 ,
1883 1193 1927 1227 ut
1952 1183 1994 1228 in
2007 1179 2221 1237 conspeetu
2235 1190 2325 1225 tan·

1339 1258 1388 1292 tae
1403 1243 1893 1296 multitudinis,sanetitati
1907 1243 2009 1286 tanti
2031 1241 2124 1286 Viri
2141 1240 2325 1285 testimo-

1340 1309 1452 1352 nium
1465 1304 1753 1363 perhibeamus
1766 1332 1784 1355 ,
1797 1300 2025 1347 assumimus
2048 1300 2152 1346 illud
2172 1300 2323 1344 Domi⁴

1340 1368 1480 1412 nicum
1504 1366 1700 1416 verbum,
1727 1363 1837 1422 quod
1858 1361 1935 1405 suis
1957 1360 2233 1406 imitatoribus
2263 1357 2327 1401 di-

1341 1428 1399 1471 xit
1419 1456 1431 1468 .
1459 1425 1537 1469 Ubi
1558 1437 1629 1483 ego
1642 1423 1739 1483 fiam
1764 1449 1779 1472 ‚
1807 1421 1892 1465 illic
1920 1422 1970 1471 θ’
2000 1418 2193 1467 Miniaer
2220 1430 2326 1462 meur

1340 1488 1448 1531 erit.
1476 1483 1719 1528 Ministravit
1742 1481 1818 1524 Vir
1844 1482 1914 1525 iste
1929 1479 2187 1524 sanctissimus
2203 1477 2330 1523 Chri-

1343 1546 1434 1595 sto,
1464 1545 1504 1586 δι
1533 1542 1692 1587 secutus
1722 1540 1777 1584 est
1802 1541 2007 1585 Christum
2034 1553 2049 1584 ε
2080 1537 2330 1583 ministravit

1342 1602 1641 1652 Christ02cum
1660 1601 1696 1643 se
1718 1601 1870 1656 laqueis
1900 1598 2033 1644 soeculi
2060 1610 2242 1651 exuens,
2272 1595 2328 1648 ά·

1344 1665 1528 1719 deponens
1543 1671 1714 1704 veterem
1741 1659 1934 1703 hommem
1950 1669 2039 1702 enar
2051 1657 2207 1702 ambus
2220 1653 2331 1714 fuir,

1343 1724 1395 1773 θ’
1405 1721 1567 1766 induens
1580 1730 1722 1763 novum
1731 1744 1746 1768 2
1764 1718 1836 1774 qni
1842 1717 2056 1772 le'cnnddm
2070 1719 2203 1762 Deam
2213 1726 2330 1758 crea·

1344 1792 1407 1826 tur
1424 1778 1479 1837 est
1492 1809 1509 1832 ,
1535 1778 1774 1838 injustitia,
1799 1776 2083 1838 &firmate
2107 1773 2328 1828 veritatr'r,

1342 1841 1486 1900 jugum
1502 1838 1591 1883 leve
1604 1836 1741 1882 {anetae
1768 1837 1996 1896 Religionis
2020 1835 2233 1893 amplexus
2257 1834 2329 1878 est.

1344 1899 1588 1944 Ministravit
1603 1896 1798 1949 Christo,
1823 1910 1916 1940 cum
1938 1896 1977 1938 in
1993 1896 2122 1938 saneta
2139 1892 2331 1950 Religio·

1342 1972 1395 2004 ne
1420 1957 1633 2014 proficiens
1651 1985 1667 2008 ,
1690 1957 1836 1998 dietim
1862 1953 2016 2010 majora
2033 1952 2236 1997 virtutum
2261 1948 2327 1996 di·

1344 2020 1532 2058 vinarum
1555 2022 1774 2070 augmenta
1788 2012 2000 2069 capiebat,
2031 2012 2232 2069 precipue
2245 2011 2325 2055 hu-

1345 2074 1529 2117 militatis
1560 2072 1713 2115 Christi
1739 2071 1923 2116 imitator
1951 2069 2116 2114 effeetus
2133 2096 2149 2122 ‚
2175 2081 2330 2130 pauper

1342 2133 1481 2189 spiritu
1493 2160 1509 2184 ,
1519 2130 1560 2174 ἀ
1574 2131 1688 2176 dives
1701 2132 1828 2188 gratia
1840 2160 1853 2173 .
1873 2129 2115 2176 Ministravit
2128 2130 2295 2175 Christo
2305 2156 2324 2184 ,

1343 2204 1437 2233 cum
1454 2189 1595 2232 multis
1607 2190 1799 2244 exemplo
1817 2191 1910 2232 vite
1929 2191 1982 2231 ad
1995 2189 2165 2232 salutern
2190 2187 2333 2246 profe-

1342 2248 1401 2290 cit
1427 2258 1640 2289 oeternam.
1669 2244 1915 2291 Ministravit
1944 2245 2115 2291 Christo
2137 2273 2154 2299 ,
2190 2260 2325 2292 cum-e

1342 2306 1536 2350 membris
1549 2305 1702 2350 Christi
1718 2331 1733 2355 ‚
1756 2306 1835 2349 hoc
1860 2305 1916 2349 est
1931 2304 2119 2350 fidelibus
2140 2305 2323 2359 christi,

1344 2365 1534 2422 pabulum
1547 2363 1740 2408 doetrinn
1756 2364 1935 2410 coelestis
1961 2364 2191 2409 definenter
2204 2365 2325 2409 exhi-

1341 2424 1434 2469 buit
1458 2452 1475 2479 ,
1510 2422 1703 2482 plurimas
1734 2425 1826 2467 Deo
1865 2423 2125 2470 lucrifaciens
2149 2425 2332 2479 animas,

1342 2498 1441 2542 quas
1464 2487 1489 2530 a
1516 2482 1683 2527 Diaboli
1709 2483 1751 2526 δι
1777 2481 1907 2528 seculi
1936 2484 2092 2542 laqueis
2122 2483 2330 2529 exuebat.

1342 2542 1588 2587 Ministrarit
1615 2542 1781 2587 Christo
1813 2569 1828 2594 ,
1864 2557 1956 2588 cum
1988 2557 2062 2602 per
2093 2543 2329 2596 civitates,

1346 2602 1664 2661 Provinciasque
1695 2599 1892 2646 seminans
1918 2606 2094 2648 verbum
2118 2603 2226 2656 Dei,

1348 2663 1542 2724 pulorum
1562 2671 1749 2710 catervas
1765 2688 1780 2713 ‚
1803 2662 1982 2718 antiquis
2003 2661 2109 2706 odiis
2139 2661 2334 2708 diffiden-

1348 2735 1412 2770 ter
1426 2751 1442 2776 ‚
1464 2723 1577 2769 omni
1599 2720 1794 2768 cordium
1820 2734 1993 2766 rancore
2023 2720 2210 2779 depolito
2226 2721 2331 2774 ‚im

1348 2782 1593 2830 charitatem
1606 2791 1791 2826 mutuam
1806 2780 2029 2826 revocabat
2041 2808 2054 2823 .
2084 2780 2332 2825 Ministravit

1352 2841 1653 2897 Christo,cum
1670 2844 1708 2885 in
1724 2838 1910 2897 pluribus
1936 2839 2039 2884 locis
2052 2851 2190 2884 morea
2205 2841 2247 2885 in
2271 2840 2332 2884 la—

1352 2903 1514 2949 sciviam
1547 2911 1791 2973 vementes,
1819 2900 1862 2944 ὰ
1890 2898 2042 2945 diutius
2064 2898 2333 2959 antiquatos,

1353 2962 1468 3008 verbi
1485 2962 1624 3007 Divim
1646 2959 1939 3018 predicatione
1952 2957 2159 3014 dimovit,
2187 2961 2332 3005 exhor.

1353 3034 1443 3068 tana
1458 3032 1541 3066 tam
1557 3022 1668 3068 viros
1682 3047 1696 3073 ‚
1716 3017 1836 3080 quim
1859 3017 2049 3065 mulieres
2073 3012 2232 3064 serrare
2255 3030 2332 3077 pu-

1353 3082 1540 3129 dicitiam
1554 3112 1568 3137 ‚
1584 3077 1842 3141 reliquolque
1868 3079 2090 3125 laudabiles
2114 3091 2266 3129 mores,
2282 3077 2332 3121 li-

1354 3157 1405 3189 ne
1430 3143 1574 3201 quibus
1599 3155 1720 3187 nemo
1748 3138 1848 3185 vere
1875 3138 2006 3195 potest
2031 3136 2106 3183 effe
2133 3137 2333 3182 Christia-

1355 3218 1456 3249 nus.
1472 3201 1718 3247 Minillravit
1741 3197 1933 3248 Christo,
1959 3210 2051 3242 cum
2069 3194 2247 3242 nominis
2273 3195 2329 3241 sui
2395 3208 2398 3213 ’

1357 3278 1427 3322 per
1441 3276 1604 3308 omnem
1628 3258 1787 3307 ltaliam
1808 3254 2050 3301 celebritate
2066 3257 2229 3313 vigente
2243 3284 2258 3309 ,
2290 3255 2330 3299 in

1354 3324 1517 3373 eadem,
1536 3333 1657 3382 quam
1673 3317 1805 3379 primo
1819 3313 2075 3372 affumpserat
2090 3346 2106 3369 ,
2132 3315 2334 3360 humilita-

1356 3396 1398 3428 te
1417 3380 1634 3442 permanllt
1646 3409 1658 3424 .
1673 3375 2117 3478 ministravithristo,
2129 3386 2332 3480 ‘33:3-

1356 3435 2249 3565 ffiffistutgitmgssffip’roecclssrespnegeme
2279 3463 2330 3563 ad

1355 3573 1544 3608 aternam
1558 3558 1740 3618 requiem
1753 3586 1768 3611 ‚
1797 3568 1871 3601 nec
1888 3570 1989 3600 mori
2005 3556 2166 3609 timuit,
2186 3564 2258 3599 nec
2274 3566 2331 3596 νι-

1356 3634 1453 3666 vere
1482 3616 1703 3666 recusavit.
1732 3619 1842 3674 Ergo
1858 3616 1951 3674 quia
1968 3628 2047 3660 non
2081 3614 2213 3673 potest
2227 3614 2332 3658 veri·

1355 3693 1414 3754 ras
1445 3677 1525 3737 ipsa
1551 3676 1750 3731 mentiri,
1778 3690 1862 3735 quoe
1885 3676 1947 3745 ‘est
1976 3674 2220 3732 Unigenitus
2252 3670 2328 3716 Dei

1352 3733 2328 3857 {Sisimi}2⁹322535223m>1533220sixz¹23

1351 3869 1451 3903 ture
1476 3856 1611 3910 &ubl
1634 3859 1830 3918 egostaem,
1855 3857 1939 3902 ime
1965 3857 2014 3906 θ’
2032 3854 2328 3956 minsszffm

2258 3938 2273 3965 θ
