2444 4192
768 193 928 278 Sub
990 196 1415 282 Innocentio
1476 196 1615 279 XI
1625 197 1676 279 l.

223 357 330 402 viter
350 349 579 400 excitabat,
603 347 707 392 adeo
721 356 916 392 utomnes
936 362 1057 396 tantae
1077 354 1192 395 inno-

223 414 364 458 centia
378 438 392 460 ,
407 412 446 452 δι
464 408 715 464 singularium
732 405 927 449 virtutum
955 411 1191 454 admiratio-

222 485 295 516 nes
311 470 387 526 jam
398 480 486 512 tum
501 466 782 524 praeviderent2
796 476 961 520 magnos
977 468 1089 525 hujus
1103 471 1193 510 Ser-

225 532 264 574 vi
277 530 353 572 Dei
366 526 521 571 futuros
536 529 574 568 in
591 524 806 570 Sanctitate
821 524 1058 578 progressus,
1069 537 1192 580 quem

224 591 269 633 in
278 597 391 631 aetate
406 584 551 641 puerili
565 582 668 628 adeo
681 583 936 626 innocentem
952 584 1077 624 vitam
1100 596 1192 637 age-

224 661 270 692 re
284 643 572 702 dignoscebant
583 672 596 684 .
915 696 925 706 .

280 704 319 756 §.
335 717 376 759 4.
435 701 613 759 Simplex
625 729 642 755 ,
658 702 783 750 rectus
797 728 812 752 ,
842 699 880 740 St
894 706 1038 740 timens
1054 698 1187 739 Deum

222 773 339 808 aetate
353 762 464 805 fimul
478 789 492 812 ‚
515 763 555 804 δι
573 759 787 804 virtutibus
799 756 1002 800 crescebat
1018 754 1187 799 Pascha-

223 825 272 868 lis
306 822 535 864 humilitate
547 847 563 871 ,
586 818 781 862 charitate
793 845 810 868 ‚
837 814 1030 858 modestia
1048 843 1066 866 ,
1099 826 1188 856 mo-

217 894 394 936 rumque
410 879 605 921 suavitate
618 906 632 930 ‚
646 879 697 920 fic
709 889 850 920 eorum
868 903 885 928 ‚
897 875 964 930 qui
979 871 1103 930 ipsum
1118 886 1189 915 no-

225 947 368 984 verant
382 967 396 989 ,
413 935 654 980 conciliabat
663 934 821 980 affectus
832 960 846 983 ‚
859 943 906 975 ut
919 931 1047 975 sancta
1059 931 1192 974 moni-

222 1011 266 1043 ta
281 1025 294 1048 a
310 999 351 1039 δι
362 994 523 1038 confilia
540 994 716 1038 libenter
728 993 996 1050 excipientes,
1011 989 1190 1046 &ipsum

220 1057 444 1113 diligerent
460 1080 474 1103 ,
487 1053 586 1096 acin
602 1052 776 1110 ejusdem
787 1050 1093 1094 conversatione
1107 1063 1192 1091 ma-

222 1127 400 1172 gnopere
416 1111 776 1156 delectarentur-‚td
790 1109 901 1166 quod
911 1108 1115 1166 presertim
1129 1121 1192 1150 ae·

222 1173 325 1217 cidit
341 1169 537 1228 praediviti
561 1169 719 1212 cuidam
733 1168 819 1225 ejus
833 1170 959 1218 hero,
986 1168 1053 1225 qui
1078 1165 1194 1223 prole

221 1243 364 1274 carens
377 1256 392 1280 ,
405 1226 576 1270 eundem
585 1226 795 1281 adoptare,
816 1228 856 1269 δι
867 1225 1025 1269 suorum
1039 1222 1195 1268 honorii

180 1303 184 1310 ·
221 1285 419 1334 heredem
442 1284 719 1338 designaverat
734 1284 951 1332 instituere,
970 1281 1034 1324 sed
1049 1295 1194 1338 gnarus

221 1344 420 1392 Paschalis
430 1367 446 1392 2
458 1340 568 1399 quod
581 1342 809 1398 quicunque
822 1339 1062 1396 SpirituUDei
1075 1352 1195 1394 agun-

215 1414 295 1450 tur
304 1432 323 1455 ,
336 1404 365 1446 ii
379 1402 466 1444 sunt
477 1400 571 1444 Filii
584 1401 664 1443 Dei
681 1427 695 1450 ,
723 1399 965 1454 accipientes
979 1396 1196 1453 spiritum-0

226 1458 471 1518 adoptionis,
483 1458 523 1501 in
536 1471 618 1514 quo
629 1459 806 1501 clamant
820 1458 936 1499 Abba
950 1459 1084 1503 Pater,
1093 1455 1196 1498 ado-

226 1521 380 1580 ptivam
394 1515 481 1561 heri
496 1513 733 1559 filiationem
747 1544 761 1567 ,
774 1528 819 1557 ac
834 1514 1110 1559 hareditatem
1125 1513 1196 1556 de·

228 1580 378 1637 spexit,
391 1576 549 1633 sperans
563 1583 649 1617 tum
662 1571 699 1617 se
713 1571 862 1616 beatius
875 1572 965 1623 sore
979 1573 1141 1622 filium,
1156 1572 1196 1613 δι

231 1636 426 1684 haeredem
442 1634 547 1687 Dei,
560 1632 885 1688 cohaeredemque
897 1631 1046 1674 Christi
1058 1658 1072 1682 ,
1104 1643 1195 1671 eum

223 1702 468 1755 paupertate
483 1719 497 1742 ,
539 1690 770 1734 bumilitate
794 1716 809 1739 ,
851 1690 984 1745 sitique
1011 1688 1195 1744 corporis

228 1750 541 1799 ‘mortificatione
552 1747 717 1791 Christo
729 1747 795 1805 ipfi
809 1756 1119 1802 compateretur
1130 1775 1142 1788 .

287 1812 326 1863 §-
341 1821 385 1860 5.
443 1808 608 1852 Ardore
633 1807 768 1864 itaque
782 1804 970 1862 Religiofi
988 1804 1162 1848 Instituti
1179 1833 1193 1857 ,

231 1870 341 1930 quod
360 1874 598 1926 paupertate
611 1892 626 1917 ,
645 1867 686 1909 δι.
704 1865 958 1910 observantia
970 1863 1194 1922 praestaret,

237 1933 287 1973 ab
304 1929 467 1972 ineunte
479 1934 594 1968 aetate
617 1921 822 1968 succensus
835 1952 850 1976 ,
861 1922 967 1969 circa
978 1936 1124 1967 annum
1137 1920 1193 1965 sa·

161 1993 163 1996 '
234 1988 335 2033 lutis
355 1986 476 2038 1564.
491 1983 574 2026 voti
586 1996 754 2038 compos
766 1982 939 2026 efficitur
951 2011 966 2033 ,
981 1996 1030 2027 ex
1047 1980 1201 2038 pastore

234 2047 374 2092 ovium
391 2044 429 2086 in
446 2056 607 2100 gregem
621 2040 781 2084 Domini
795 2038 965 2083 adscitus
979 2039 1044 2082 sub
1063 2041 1201 2095 Regu-

235 2105 277 2149 la
302 2104 343 2145 S.
366 2099 569 2147 'Francisci
602 2100 820 2144 strictioris
852 2097 1125 2141 Observantiae
1163 2096 1204 2139 in

235 2160 453 2208 Provincia
466 2159 594 2204 Sancti
604 2158 763 2215 joannis
783 2155 969 2212 Baptista,
983 2156 1110 2213 Regni
1125 2157 1205 2198 Va·

236 2219 372 2265 lentie
386 2219 477 2270 ,ubi
493 2217 645 2260 summo
656 2216 836 2266 fervore,
850 2217 890 2257 δι
902 2216 1068 2272 gaudio,
1083 2214 1207 2259 Habi-

228 2289 283 2325 -tn
301 2279 504 2322 Minorum
522 2275 864 2318 Discalceatorum
882 2273 1087 2330 suscepto,
1102 2273 1204 2316 rite-

227 2351 316 2396 ·que
330 2333 463 2380 emiffa
481 2333 675 2391 Regulari
691 2331 948 2385 Proseliione‚
963 2334 1008 2375 iis
1023 2332 1203 2376 cumula-

237 2407 307 2441 tus
323 2392 539 2438 virtutibus
555 2392 688 2435 statim
701 2391 885 2449 appatuit
898 2421 914 2443 ,
942 2393 982 2434 δι
995 2391 1201 2447 disciplina

236 2453 468 2511 Religionis
482 2450 689 2494 instructus
713 2452 753 2494 in
770 2450 849 2517 illis
863 2449 918 2492 ita
931 2449 1105 2518 profecit
1119 2477 1135 2500 ,
1157 2458 1201 2492 ut

191 2604 196 2609 ,
236 2509 626 2675 {faentina
648 2509 1051 2612 2222331332221222‘2
1064 2511 1203 2622 ‚⁰3⁰2

227 2646 230 2653 ¹
329 2634 444 2672 eret.

271 2691 274 2694 ’
301 2641 340 2734 g
351 2688 394 2729 6.
436 2683 821 2745 sanetilnstitutoris
834 2682 1201 2739 suiexemplopau-

227 2757 312 2803 per
326 2769 342 2795 ,
356 2740 568 2786 &humilis
579 2770 596 2793 ,
613 2741 753 2790 volens
765 2742 959 2786 excelsam
975 2740 1204 2786 fabricam-2

232 2802 439 2848 'virtutum
463 2798 713 2847 construere,
744 2799 795 2841 de
817 2798 1083 2842 fiindamento
1095 2801 1204 2854 prius

242 2857 436 2916 cogitavit
463 2856 699 2900 humilitatis
719 2882 734 2902 ‚
761 2856 843 2911 qui
882 2858 923 2898 in
951 2856 1208 2911 abjeaiffimis

242 2912 478 2965 Conventus
490 2913 632 2958 officiis
655 2912 734 2956 sese
759 2913 936 2957 libenter
947 2916 1129 2957 exercuit
1143 2943 1157 2966 ,
1171 2917 1209 2959 ἃ

243 2975 273 3019 fi
315 2972 448 3018 nando
473 2971 616 3016 abillis
631 2981 799 3028 propter
825 2973 915 3015 vitae
939 2969 1210 3026 sanctitatem,

243 3032 301 3080 ve
332 3038 485 3075 aetatem
499 3027 596 3087 juffu
617 3031 876 3085 superiorum
903 3031 1210 3084 retrahebatur,

246 3090 446 3149 supplices
459 3117 475 3142 ,
496 3088 748 3147 ‚humilesque
760 3103 901 3144 preces
923 3087 1000 3132 non
1011 3090 1210 3134 intermit-

243 3151 359 3195 tebat
370 3177 385 3202 ,
395 3148 527 3192 donec
540 3147 774 3190 eorumdem
789 3147 982 3191 exercitio
995 3147 1107 3190 fimul
1122 3162 1212 3191 cum

245 3209 334 3255 aliis
349 3206 478 3251 Laicis
490 3233 505 3256 ,
527 3207 569 3248 &
582 3204 791 3261 juvenibus
806 3207 1012 3250 Fratribus
1028 3206 1209 3250 restitue-

247 3267 401 3312 retur-⁴
419 3265 487 3309 Sui
518 3272 776 3321 contemptor
801 3265 967 3308 eximius
993 3264 1208 3321 quidquam

247 3326 291 3369 in
303 3324 505 3383 propriam
519 3322 678 3366 laudem
691 3352 706 3374 ,
731 3336 862 3379 neque
885 3322 1027 3366 audire
1050 3323 1180 3365 voluit
1195 3352 1210 3375 ,

240 3397 380 3439 'neque
391 3381 533 3426 retulit
548 3410 560 3424 .
590 3383 637 3424 In
654 3381 818 3438 loquela
831 3409 846 3433 ,
857 3379 1007 3426 incessu
1018 3409 1034 3432 2
1064 3383 1182 3425 vultu
1194 3411 1210 3433 ,

251 3439 410 3493 oeulis,
436 3439 626 3497 omnique
648 3442 846 3484 afflonum
871 3453 1017 3496 genere
1043 3437 1213 3496 profun-

251 3498 346 3540 dam
357 3497 582 3545 ostendebat
597 3499 864 3543 humilitatem
878 3527 893 3551 ,
904 3501 998 3555 quin
1011 3500 1064 3542 de
1076 3499 1214 3556 seipso

253 3554 360 3599 adeo
371 3554 538 3599 demisse
549 3585 564 3610 ,
582 3559 623 3600 δι
636 3557 816 3600 νὶἰίίῐίωὲ
830 3559 1042 3607 sentiebat,
1064 3568 1107 3600 ut
1121 3573 1213 3602 cum

256 3611 449 3671 praeelaroe
463 3613 538 3656 Vir
548 3616 772 3659 sanctitatis
797 3616 1037 3666 haberetur,
1062 3617 1141 3672 ipse
1154 3628 1216 3661 ta-

253 3687 346 3715 men
361 3669 478 3714 nullis
492 3669 531 3713 se
554 3675 760 3727 proditum
785 3676 936 3719 meritis
952 3705 966 3728 ,
993 3690 1218 3733 magnum-a

253 3734 512 3788 peecatorem
532 3741 740 3787 reputaret
760 3760 774 3782 ‚
797 3734 1069 3778 &affirmaret
1086 3765 1097 3777 .
1132 3737 1219 3779 Ro-

253 3795 447 3889 gatus3pt
459 3800 596 3887 {nepus
611 3789 835 3846 imponeret
848 3793 961 3850 super
974 3807 1097 3851 aegros
1111 3824 1124 3847 ,
1138 3797 1219 3853 pri-

404 3858 476 3889 om.
541 3872 552 3884 .

1972 234 2137 312 441

1251 353 1357 396 stinae
1371 352 1408 394 se
1421 350 1630 393 valitudini
1647 363 1718 403 per
1739 347 1822 404 ejus
1849 350 1988 391 merita
2007 357 2212 401 restituen-

1250 412 1320 452 dos
1336 407 1428 451 sore
1442 409 1644 460 sperantes
1655 431 1670 454 2
1695 405 1842 447 summa
1855 408 2215 458 animidemiffione

1252 466 1291 508 se
1305 467 1477 507 comiter
1489 463 1704 504 excusabat
1720 492 1734 514 ,
1747 463 1879 505 donec
1897 464 1958 504 vel
1977 467 2218 514 obedientiae

1251 531 1450 580 praecepto
1463 520 1687 575 compulsus
1701 548 1716 570 ‚
1747 521 1808 563 vel
1821 520 2106 575 postulantium
2121 542 2215 579 pre-

1250 582 1362 623 cibus
1378 588 1531 630 motus,
1546 592 1614 620 eos
1627 580 1737 633 [igno
1749 580 1896 622 Crucis
1906 579 2125 632 aliquando
2139 587 2216 626 ob-

1249 638 1423 694 signaret
1438 666 1452 689 ,
1483 636 1727 694 frequentius
1744 639 1838 681 vero
1852 637 2036 679 suaderet
2051 639 2187 684 iisdem
2202 670 2217 692 ,

1248 708 1293 739 ut
1308 694 1372 738 sua
1386 697 1424 738 ie
1441 710 1554 738 manu
1572 694 1767 749 fignarent
1778 726 1790 747 ,
1804 711 1884 752 quo
1897 694 2014 738 reddi
2030 701 2215 752 corporis

1249 756 1455 798 sanitatem
1467 780 1482 804 ,
1502 755 1540 796 δι
1553 759 1679 797 robur
1700 755 1740 797 in
1752 756 1898 799 Crucis
1914 755 2064 798 virtute
2086 759 2215 811 perci-

1248 823 1393 870 perent
1410 842 1422 855 .

1307 873 1343 923 ᾗ.
1360 886 1399 923 7.
1462 873 1716 927 paupertatis
1742 874 1875 917 nonin
1890 873 2031 916 saeculo
2055 872 2211 924 solum,

1249 930 1315 974 sed
1341 931 1460 975 etiam
1490 932 1531 972 in
1547 932 1759 986 Religione
1778 931 2084 981 amantiffimus‚
2111 933 2215 988 ejus-

1248 993 1344 1035 dem
1356 989 1657 1035 S.1nstitutoris
1675 992 1853 1033 imitator
1866 993 2070 1046 egregius,
2098 992 2215 1034 unici

1250 1051 1409 1095 tantum
1435 1049 1677 1091 induebatur
1703 1049 1835 1091 tunica
1858 1078 1870 1100 ,
1897 1063 2021 1104 eaque
2047 1050 2214 1105 aspera,

1253 1108 1441 1167 angusta,
1466 1108 1719 1165 abjeetiffima
1734 1136 1747 1159 ,
1771 1106 1981 1163 multisque
2013 1106 2139 1150 frustis
2155 1122 2217 1149 re-

1253 1168 1384 1220 fena,
1409 1170 1594 1223 ratusque
1607 1166 1939 1221 supervacaneum
1967 1165 2041 1210 effe
2063 1166 2218 1208 mundi·-

1253 1230 1349 1273 tiem
1374 1228 1413 1268 in
1439 1225 1575 1268 cilicio
1596 1239 1769 1280 quarere
1791 1254 1806 1276 ,
1845 1224 1987 1268 eadem
2010 1222 2219 1269 femoralia

1254 1285 1451 1329 destructa
1466 1283 1626 1338 prorsus
1647 1310 1661 1332 2
1681 1285 1720 1326 δι
1739 1284 1869 1326 lacera
1883 1309 1896 1332 ,
1923 1298 1968 1324 ac
1992 1284 2131 1338 quibus
2145 1298 2220 1338 po-

1255 1352 1361 1386 terat
1376 1339 1607 1394 fragmentis
1622 1342 1785 1383 resarc‘ta
1799 1370 1814 1393 ,
1828 1342 1877 1384 ad
1892 1341 2034 1384 decem
2048 1342 2111 1391 ,δι
2123 1344 2219 1383 octo

1256 1413 1379 1444 annos
1393 1399 1561 1454 pertulit
1575 1426 1588 1439 .

1313 1459 1352 1510 §-
1370 1459 1409 1500 8.
1470 1461 1559 1500 Nec
1586 1457 1716 1499 carnis
1735 1455 2088 1500 mortificationem
2104 1457 2141 1499 in
2158 1457 2221 1499 so-

1256 1518 1295 1561 la
1309 1544 1324 1568 ,
1337 1519 1378 1559 &
1391 1516 1611 1560 extrinseca
1624 1515 1846 1560 indumenti
1860 1515 2071 1572 asperitate
2088 1518 2221 1558 conti·

1255 1576 1370 1626 nuit,
1393 1572 1460 1618 sed
1470 1575 1653 1624 eandem,
1668 1587 1719 1616 ne
1731 1588 1907 1629 unquam
1924 1577 2042 1619 noxie
2059 1575 2222 1618 molire-

1256 1634 1374 1677 turin
1391 1631 1570 1688 spiritum
1585 1661 1599 1682 ,
1625 1633 1814 1675 continua
1828 1634 2048 1676 maceravit
2064 1634 2192 1676 inedia
2206 1660 2221 1683 ,

1252 1695 1291 1737 &
1308 1692 1472 1748 perenni
1495 1689 1755 1734 afflictatione
1775 1691 1927 1746 subegit
1944 1722 1955 1732 .
1990 1691 2220 1736 Parciffimo

1254 1751 1339 1808 ejus
1360 1750 1455 1792 cibo
1478 1750 1664 1806 srequens
1687 1748 1924 1793 succedebat
1948 1751 1989 1792 in
2023 1765 2149 1806 pane,
2180 1753 2221 1792 &

1253 1824 1355 1866 aqua
1371 1807 1560 1863 jejunium
1576 1838 1590 1859 ‚
1618 1810 1658 1850 δι
1670 1808 1905 1862 quotidiano
1918 1808 1999 1862 ejus
2018 1810 2135 1851 victui
2154 1822 2221 1849 ne-

1254 1866 1410 1913 ceffaria
1424 1866 1553 1922 rigide
1572 1864 1809 1909 subtrahens
1823 1894 1837 1918 ,
1866 1866 2016 1909 alendo
2042 1864 2222 1909 servabat

1261 1927 1427 1985 pauperi
1438 1953 1449 1964 .
1480 1925 1721 1982 Plerumque
1737 1926 1831 1968 vino
1845 1925 2057 1973 abstinens,
2073 1925 2226 1980 nigrio-

1263 2000 1306 2029 ra
1326 2014 1342 2037 ,
1366 1982 1580 2027 &duriora
1595 1986 1706 2040 panis
1720 1983 1965 2040 fragmenta,
1991 1996 2038 2026 ac
2050 1984 2226 2028 deterio.

1265 2059 1334 2095 ra,
1359 2044 1399 2084 δι
1425 2044 1476 2084 ab
1501 2041 1589 2083 aliis
1619 2042 1823 2085 Fratribus
1851 2040 2045 2085 deren&
2060 2042 2191 2085 edulia
2207 2072 2222 2094 ,

1264 2100 1424 2159 quando
1438 2109 1613 2156 poterat,
1632 2101 1703 2142 fibi
1713 2100 1941 2155 deligebat.
1974 2101 2137 2144 Nudam
2149 2102 2223 2143 hu-

1265 2175 1373 2203 mum
1384 2184 1399 2208 2
1411 2168 1479 2201 aut
1494 2158 1611 2201 rudes
1627 2160 1781 2201 tabulas
1795 2159 1966 2214 pellibus
1982 2158 2225 2214 superimpo-

1265 2219 1347 2262 sitis
1359 2217 1573 2274 aliquando
1588 2218 1728 2261 stratus
1743 2231 1818 2274 pro
1832 2218 1936 2260 lecto
1950 2216 2229 2269 habebat,fru-

1263 2278 1441 2332 stumque
1457 2275 1632 2332 ligneum
1646 2306 1661 2328 ,
1676 2278 1738 2319 vel
1755 2276 1885 2319 saxum
1898 2289 1973 2332 pro
1990 2277 2193 2331 pulvinari
2210 2305 2226 2328 ‚

1263 2338 1398 2393 ibique
1424 2335 1558 2390 jacens
1579 2363 1594 2387 ,
1617 2337 1678 2378 vel
1705 2336 1847 2391 parieti
1870 2336 2026 2379 innixus
2051 2334 2228 2378 breviffi-

1263 2409 1371 2438 mum
1383 2395 1573 2449 carpebat
1591 2393 1769 2436 somnum
1786 2423 1800 2446 ,
1827 2394 1978 2450 reliqua
2010 2398 2124 2437 nodie
2137 2409 2227 2437 ora-

1263 2455 1362 2496 tioni
1378 2452 1473 2496 dati
1487 2482 1499 2494 .
1533 2453 1660 2495 Nudis
1675 2454 1882 2497 incedebat
1899 2455 2065 2509 pedibus
2080 2481 2094 2503 ,
2110 2454 2230 2496 etiam

1263 2515 1431 2568 longum
1447 2539 1462 2562 ‚
1486 2512 1550 2554 vel
1565 2513 1735 2554 arduum
1749 2514 1826 2556 iter
1838 2525 1956 2567 agens
1968 2543 1979 2554 .
2017 2514 2140 2555 Duris
2156 2512 2229 2553 fla-

1263 2570 1571 2627 gellationibus,
1594 2573 1712 2614 variis
1749 2574 1788 2614 &
1820 2573 2044 2626 asperrimis
2054 2570 2195 2614 ciliciis
2212 2596 2228 2618 ,

1264 2630 1475 2684 ferreaque
1488 2641 1626 2672 catena
1643 2659 1657 2682 ,
1682 2631 1743 2673 bis
1755 2660 1771 2681 ,
1795 2640 1939 2685 terque
1959 2629 2229 2672 circumducta

1262 2702 1409 2744 corpus
1423 2688 1615 2730 dilanians
1629 2716 1644 2740 ,
1670 2689 1770 2731 illud
1802 2690 1841 2731 in
1855 2689 1961 2732 adeo
1983 2688 2232 2731 distriCtamn

1263 2747 1497 2792 servitutem
1512 2748 1667 2802 redegit
1679 2775 1695 2799 ‚
1717 2748 1814 2790 utin
1828 2760 1880 2789 eo
1896 2747 2050 2804 spiritus
2065 2744 2233 2803 pacifice

1263 2807 1562 2856 dominaretur,
1587 2806 1765 2861 nihilque
1783 2806 1846 2849 vel
1861 2807 2069 2848 minimum
2098 2805 2234 2847 tumin

1269 2863 1423 2910 seculo,
1437 2872 1524 2904 tum
1540 2864 1580 2904 in
1592 2864 1781 2905 claustro
1795 2863 1884 2906 usus
1899 2863 2018 2906 suerit
2029 2877 2236 2919 peragere,

1270 2920 1510 2967 veldicere,
1539 2920 1647 2976 quod
1674 2920 1788 2974 ipsius
1814 2922 2036 2964 castitatem
2062 2935 2235 2976 unquam

1268 2978 1486 3022 offenderet
1502 3004 1520 3028 ‚
1539 2977 1604 3021 vel
1618 2978 1879 3021 adumbraret
1894 3006 1906 3019 .

1324 3037 1363 3085 §-
1378 3050 1419 3092 9.
1482 3036 1688 3091 Religiofis
1709 3036 1959 3092 paupertatis
1972 3061 1988 3088 2
2007 3037 2048 3079 δι
2075 3037 2235 3080 castita-

1269 3096 1323 3139 tis
1337 3093 1551 3136 virtutibus
1575 3094 1857 3137 indivisibilem
1883 3109 2019 3138 earum
2045 3096 2238 3138 comitem

1268 3152 1541 3197 obedientiam
1556 3151 1739 3208 adjunxit
1753 3182 1768 3205 ,
1780 3168 1899 3210 quarn
1914 3156 1968 3197 ita
1984 3155 2124 3197 exacte
2138 3183 2153 3205 ,
2180 3156 2237 3197 ita

1268 3210 1442 3256 studiose
1456 3210 1670 3254 colendam
1686 3210 1848 3269 suscepit
1863 3243 1878 3265 ‚
1891 3222 1937 3256 ut
1951 3222 2061 3256 totus
2076 3212 2097 3254 a
2114 3215 2240 3268 Supe—

1270 3272 1424 3315 riorum
1437 3270 1600 3312 nutibus
1614 3270 1789 3325 pendens
1803 3300 1818 3322 ,
1843 3286 1892 3314 ne
1914 3271 2011 3326 quid
2027 3272 2237 3315 minimum

1270 3343 1445 3385 unquam
1467 3339 1639 3384 petens,
1664 3330 1728 3372 vel
1744 3330 1997 3381 desiderans,
2022 3331 2156 3373 omnia
2185 3330 2240 3373 li-

1272 3399 1336 3431 cet
1352 3387 1478 3439 dura,
1503 3389 1543 3430 δι
1568 3388 1692 3430 ardua
1717 3389 1862 3430 abillis
1876 3388 2144 3439 demandata,
2175 3403 2240 3431 re-

1276 3444 1586 3500 verentisemper
1602 3447 1752 3502 gaudio
1775 3444 2022 3503 susceperit,
2053 3449 2092 3489 δι
2113 3447 2239 3490 alacri

1272 3505 1595 3561 promptitudine
1619 3505 1876 3560 impleverit,
1899 3504 2113 3562 praesertim
2141 3509 2240 3549 vero

1274 3562 1465 3617 religiosae
1477 3563 1745 3614 obedientia,
1777 3564 1891 3616 cuius
1916 3565 2042 3608 studio
2067 3566 2240 3608 exarde-

1277 3625 1368 3672 bat,
1393 3621 1506 3663 fimul
1534 3635 1579 3664 ac
1602 3622 1820 3664 Catholicae
1838 3623 1949 3667 Fidei
1970 3652 1985 3674 ,
2010 3624 2123 3681 cujus
2151 3623 2241 3663 zelo

1276 3679 1470 3735 flagrabat
1487 3708 1504 3730 ,
1530 3679 1682 3735 insigne
1704 3682 1870 3735 praebuit
1890 3686 2207 3738 experimentum
2223 3710 2239 3731 ,

1278 3752 1370 3781 cum
1385 3742 1410 3782 a
1423 3739 1704 3793 Superioribus
1720 3738 1836 3793 juffus
1853 3741 2018 3798 longum
2033 3770 2046 3791 ‚
2075 3743 2114 3780 δι
2132 3741 2238 3790 aspe-

1277 3811 1365 3841 rum
1381 3797 1459 3839 iter
1480 3813 1553 3854 per
1569 3808 1701 3842 terras
1716 3799 1953 3856 plerumque
1976 3800 2125 3841 haerefls
2154 3797 2240 3840 labe

1692 3859 1729 3900 K
1746 3856 1772 3899 k
1790 3857 1815 3899 k
2053 3852 2182 3895 foetla·
