2444 4192
391 162 556 269 248

326 321 370 354 ut
384 312 436 358 ad
451 314 534 356 haec
544 338 561 361 ‚
575 314 615 356 δι
626 313 680 356 ad
694 312 773 358 alia
788 311 920 358 affumi
933 343 948 367 ,
980 330 1106 373 eaque
1124 316 1288 359 obtine-

330 384 377 413 re
408 373 591 416 valerent
617 401 632 423 ,
657 374 707 414 ab
733 387 874 416 eorum
901 375 1086 418 Eccleliis
1101 402 1116 424 a
1140 377 1285 432 quibus

327 441 528 486 praetant
545 459 559 481 ,
572 431 696 472 etiam
712 447 880 475 munere
892 435 1199 480 consecrationis
1214 448 1287 490 per

328 502 397 532 eos
413 486 623 554 suscepto,
651 502 724 548 per
748 492 897 535 sedem
914 493 1191 548 Apostolicam
1220 495 1287 536 ab·

329 548 430 589 solvi
442 547 759 603 procuraverint
777 575 792 599 ,
813 550 850 590 &
877 548 927 590 ad
943 551 1113 594 claustra
1126 552 1288 596 suorum

324 606 525 649 Ordinum
555 603 774 646 redeuntes
786 630 802 651 ‚
832 606 870 646 se
897 604 948 646 ad
973 609 1192 664 dignitates
1203 641 1217 663 ‚
1247 613 1288 653 &

323 665 453 706 officia
472 692 486 714 ,
500 665 540 704 δι
558 660 858 716 superioritates
873 663 1102 721 hujusmodi
1114 697 1131 717 ,
1144 669 1286 711 diver·

323 725 371 765 sis
391 722 524 764 modis
551 721 593 763 δι,
619 720 692 761 viis
706 716 839 762 affumi
851 735 1007 777 ,eaque
1018 723 1207 781 consequi
1227 726 1283 768 st.

325 781 499 836 tegerint
518 805 533 826 ,
564 781 601 819 δι
628 778 774 820 exinde
806 780 1063 833 quamplures
1088 784 1283 827 diffenfio·

321 854 392 882 nes
408 866 423 888 ,
445 837 803 887 &contentiones,
832 849 878 877 ac
905 839 1133 896 Religionis
1147 843 1283 884 inobe-

327 898 490 939 dientiae
506 906 659 938 exortae
672 892 823 938 suerint
837 923 852 945 ,
875 895 915 936 δι
926 895 968 936 in
993 898 1080 943 dies
1093 901 1279 943 exorian.

320 966 387 997 tur
400 983 415 1006 ,
434 956 473 996 in
487 955 709 997 animarum
723 952 880 996 suarum
894 955 1119 1008 periculum
1132 989 1148 1010 ,
1166 961 1204 1001 δι
1220 959 1282 1000 di·

324 1018 481 1056 §iorum
493 1011 694 1055 Ordinum
706 1013 988 1068 opprobrium,
1001 1017 1039 1057 Et
1053 1017 1281 1061 scandalum

322 1073 588 1130 plurimorum
601 1085 615 1114 :
630 1075 715 1114 Nos
728 1100 743 1122 ‚
759 1071 955 1125 praemiffis
970 1102 985 1125 ,
1001 1086 1122 1129 prout
1139 1089 1190 1117 ex
1203 1075 1274 1117 de-

321 1135 411 1174 bito
435 1129 653 1174 Paitoi-alis
671 1129 795 1172 officii
820 1141 1035 1185 tenemur,
1064 1135 1283 1187 providere

322 1191 509 1234 volentes
522 1219 538 1241 ,
549 1201 665 1231 motu
683 1191 853 1246 proprio
865 1216 880 1240 ,
910 1192 951 1232 δι
964 1204 1014 1234 ex
1036 1203 1148 1235 eerta
1163 1194 1285 1236 scien·

319 1251 376 1293 tia
397 1250 531 1292 nostra
546 1248 731 1292 volumus
745 1275 761 1298 s
774 1250 813 1291 δι
826 1251 1068 1295 austeritate
1081 1252 1286 1306 Apostoli-

317 1324 366 1352 ει
381 1308 605 1359 statuimus,
617 1309 658 1350 &
671 1307 922 1358 ordinamus,
932 1310 1061 1365 quod,
1075 1310 1287 1364 cujuscun-

319 1381 396 1425 que
407 1367 577 1411 Ordinis
587 1394 603 1418 ,
624 1366 693 1409 seu
708 1366 936 1420 Religionis
957 1364 1157 1412 Professor
1171 1367 1287 1423 Epis-

321 1440 452 1482 copus
465 1456 482 1478 ,
495 1424 564 1471 seu
577 1423 915 1481 Archiepiscopus
930 1455 944 1478 ,
976 1427 1181 1482 postquam
1195 1440 1286 1470 mu-

325 1499 401 1530 nus
424 1484 742 1528 consecrationis
773 1482 997 1538 hujusmodi
1038 1486 1254 1539 susceperit
1272 1513 1288 1537 ,

327 1544 478 1587 etiamfi
492 1543 516 1586 ὲ
533 1543 696 1586 vinculo
716 1541 900 1584 Ecclefioe
915 1571 932 1592 ,
952 1541 1019 1583 cui
1045 1545 1259 1596 praeiherat
1274 1570 1288 1592 ,

325 1618 398 1659 per
422 1602 570 1648 sedem
597 1599 769 1643 eandem
793 1599 1013 1646 absolutus,
1028 1601 1164 1655 eique,
1179 1599 1289 1657 quod

326 1663 370 1704 in
392 1661 462 1705 suo
486 1658 647 1701 Ordine
673 1668 926 1712 permaneret
941 1686 958 1708 ‚
985 1659 1024 1699 8(
1046 1658 1098 1701 ed
1111 1658 1291 1715 dignita-

327 1731 389 1762 tes
404 1748 419 1771 ,
435 1733 482 1761 ac
499 1716 634 1761 officia
646 1742 662 1767 ,
687 1718 726 1759 δι
740 1715 1049 1772 superioritates
1065 1715 1295 1772 hujusmodi

327 1775 464 1820 affumi
478 1806 495 1829 ,
528 1789 656 1832 eaque
673 1776 863 1819 obtinere
888 1772 1039 1830 poss'et,
1059 1791 1131 1832 per
1145 1775 1295 1820 Sedent

330 1835 501 1888 eandem
519 1862 535 1886 ‚
561 1836 631 1877 seu
657 1834 766 1876 illius
791 1835 1037 1877 aucloritate
1061 1833 1295 1879 eonceffurn

329 1894 439 1940 soret
453 1922 469 1945 ,
501 1893 551 1935 ad
564 1892 785 1948 dignitates
800 1919 814 1945 ,
846 1894 886 1937 δι
900 1893 1060 1940 officia,
1092 1892 1157 1936 seu
1184 1893 1298 1949 supe·

327 1954 539 1998 tioritatcs
554 1950 782 2006 hujusmodi
797 1979 811 2002 ,
837 1952 1115 2007 cujuscunque
1128 1953 1301 2007 qualita-

329 2014 382 2055 tis
401 2012 591 2060 existant,
605 2010 646 2050 ἃ
660 2010 804 2064 quovis
818 2011 983 2051 nomine
997 2021 1299 2063 nuncupentur,

324 2072 452 2124 eligi,
475 2070 540 2115 seu
557 2065 734 2120 assequi,
760 2074 832 2108 sut
862 2066 1052 2110 obtinere
1068 2065 1299 2110 nullatenus

322 2126 459 2186 poffit,
471 2127 512 2168 ἃ
525 2122 780 2179 ineligibilis‚
797 2134 923 2181 atque
939 2124 991 2167 ad
1006 2138 1053 2167 ea
1073 2125 1298 2169 obtinenda

323 2186 527 2244 perpetuo
552 2182 743 2227 inhabilis
757 2183 914 2233 existat,
930 2197 976 2227 ac
994 2184 1145 2239 quaevis
1161 2185 1295 2229 indul·

324 2242 712 2295 ta‚conceffiones‚
743 2240 1056 2296 dispensationes
1072 2269 1085 2293 ,
1109 2240 1291 2284 &facul-

324 2315 432 2349 tates
445 2330 460 2351 ‚
471 2305 510 2346 &
534 2302 622 2345 alioe
639 2300 779 2355 gratiae
794 2300 831 2343 ei
842 2327 858 2350 ‚
873 2312 955 2344 tam
968 2301 989 2343 i
1009 2300 1153 2350 Nobis,
1168 2302 1207 2342 δι
1223 2304 1296 2343 Se-

325 2363 378 2407 de
394 2362 582 2421 praediaa
595 2389 612 2412 ,
625 2360 747 2401 etiam
761 2372 836 2414 per
852 2359 1010 2403 litteras
1026 2360 1298 2414 Apostolicas,

327 2425 452 2467 etiam
470 2422 509 2464 in
535 2420 666 2464 forma
682 2418 839 2471 Brevis,
858 2418 922 2462 vel
937 2418 1036 2463 aliis
1053 2418 1105 2461 ab
1117 2418 1203 2474 ejus
1225 2423 1299 2464 Le.

328 2481 548 2584 3323&
567 2474 1299 2594 '3333‘3’3322‘222‘3223’35355322

554 2566 569 2590 ἱ

330 2597 533 2642 ordinum
548 2625 564 2649 ,
589 2609 636 2641 ac
650 2593 857 2651 quibusvis
890 2594 981 2638 aliis
1000 2623 1014 2647 ,
1029 2595 1154 2639 etiam
1177 2596 1228 2637 ad
1257 2595 1302 2639 id

333 2655 574 2714 potestatem
601 2683 617 2706 ,
648 2654 690 2695 δι
714 2654 1001 2696 auctoritatem
1033 2654 1270 2697 habentibus
1284 2683 1301 2706 ,

335 2714 406 2758 sub
418 2711 722 2769 quibuscunque
746 2712 961 2755 tenoribus
973 2738 989 2763 ‚
1018 2714 1059 2756 δι
1074 2712 1213 2755 fbrmis
1226 2740 1241 2763 ,
1257 2728 1302 2756 ac

336 2786 430 2819 cum
451 2769 755 2829 quibuscunque
769 2798 784 2823 ,
796 2772 918 2815 etiam
945 2772 1302 2830 derogatoriatum

1000 156 1160 245 Sub
1228 152 1471 242 Paulo
1534 150 1708 245 IV·

1346 316 1620 374 derogatoriis
1632 341 1647 364 ‚
1662 311 1828 367 aliisque
1846 299 2142 350 efficacioribus
2154 333 2170 355 ‚
2189 302 2228 343 δι
2241 297 2301 367 es-

1346 373 1582 417 ficaciffimis
1598 403 1612 424 ,
1627 375 1668 415 &
1685 370 1854 414 insolitis
1871 366 2055 407 clausulis
2068 392 2083 415 ,
2107 364 2302 405 irritanti·

1350 435 1524 489 busque,
1537 435 1574 476 &
1589 432 1677 473 aliis
1691 428 1884 475 decretis,
1895 424 2017 466 etiam
2032 434 2165 473 motu,
2181 420 2304 464 scien-

1348 494 1405 533 tia
1419 493 1606 535 fimilibus
1619 519 1634 542 ,
1650 492 1689 532 δι
1709 484 1874 537 desuper
1891 483 2080 524 haetenus
2102 475 2300 524 conceffa,

1346 552 1388 593 &
1404 553 1644 607 inposterum
1659 539 1924 589 concedenda
1941 566 1956 589 ‚
1969 538 2081 582 nulla
2094 564 2109 587 ,
2136 540 2176 579 δι
2192 539 2305 581 inva-

1346 610 1430 653 lida
1441 637 1455 658 ‚
1473 607 1699 662 nulliusque
1714 600 1874 644 roboris
1890 625 1905 649 ,
1919 596 1983 638 vel
1998 598 2190 639 momenti
2208 596 2301 645 lint,

1343 672 1384 712 δι
1407 665 1483 709 effe
1503 665 1738 707 censeantur
1762 672 1775 700 :
1803 659 1844 699 8ι
1873 655 1898 696 fi
1929 654 2018 711 quis
2046 667 2140 697 eum
2160 656 2214 696 de
2229 668 2305 697 cae-

1343 738 1436 768 tero
1450 724 1499 766 ad
1514 722 1732 778 dignitates
1743 743 1757 765 a
1773 715 1841 758 seu
1861 713 1995 756 officia
2010 741 2024 764 ,
2040 722 2110 754 aut
2124 710 2304 767 superio-

1347 784 1491 826 ritates
1517 777 1743 835 hujuimodi
1759 803 1773 826 ,
1794 774 1969 816 scienter
1983 771 2156 827 elegerit
2170 798 2186 820 ,
2217 768 2306 823 jure

1344 839 1518 896 eligendi
1543 836 1742 895 perpetuo
1769 842 1936 881 careat,
1967 846 2013 874 ac
2035 845 2135 874 voce
2148 829 2277 871 activa
2293 853 2309 875 ‚

1337 903 1377 943 δι
1402 898 1546 955 paffiva
1572 897 1711 951 eoiplb
1742 892 1923 947 privatus
1957 889 2096 933 existat
2121 917 2133 930 .
2160 889 2251 931 Rev
2265 899 2311 927 o·

1341 969 1478 1001 cantes
1493 983 1507 1004 a
1521 957 1712 998 cassantes
1724 978 1739 1001 a
1756 953 1797 992 δι
1810 949 2066 993 annullantes
2089 948 2221 990 omnia
2237 975 2254 997 ,
2267 945 2309 986 &-

1345 1016 1497 1071 lingula
1510 1013 1668 1056 indulta
1685 1041 1699 1064 ,
1712 1009 1990 1054 conceffiones
2005 1037 2020 1060 ,
2051 1004 2313 1062 dispensatio·

1345 1088 1414 1117 nes
1430 1104 1446 1125 ,
1462 1071 1672 1116 facultates
1687 1101 1702 1123 ,
1713 1071 1756 1112 &
1768 1070 1916 1126 gratias
1940 1061 2162 1122 hujusmodi
2175 1090 2191 1114 ,
2206 1074 2313 1121 quo-

1346 1148 1437 1177 rum
1453 1143 1620 1176 tenores
1635 1159 1649 1181 ,
1671 1144 1717 1172 ac
1732 1131 1758 1171 fi
1771 1129 1825 1171 de
1842 1129 1973 1170 verbo
1994 1125 2044 1168 ad
2064 1125 2232 1168 verbum
2249 1122 2315 1164 in-

1346 1195 1593 1243 sererentur,
1613 1188 1864 1244 presentibus
1879 1185 2018 1230 haberi
2034 1184 2220 1228 volumus
2237 1194 2321 1238 pro.

1344 1249 1533 1307 oxpreffis
1545 1278 1561 1302 ,
1573 1251 1614 1293 8ι
1635 1249 1902 1293 decernentes
1919 1245 2078 1287 irritum
2092 1271 2107 1295 ,
2133 1243 2174 1284 ἃ
2193 1242 2313 1284 inane

1344 1308 1537 1367 quicquid
1557 1307 1675 1363 super
1690 1308 1749 1349 his
1762 1306 1784 1347 a
1798 1312 2004 1362 quoquam
2018 1303 2160 1358 quavis
2171 1303 2314 1343 sueto-

1348 1370 1469 1412 ritate
1502 1396 1516 1418 ,
1542 1365 1712 1411 scienter
1744 1364 1804 1408 vel
1828 1365 2063 1420 ignoranter
2090 1357 2318 1415 contigerit

1347 1426 1537 1470 attentari
1550 1454 1562 1466 .
1594 1430 1690 1468 Non
1718 1422 1965 1466 obstantibus
1993 1419 2193 1477 praemisfis
2221 1443 2235 1466 2
2267 1427 2316 1459 ac

1348 1484 1748 1530 constitutionibus,
1777 1483 1818 1522 δι
1842 1479 2177 1522 Ordinationibus
2206 1475 2322 1531 Apoei

1348 1541 1527 1592 stolicis,
1552 1554 1709 1583 necnon
1740 1540 1941 1582 dictorum
1955 1537 2186 1589 ordinum,
2214 1533 2320 1591 jura-
2350 1531 2353 1535 ’

1355 1613 1496 1644 mento
1506 1628 1522 1651 ,
1536 1597 1848 1642 confirmatione
1862 1595 2097 1653 ApoilOlica
2111 1625 2126 1649 ,
2143 1594 2205 1638 vel
2219 1605 2321 1650 qua-

1356 1662 1418 1704 vis
1457 1658 1654 1701 firmitate
1692 1656 1771 1701 alia
1811 1656 2019 1699 roboratis
2046 1654 2202 1698 statutis
2229 1681 2244 1706 ,
2273 1651 2315 1693 &

1355 1715 1716 1762 consuetudinibus
1740 1744 1755 1768 ,
1781 1713 2006 1771 privilegiis
2035 1726 2194 1770 quoque
2218 1739 2233 1761 ,
2262 1708 2325 1752 in-

1355 1777 1482 1822 dultis
1493 1805 1509 1829 ‚
1521 1778 1559 1819 &
1576 1776 1724 1819 litteris
1738 1774 1984 1831 Apostolicis
1997 1802 2012 1826 ,
2027 1771 2239 1830 Episcopis
2249 1797 2265 1821 ,
2278 1769 2320 1810 δι

1358 1834 1687 1892 Archiepiscopis
1713 1833 1934 1890 praedietis,
1952 1846 1998 1874 ac
2013 1828 2216 1886 quibusvis
2231 1826 2322 1870 aliis

1361 1894 1554 1941 conceffis
1571 1922 1584 1944 ,
1597 1894 1828 1947 caeterifflue
1854 1890 2071 1934 contrariis
2085 1887 2325 1942 quibuscun-

1358 1969 1464 2011 que.
1487 1951 1686 1994 Volumus
1707 1959 1840 1992 autem
1857 1976 1872 1999 ‚
1896 1949 1937 1989 δε
1963 1946 2067 1990 dieta
2080 1944 2324 1987 auctoritate

1357 2010 1646 2061 decernimus,
1669 2007 1780 2065 quod
1808 2005 2057 2062 praesentium
2087 2004 2325 2048 litterarum

1360 2068 1617 2123 transumptis
1632 2094 1646 2117 ‚
1659 2080 1780 2109 manu
1801 2066 1963 2110 Notarii
1978 2064 2134 2123 publici
2152 2061 2324 2106 subscri-

1361 2132 1440 2187 ptis
1452 2155 1467 2175 ,
1481 2130 1517 2170 8(
1533 2126 1661 2181 sigillo
1674 2124 1845 2181 alicujus
1860 2126 1993 2168 Curiae
2012 2122 2296 2168 Ecclefiasticae
2309 2147 2325 2174 ,

1356 2189 1424 2232 seu
1444 2186 1619 2243 per-sonte
1633 2185 1674 2225 in
1692 2183 1967 2226 Ecclefiastica
1981 2182 2207 2226 constitute
2235 2188 2326 2222 mu·

1357 2247 1454 2291 nitis
1468 2271 1483 2294 ‚
1503 2241 1646 2286 endem
1667 2239 1828 2298 prorsus
1843 2240 1940 2285 fides
1966 2238 2184 2298 injudicio,
2202 2239 2241 2280 δι
2255 2251 2324 2281 ex·

1358 2308 1422 2350 tra
1448 2302 1688 2346 adhibeatur
1710 2327 1726 2351 ,
1764 2314 1851 2357 qua
1879 2298 2031 2344 eisdem
2061 2298 2322 2355 presentibus

1359 2365 1640 2412 adhiberetur,
1654 2359 1679 2402 fi
1697 2356 1834 2416 forent
1848 2360 2053 2405 exhibite,
2069 2358 2133 2400 vel
2149 2354 2322 2400 ostense.

1475 2422 1625 2463 Datum
1660 2420 1799 2461 Romae
1814 2419 1921 2475 apud
1949 2419 2140 2463 Sanctum
2156 2417 2325 2458 Petrum

1362 2483 1430 2526 sub
1448 2478 1616 2523 Annulo
1641 2476 1853 2520 piscatoris
1871 2477 1939 2520 die
1957 2491 1981 2520 x
1994 2475 2159 2533 ix.Ju1ii
2178 2488 2320 2520 univ·

1359 2534 1622 2587 Pontificatils
1637 2535 1760 2579 nostri
1776 2539 1899 2579 Anno
1911 2537 2091 2594 Quinto.

1420 2657 1530 2703 Bnn.
1547 2657 1708 2698 Ronan-
1726 2662 1863 2708 rom-4.
1873 2662 1913 2710 p.
1928 2665 1963 2696 t.
1969 2652 2050 2712 sol.
2057 2650 2155 2710 363.
2170 2649 2327 2696 Bullar.

1479 2714 1606 2768 Praed.
1618 2710 1951 2777 tempsit-156.

944 2920 2325 2951 m———ssssfflffl

662 3070 1244 3215 PIU

1382 3073 1470 3216 S
1712 3068 2018 3213 IV,

350 3297 677 3384 Mediolaeseifis
693 3334 711 3359 ,
744 3314 866 3350 αισα
879 3297 1060 3356 Ioannes
1087 3301 1276 3371 Angelus
1306 3305 1381 3354 rie.
1411 3300 1457 3353 S.
1476 3302 1624 3375 Pn'stae
1653 3297 1892 3354 cardinalis
1911 3294 2104 3350 Medicas
2120 3264 2332 3353 ‚save-

420 3370 592 3420 τορύνη
627 3390 644 3422 ι
659 3388 719 3435 55
723 3390 775 3434 9.
807 3368 967 3438 Praefitl
995 3373 1177 3444 Scelesta
1203 3372 1483 3442 Uni-versilis
1513 3377 1581 3428 «Π
1598 3373 1878 3441 proclametis
1890 3403 1906 3429 ‚
1930 3385 2052 3440 quant
2079 3366 2135 3416 ὑ·
2162 3380 2238 3432 per
2259 3382 2332 3415 an·

421 3458 492 3489 nos
521 3460 566 3492 v.
595 3442 747 3513 ηψπ
772 3461 855 3494 ιι.
883 3447 937 3493 C!
972 3446 1062 3498 dier
1085 3462 1202 3496 xiv.
1219 3443 1353 3514 filici
1377 3448 1543 3516 vigilia

1620 3443 1820 3496 berne-vie
1834 3476 1849 3493 .
1877 3437 2054 3498 Dimifi'e
2078 3438 2250 3489 clavum
2275 3454 2327 3498 9.

427 3508 621 3593 pne-b.
650 3533 668 3565 ι
681 3524 798 3579 565.
823 3515 879 3566 <⁷
904 3513 955 3565 de
983 3517 1205 3585 Sepultura
1250 3515 1452 3568 ναίεσκε
1483 3520 1543 3571 ad
1602 3514 1784 3584 cclefiaen
1806 3510 1856 3564 S.
1885 3509 2046 3565 Maria
2072 3509 2123 3564 de
2153 3508 2330 3581 Angelis

424 3597 470 3635 u
506 3579 699 3649 Thmui
733 3588 967 3655 translatu
978 3624 996 3653 ,
1007 3589 1156 3663 soum
1184 3589 1342 3658 (iltius
1372 3588 1480 3645 tuba
1505 3590 1569 3646 ibe·
1591 3582 1803 3660 exspaeblaet
1817 3618 1831 3638 .

2145 3821 2271 3883 Privi-
