2444 4192
711 129 898 216 Sub
928 133 1329 218 :Benedmo
1367 133 1483 218 'X
1495 131 1534 215 I
1551 133 1648 220 V.

199 281 847 335 constantior-isexu,interc1usam
862 287 883 329 a*
898 289 1077 343 permissa
1097 306 1162 334 re-

199 341 396 388 clamandi
424 340 618 384 facultate
646 340 898 396 discernent3
927 348 1154 404 aliasque)

199 413 339 444 omnes
370 399 685 442 circumstantias
726 398 867 445 sedulo
911 407 1155 448 animadver—

167 459 171 464 “
198 468 284 502 tent
298 483 313 505 2
331 471 414 514 quae
428 459 466 500 in
481 460 558 500 hoc
575 469 663 500 toto
694 473 829 502 rerum
847 473 996 515 genere
1012 466 1061 504 ab
1075 466 1155 504 Au—

199 516 377 560 fioribus
391 515 633 558 confiderari
648 514 776 558 solent
791 543 804 556 .

320 577 459 629 Itaque
494 571 685 630 predictis
711 573 899 616 'omnibus
929 579 968 619 δι
997 576 1157 632 fingulis

199 632 423 690 'graviffime
450 632 736 677 denunciamus
750 660 764 684 ,
792 629 1046 690 districteque
1061 648 1158 688 prae·

198 694 367 747 cipimus
377 720 394 742 ,
409 700 450 733 ut
463 691 505 733 in
519 690 670 733 cannis
681 720 698 742 ,
712 687 793 747 quae
806 690 856 732 ad
872 703 1011 736 eorum
1025 691 1157 734 officia

194 751 401 808 pertinent
416 778 431 801 ,
462 750 482 790 a
502 747 646 805 justitiae
672 750 830 792 tramite
844 774 858 797 ‚
887 752 926 792 δι
943 755 966 797 ὲ
980 748 1157 806 praescri·

193 810 284 867 ptis
300 806 547 871 flbilegflflssx
564 822 616 852 ne
630 806 834 867 minimum
847 807 1012 863 quidem
1028 808 1157 872 '‘disce-
1179 815 1183 821 ’

195 870 294 911 dant
310 878 326 918 3
343 878 387 907 ac
401 867 659 923 meminerint
673 891 688 915 ,
718 867 902 909 omnium
917 894 931 917 ‚
958 880 1157 925 quaecum-

195 941 274 984 que
288 922 477 981 gesserint
492 954 507 978 ,
529 923 805 977 severiffimam
828 923 897 968 fibi
923 927 1156 969 rationem..

195 997 283 1028 tum
297 982 402 1038 apud
419 981 798 1039 Divinum'Judicem
812 1009 826 1033 2
842 982 930 1028 t'um
957 981 1063 1042 apud
1084 985 1156 1025 ho·

194 1043 323 1085 mines
341 1039 584 1085 reddendam
600 1043 711 1084 fore.
740 1045 828 1085 Nos
844 1043 942 1091 ,νςτὸ
959 1072 973 1096 ,
1003 1042 1030 1087 fi
1062 1045 1156 1086 Deo

191 1099 423 1158 placuerit,
440 1099 712 1142 valetudinem
727 1100 840 1143 nobis
865 1115 954 1144 cum
970 1103 1050 1145 vita
1078 1099 1158 1143 ser·

195 1171 291 1202 vare
306 1185 322 1210 ,
351 1169 432 1198 non
451 1171 588 1212 parum
601 1171 733 1215 opera
763 1159 948 1202 conferre
979 1160 1158 1203 intendi-

193 1229 283 1259 mus
297 1243 311 1267 ,
340 1214 423 1268 quo
438 1214 594 1270 planius
625 1226 743 1272 atque
774 1216 930 1261 facilius
947 1217 998 1262 de
1013 1217 1155 1263 Cauiis

193 1271 308 1325 hujus
335 1273 494 1325 generis
518 1273 570 1312 ab
598 1273 685 1326 ipfis
715 1274 959 1326 inposterum
984 1275 1157 1330 judicari

194 1330 325 1375 valeat
340 1354 351 1368 ·
370 1326 575 1383 Siquidem
590 1327 721 1370 Nobis
733 1330 982 1385 propositum
997 1332 1052 1373 ess
1065 1345 1158 1373 cum

197 1385 365 1433 conmio
378 1383 627 1443 deiectorum
652 1386 844 1430 Virorum
856 1388 897 1431 in
911 1389 1161 1444 Theologica

196 1450 237 1492 &
269 1444 477 1489 Canonica
507 1441 703 1488 facultate
734 1444 999 1499 ptoestnntium
1011 1467 1033 1492 ›-
1058 1458 1160 1488 non·

197 1505 332 1550 nullas
360 1501 605 1558 quaestiones·
627 1502 817 1544 accurate
833 1503 1084 1556 examinare,
1115 1518 1161 1545 ac

196 1563 390 1608 dirimere
400 1588 416 1610 ‚
430 1575 512 1618 quae
532 1560 660 1603 varias
674 1557 820 1616 species
834 1561 1061 1614 induentes,
1072 1562 1161 1619 jux·-

198 1633 241 1664 ta
271 1619 447 1664 diversas
476 1620 778 1663 occurrentium
806 1618 965 1663 casuum
984 1622 1160 1664 circum-

200 1678 599 1734 stantias‚ancipites
620 1688 742 1734 atque
772 1676 968 1722 sollicitos
982 1680 1166 1722 detinere

197 1737 331 1782 solent
363 1736 632 1795 Judicantium
663 1735 818 1779 animos
845 1749 867 1790 ᾗ
893 1746 938 1779 ut
953 1736 1166 1781 Nobismet

198 1795 290 1854 ipfis
324 1795 371 1837 in.
390 1796 607 1838 minoribus
627 1794 726 1838 olim
754 1795 977 1839 constitutis
1010 1810 1089 1839 non
1104 1794 1165 1840 se-

198 1854 279 1899 mel
292 1851 462 1897 evenisse
478 1853 733 1897 meminimus
746 1881 761 1903 ,
773 1869 897 1911 quum
911 1869 1163 1911 promouere

132 1919 141 1926 “
199 1913 422 1958 secretarii
453 1911 624 1968 praefatae
654 1914 992 1970 congregationis
1016 1915 1164 1958 Cardi-

132 1979 134 1983 ’
198 1972 353 2017 nalium
385 1971 563 2015 Concilii
598 1970 827 2015 Tridentini
860 1974 1133 2029 1nterpretum
1148 2001 1163 2024 ‚

200 2028 428 2087 hujusmodi
440 2028 588 2073 Causas
602 2029 650 2071 ad
668 2031 848 2085 regulam
877 2033 983 2088 Juris
998 2035 1164 2087 exigen-

199 2090 274 2133 das
288 2102 369 2146 prae
383 2088 559 2132 manibus
575 2089 1040 2145 haberemus.Ejusmodi
1059 2091 1167 2142 sunt,

199 2143 379 2203 exempli
399 2145 539 2200 caula,
555 2146 812 2202 quaestiones·:
842 2151 991 2192 Utrum
1010 2146 1166 2194 Profes-

200 2207 276 2260 fio,
292 2205 472 2262 quamvis
499 2205 615 2249 initio
633 2206 742 2248 nulla
770 2205 926 2260 fuerit,
952 2222 1023 2264 per
1039 2206 1167 2251 subse·

199 2273 371 2323 quentes
394 2274 527 2307 tamen
550 2267 660 2306 aetus
673 2266 960 2310 convalidetur
975 2269 989 2308 ἓ
1006 2268 1167 2324 quinam

184 2329 273 2384 ¹iim
288 2325 431 2379 aetus,
449 2329 496 2366 ex
514 2324 655 2379 quibus
683 2323 906 2378 hujusmodi
931 2328 1166 2370 convalida-

199 2385 266 2430 tio
278 2382 378 2434 n‚seu
394 2379 608 2424 ratificatio
636 2382 879 2427 inducatur?
908 2386 945 2427 &
964 2385 1060 2440 quid
1075 2399 1165 2427 rno-

194 2439 325 2503 menti
355 2441 498 2484 babeat
526 2441 578 2483 ad
608 2441 716 2483 hunc
748 2442 931 2487 effectum
964 2443 1164 2499 susceptio

198 2503 416 2544 Sacrorum
445 2499 646 2542 ordinum
682 2499 738 2542 ad
772 2502 936 2545 titulum
963 2502 1167 2562 Religiose

188 2557 442 2617 pauperum
455 2557 470 2597 ἰ
484 2558 680 2599 Praeterea
691 2582 708 2603 ³
729 2557 754 2599 fi
769 2561 857 2613 quis
871 2558 978 2604 forte
993 2572 1086 2606 anre
1110 2562 1169 2605 le-

149 2636 151 2639 *
195 2615 383 2674 gitimam
394 2622 552 2660 atatem
569 2613 756 2670 ignorans
770 2615 1056 2661 Profeffionem
1071 2622 1170 2662 emi-

196 2673 320 2723 nuit,
339 2671 494 2722 &inea
506 2671 735 2725 ignorantia
766 2687 839 2728 per
870 2673 1008 2730 plures
1040 2689 1167 2720 annos

196 2733 239 2776 in
268 2726 526 2782 Religionem
554 2726 813 2784 permanserit
839 2758 855 2780 ,
883 2730 1003 2787 seque
1033 2735 1168 2777 valide

195 2784 425 2837 Proseffum
441 2783 669 2830 existimans
682 2813 698 2837 ,
710 2798 756 2828 ea
768 2787 904 2830 omnia
917 2816 932 2840 ‚
949 2803 1039 2844 quae
1067 2794 1170 2835 Pro·

199 2844 392 2892 sefforam
403 2844 491 2886 sunt
506 2871 521 2895 ,
549 2844 633 2888 una
657 2856 749 2886 cum
766 2845 900 2889 Sociis
920 2846 1143 2902 praessiterit
1157 2875 1176 2898 ,

195 2912 253 2950 'an
268 2905 336 2948 bie
360 2900 508 2946 deinde
537 2900 788 2959 intelligens,
804 2918 882 2960 qua
897 2909 1172 2951 etatevvota„

199 2962 400 3014 'emiserit3
424 2973 505 3004 non
534 2959 785 3005 obstantibus
799 2963 950 3006 actibus
967 2966 1057 3008 veri
1071 2968 1172 3009 Pro-

199 3021 284 3066 fetri
306 3020 330 3065 d
355 3019 395 3062 se
420 3017 534 3074 gestis
546 3018 728 3070 ,'adhue‚
747 3018 916 3075 praefatae
936 3024 1172 3080 ignorantiae

198 3079 385 3139 prasidio
397 3103 415 3129 ,
425 3079 622 3120 astionem
637 3077 777 3121 habeat
799 3079 859 3121 ad.
867 3081 1169 3125 reclamandum

202 3137 397 3182 adversus
413 3135 700 3179 Proseffionem
727 3135 749 3179 ἃ
765 3136 803 3178 se
817 3135 959 3181 faciam
975 3143 991 3183 2
1006 3155 1054 3183 an
1071 3142 1169 3184 verb

158 3199 163 3202 ’
201 3199 296 3242 talis
310 3195 540 3254 ignorantia
554 3194 654 3237 nihil
671 3193 806 3238 eidem
819 3194 1072 3254 suffragetur,
1087 3214 1171 3256 quo

203 3259 338 3300 minus
364 3252 649 3298 Profeffioncm
673 3254 792 3298 initio
808 3255 962 3299 nullam
994 3272 1068 3314 per
1080 3258 1170 3300 sub-

201 3313 270 3372 seq
299 3321 412 3358 entes
442 3315 550 3355 aetus
580 3320 707 3355 ratam
740 3313 915 3357 babuiss'e
928 3316 1166 3360 censeatur?

202 3374 271 3415 lte
299 3424 302 3425 ⁷
325 3385 402 3424 ,an
416 3369 612 3414 Profeffus
625 3398 640 3422 ,
668 3372 736 3427 qui
756 3372 795 3414 in
815 3372 1069 3418 Profeffionis
1083 3377 1170 3419 anu

203 3428 543 3484 impedimentum
555 3429 720 3486 aliquod
734 3459 748 3482 ,
764 3432 850 3475 five
865 3431 1062 3477 defectum
1073 3463 1088 3486 ,
1100 3448 1170 3476 oc-

205 3487 413 3538 cultavit,
438 3488 492 3540 de
514 3488 882 3546 quointerrogatus
909 3491 1013 3544 fuit,
1032 3492 1169 3535 addita

204 3543 490 3590 declaratione.
510 3548 562 3591 ad
594 3547 763 3590 formam
793 3549 1168 3602 constitutionum,

204 3602 316 3661 quod
330 3600 484 3646 scilicet
495 3606 663 3663 Religio
680 3607 804 3662 ipsum
837 3622 930 3651 cum
945 3606 1167 3665 hujusmodi

203 3661 364 3705 defee'tu
380 3669 454 3704 aut
485 3661 773 3718 impedimento
800 3663 930 3710 forsan
957 3667 1168 3711 occultato

200 3720 419 3775 admittere
435 3733 516 3775 non¹
528 3721 767 3777 intendebat
780 3737 794 3768 3
808 3740 855 3769 an
874 3755 888 3779 ,
905 3726 1068 3784 inquam
1081 3754 1095 3779 ,
1110 3736 1168 3769 ta-

1953 169 2045 249 ΞΖ
2064 173 2101 253 ’5
2163 244 2168 247 .

1221 290 1270 332 lis
1287 289 1480 333 Profeffus
1501 317 1514 339 ,
1529 289 1596 344 qui
1620 284 1820 339 Religioni
1836 285 1971 331 dolum
1997 293 2134 336 struxit
2152 324 2165 346 ,

1219 346 1401 401 ejusmodi
1418 345 1672 388 commodum
1700 356 1746 382 ex
1762 345 1918 396 propria
1941 346 2078 392 fraude
2093 354 2165 392 de.

1215 400 1368 445 su'mere
1382 402 1520 456 ponit,
1533 413 1577 443 ut
1591 399 1837 441 validitatem
1864 398 1936 440 suae
1958 405 2163 448 Profesfio-

1214 461 1274 501 nis
1286 472 1336 499 ex
1357 472 1408 499 co
1420 459 1551 512 capite
1566 459 1796 511 impugnare
1811 456 1960 498 valeat?
1970 460 2164 517 Denique,

1217 530 1267 558 an
1280 515 1403 556 ullam
1419 518 1498 556 vim
1516 516 1662 556 habere
1682 513 1825 555 debeat
1839 514 1878 554 in
1891 513 1984 556 foro
1995 526 2165 561 externo

1216 573 1266 616 ad
1284 572 1526 622 suadendam
1545 570 1678 629 Judici
1695 570 1928 614 nullitatem
1956 569 2165 616 Profeffio-

1219 633 1280 675 nis
1293 657 1308 682 ‚
1323 631 1431 684 quod
1449 631 1708 674 reclamantes
1722 628 1884 672 Profeffi
1897 628 2060 674 afferere
2073 630 2169 687 saepe

1217 702 1299 732 non
1323 686 1541 740 dubitant‚'
1563 688 1600 731 se
1627 688 1666 728 in
1682 685 1934 742 proferendis
1954 690 2164 745 Religiofis

1218 744 1333 792 Votis
1348 774 1362 797 ‚
1374 758 1551 789 mentem
1566 743 1726 803 serviisse
1737 745 1907 788 alienam
1921 745 1942 788 ἃ
1958 748 2162 801 propofito

1216 804 1253 848 se
1271 804 1504 860 obligandi.
1531 807 1626 848 Haec
1639 803 1801 853 omnia,
1828 804 1981 859 aliaque
1999 804 2166 849 fimilia...

1217 865 1256 906 in
1272 862 1493 918 hujusmodi
1519 862 1679 920 judiciis
1705 860 1938 918 frequenter
1950 877 2167 906 occurren-

1216 923 1296 972 tia,
1308 923 1348 963 δι
1360 922 1401 963 in
1416 931 1629 978 utramque
1643 930 1805 976 partem
1827 923 2011 964 haetenus
2030 922 2164 978 dispu-

1215 990 1300 1024 tata
1315 1008 1329 1032 ,
1343 988 1428 1021 tum
1451 981 1603 1023 Nostro
1618 1009 1630 1031 ,
1651 990 1735 1020 tum
1749 979 1919 1021 aliorum
1935 1006 1949 1027 a
1979 995 2073 1035 quos
2088 1009 2102 1032 ‚
2123 991 2169 1022 ut

1214 1038 1328 1096 supra
1341 1038 1511 1090 diximus
1524 1068 1540 1090 ,
1555 1040 1593 1080 in
1607 1039 1816 1080 confilium
1841 1038 2087 1081 advocaturi-
2106 1037 2169 1079 su-

1216 1113 1303 1143 mus
1319 1124 1333 1146 ‚
1349 1096 1534 1153 diligenti
1551 1096 1678 1139 studio
1693 1125 1709 1148 ,
1733 1097 1816 1140 Deo
1830 1096 2044 1153 adjuvante
2059 1127 2074 1148 ,
2101 1111 2171 1139 ex-

1217 1158 1377 1216 planare
1390 1157 1702 1199 deliberavimus
1712 1183 1724 1196 .

1336 1215 1501 1258 Interim
1529 1212 1736 1270 praesentes
1764 1215 1948 1265 litteras,
1971 1228 2063 1257 curn
2088 1229 2176 1257 om·

1218 1276 1332 1318 nibus
1348 1275 1388 1315 δι
1402 1274 1560 1329 singulis
1575 1275 1614 1316 in
1628 1272 1717 1330 ipfis
1731 1274 1904 1316 decretis
1923 1282 2042 1328 atque
2058 1273 2179 1316 statu·

1219 1336 1270 1374 tis
1282 1362 1299 1383 ,
1311 1330 1444 1373 firmas
1458 1361 1472 1383 ‚
1486 1332 1634 1374 validas
1647 1360 1661 1382 ,
1686 1334 1726 1374 δι
1737 1330 1920 1374 'efficaces
1934 1331 2120 1380 existere,
2135 1344 2178 1370 ac

1220 1389 1422 1446 perpetuo
1434 1387 1540 1436 fore,
1555 1388 1717 1443 suosque
1730 1389 1928 1443 plenarios
1943 1388 2176 1442 &integros

1221 1447 1382 1490 effeetus
1406 1443 1540 1489 sortiri
1567 1447 1607 1488 δι
1631 1445 1842 1497 obtinere,
1862 1459 1909 1488 ac
1924 1444 1976 1487 ab
1991 1446 2099 1497 illis,
2129 1444 2180 1486 ad

1223 1516 1320 1561 quos
1344 1502 1494 1556 spectat
1508 1532 1523 1554 ‚
1547 1504 1589 1544 &-
1614 1517 1688 1558 pro
1700 1513 1889 1556 tempore
1901 1503 2182 1559 quandocum-

1223 1578 1300 1619 que
1314 1559 1527 1616 spectabit,
1546 1561 1584 1604 in
1601 1562 1784 1604 omnibus
1797 1561 1837 1603 δι
1852 1574 1923 1615 per
1941 1562 2075 1603 omnia
2091 1562 2178 1617 ple-

1224 1618 1372 1664 niffime
1399 1621 1439 1664 δι
1466 1619 1749 1663 inviolabiliter
1771 1617 1971 1663 observari
1994 1621 2181 1664 volumus

1224 1682 1264 1723 81.
1274 1679 1691 1734 decernimus.Sicque
1703 1681 1746 1725 ἅ
1755 1692 1836 1722 non
1852 1678 1971 1722 aliter
1982 1691 2055 1734 per
2067 1679 2182 1736 quoi:

1225 1737 1561 1794 cumqueJudices
1578 1738 1807 1783 ordinarios
1826 1768 1841 1790 ,
1854 1739 1936 1781 &c-

1339 1798 1434 1839 Non
1458 1797 1733 1848 obstantibus,
1758 1808 1838 1840 tam
1862 1798 2079 1839 Causarum
2096 1797 2179 1840 sor-

1223 1857 1283 1901 fan
1296 1853 1348 1898 ad
1363 1855 1467 1898 bunc
1489 1855 1593 1898 diem
1612 1855 1932 1899 introductarum
1945 1856 2179 1911 pendentia,

1224 1929 1319 1974 quas
1332 1914 1493 1970 quidem
1510 1910 1646 1956 causas
1659 1941 1674 1962 ‚
1690 1915 1730 1955 in
1746 1911 2055 1970 quibuscumque
2070 1915 2181 1957 flati-

1224 1978 1296 2019 bus
1309 1975 1348 2015 &
1363 1973 1542 2016 terminis
1556 1972 1608 2013 de
1622 1971 1802 2028 praesenti
1817 1972 2070 2026 reperiantur
2080 1973 2184 2030 ‚jux-

1226 2045 1268 2078 ta
1284 2032 1460 2088 superius
1475 2029 1695 2087 praescripta
1719 2031 1880 2073 omnino
1903 2031 2063 2073 tractari
2078 2059 2092 2082 ‚
2122 2032 2186 2088 ju-

1227 2092 1356 2136 dicari
1374 2092 1439 2142 ,&
1455 2088 1614 2132 definiri
1628 2089 1774 2132 debere
1799 2086 1981 2144 expressi:
2005 2089 2188 2133 decerni-

1230 2165 1314 2195 mus
1331 2153 1478 2205 ·,quam
1494 2148 1639 2193 Nostra
1653 2150 1690 2190 &t
1703 2148 1965 2191 Cancellariae
1980 2149 2185 2203 Apostoli·

1228 2225 1278 2255 cae
1315 2210 1472 2264 Regula
1500 2208 1551 2250 de
1575 2209 1672 2263 Jure
1697 2207 1856 2262 quaefito
1870 2220 1950 2250 non
1967 2206 2150 2250 tollendo
2171 2236 2185 2259 ,

1227 2268 1393 2326 aliisque
1406 2266 1652 2322 Apostolicis
1671 2295 1684 2317 ‚
1701 2268 1774 2307 διε.

1344 2327 1540 2371 Volumus
1556 2325 1713 2382 insuper
1727 2351 1741 2374 2
1756 2327 1797 2367 &
1811 2323 1948 2367 cadem
1969 2323 2187 2367 auetorita-

1225 2396 1266 2432 te
1284 2386 1467 2444 praedina
1491 2384 1721 2427 mandamus
1737 2413 1752 2436 ,
1780 2394 1823 2426 ut
1852 2382 2000 2426 eaedem
2018 2380 2187 2439 praesen-

1226 2459 1283 2491 tes
1295 2476 1319 2500 ‚¹
1337 2446 1429 2489 &in
1444 2444 1502 2487 eis
1530 2455 1720 2486 contenta
1749 2456 2007 2500 quacumque
2037 2443 2083 2484 ad
2098 2455 2187 2483 om·

1228 2507 1338 2550 nium
1370 2504 1557 2547 notitiam
1585 2501 1740 2547 facilius
1771 2501 2030 2545 deducantur
2057 2529 2071 2551 ‚
2113 2513 2184 2541 nec

1228 2562 1431 2622 quisquam
1445 2562 1497 2605 de
1522 2563 1575 2604 eis
1592 2563 1857 2617 ignorantiam
1885 2559 2188 2615 praetendere.»

1230 2624 1363 2666 valeat
1377 2648 1392 2671 2
1407 2618 1505 2678 ipsas
1519 2623 1744 2676 praesentes,
1756 2621 1820 2662 seu
1837 2633 1975 2662 earum
1991 2615 2188 2660 transsim-

1228 2690 1296 2736 pta
1311 2709 1325 2732 ,
1340 2680 1391 2721 ad
1410 2681 1547 2722 valvas
1563 2680 1747 2721 Ecclefiae
1775 2676 1992 2733 S-Joannis
2016 2676 2055 2717 in
2074 2677 2190 2717 Late-

1229 2753 1329 2781 rano
1355 2738 1432 2779 &c-
1477 2738 1617 2792 thue
1647 2736 1878 2780 earumdem
1911 2732 2188 2790 presentium,

1230 2795 1485 2847 transumptis
1497 2797 1575 2838 &c-

1346 2849 1463 2901 Nulli
1501 2864 1599 2905 ergo
1627 2849 1803 2891 omnino
1831 2849 2040 2891 hominum
2067 2848 2188 2890 liceat

1230 2909 1415 2967 paginam
1447 2909 1548 2951 hanc
1582 2906 1806 2948 nostrarum
1839 2905 2160 2947 confirmationis
2174 2933 2188 2954 ‚

1232 2967 1564 3024 approbationis,
1593 2964 1813 3007 voluntatis
1836 2990 1850 3012 ‚
1876 2964 2187 3015 mandatorum,

1231 3027 1470 3069 statutorum
1485 3051 1500 3074 ‚
1511 3026 1770 3066 decretorum
1783 3050 1797 3072 ,
1818 3021 2186 3065 &declarationum

1231 3083 1446 3139 infringere
1460 3110 1475 3131 a
1489 3082 1552 3126 vel
1567 3083 1603 3124 ei
1618 3081 1712 3123 ausu
1736 3082 1956 3126 temerario
1970 3082 2186 3123 contraire.

1230 3144 1271 3187 si
1284 3145 1370 3198 quis
1392 3152 1528 3184 autem
1544 3142 1619 3184 hoc
1637 3150 1842 3183 attentare
1870 3138 2187 3195 praesumpserit,

1229 3194 1547 3255 indignationem
1565 3198 1867 3255 Omnipotentis
1896 3199 2003 3248 Dei,
2029 3198 2069 3238 δι
2083 3199 2182 3238 Bea-

1231 3272 1364 3304 torum
1380 3261 1539 3303 Petri&
1552 3258 1663 3302 Pauli
1689 3256 1973 3317 Apostolorum
1994 3254 2079 3312 ejus
2105 3254 2183 3300 se,

1231 3321 1394 3363 noverit
1411 3318 1654 3364 incursurum
1670 3348 1682 3360 .

1347 3380 1500 3421 Datum
1525 3380 1665 3421 Romae
1682 3373 1786 3431 apud
1811 3377 1995 3418 Sanctam
2015 3371 2183 3416 Mariam

1230 3436 1426 3492 Maiorem
1456 3437 1578 3479 Anno
1614 3433 1909 3478 lucarnationis
1936 3431 2157 3475 Dominicae
2168 3459 2181 3481 ,

1229 3494 1440 3537 millefimo
1483 3491 1828 3549 septingentesimo
1883 3489 2177 3547 quadragesimo

1227 3553 1394 3608 septimo
1405 3579 1420 3602 ‚
1432 3563 1585 3608 quarto
1596 3556 1737 3594 Nonas
1752 3550 1914 3598 Martii,
1923 3544 2178 3593 Pontificatfis

1227 3611 1347 3654 nostri
1365 3614 1483 3654 Anno
1500 3614 1656 3654 Octavo
1671 3634 1684 3647 ·

1274 3729 1390 3794 .B¹‘H·
1400 3727 1577 3784 praedifl.
1590 3735 1726 3769 toma-
1731 3724 1840 3785 fol.3
1847 3739 1875 3783 9
1878 3741 1934 3792 3..
1956 3776 2115 3822 NOTA
