2444 4192
728 208 926 292 'Sub
967 213 1303 319 *Joanne
1361 214 1458 299 X
1479 211 1621 291 XI
1647 209 1705 290 I.

236 367 315 416 rale
331 371 398 410 Co
410 363 576 408 acilium
597 360 845 407 celebratum
867 385 882 407 2
895 360 997 404 licet
1016 365 1210 405 Innocen-

2010 239 2159 298 111

1270 368 1368 410 cet,
1400 358 1514 414 quod
1540 358 1753 408 Christus,
1775 356 1816 399 &
1844 357 1929 412 ejus
1957 358 2227 413 Apostoliin„

234 430 312 475 tius
344 426 419 468 IV.
445 423 671 466 celebravit
702 418 947 465 Concilium
971 421 1207 472 Generale,
1266 419 1344 470 iis,
1371 430 1458 472 quae
1471 413 1645 459 habuill'e
1672 415 1887 470 leguntur,
1902 426 2059 458 tantum
2086 421 2230 465 habuc.

231 485 414 531 tamenin
433 482 509 525 illo
523 509 537 531 ‚
550 496 626 525 nec
641 481 883 524 auctoritate
900 478 1066 535 alicujus
1082 484 1201 523 Con-

230 544 314 587 cilii
329 541 431 584 faeta
458 540 535 583 fuit
553 540 671 598 ipfius
694 539 920 583 declaratio
946 538 1169 595 supradiela
1184 550 1198 580 ε

229 602 422 649 Nicolaus
439 602 520 643 111.
535 612 670 643 autem
683 612 754 642 nec
767 597 994 642 celebravit
1007 596 1199 653 generale

229 661 419 706 Conciliu
426 675 462 702 m
467 673 559 711 ,nec
573 657 725 716 aliquid
738 657 846 702 circs
858 657 1004 698 dietam
1015 655 1199 711 regulam

224 721 450 764 declaravit
466 734 478 762 ε
494 718 720 774 Gregorius
731 727 866 760 autem
881 717 954 758 lx.
971 716 1199 771 praedic'tus,

223 795 295 824 nec
309 779 592 830 confirmavit,
614 791 688 821 nec
709 775 935 820 declaravit
969 774 1117 817 dietam
1132 789 1201 817 re-

191 848 196 853 '
224 839 386 896 gulam:
403 837 468 882 sed
488 837 527 879 in
540 834 721 892 generali
739 834 1020 884 Concilio,ubi
1033 833 1194 877 fuerunt

223 897 357 942 cassati
406 895 592 940 nonnulli
621 894 936 939 Mendicantium
980 893 1155 936 Ordines
1180 920 1195 943 ,

225 958 429 1000 dictorum
446 957 635 998 Fratrum
661 955 898 1008 Minorum,
925 954 966 996 δε
993 952 1194 997 Praedica-

222 1028 358 1060 torum
386 1013 562 1058 Ordines
591 1027 672 1056 non
697 1013 862 1059 cassavit
882 1043 899 1065 ,
934 1012 1004 1057 sed
1029 1010 1193 1057 asseruit

222 1074 467 1132 approbatos
483 1102 498 1125 ,
519 1074 585 1125 ‘fic
613 1074 784 1117 dicens:
812 1075 868 1115 ad
881 1086 941 1114 eos
957 1103 973 1126 ,
1001 1086 1095 1128 quor
1117 1077 1196 1115 evi-

221 1137 309 1178 dem
334 1147 382 1176 cx
396 1138 449 1176 cis
463 1130 627 1175 utilitas
643 1132 819 1190 Ecclestae
830 1132 1048 1190 universali
1051 1141 1197 1188 prove.

221 1198 328 1238 niem
348 1192 533 1250 perhibet
561 1192 825 1247 approbator,
856 1191 1094 1249 presentem
1117 1206 1196 1238 mn

213 1255 400 1311 patimur
434 1249 757 1306 constitutionem
766 1250 926 1292 extendi
936 1281 950 1294 .

338 1314 538 1356 Praeterea
575 1308 716 1352 dicant
742 1310 905 1362 Nobis,
940 1309 1009 1352 ubi
1049 1309 1193 1366 legunt

220 1368 453 1415 affer-tiones
481 1367 743 1427 hujusmodi,
775 1369 885 1425 quod
915 1368 965 1412 ad
982 1366 1100 1412 fidem
1126 1368 1191 1412 vel

1263 479 1347 521 rint
1362 473 1510 532 absque
1534 473 1617 528 jure
1631 473 1770 530 aliquo
1785 473 2006 530 fimplicem
2035 476 2144 517 usum
2169 479 2230 520 fa-

1260 537 1382 586 &hex
1396 550 1475 592 quo
1486 534 1538 592 (fi
1556 547 1698 577 verum
1714 531 1833 591 effet)
1850 533 2098 587 sequeretur,
2114 533 2230 578 usum

1261 594 1413 639 Christi
1449 593 1562 639 fuiffe
1587 607 1667 636 non
1692 592 1866 649 justum3
1897 591 2009 647 quod
2048 593 2233 645 profeelo

1259 655 1550 711 blasphemiam
1563 654 1771 705 continet,
1802 649 2087 696 &Catholicae
2119 653 2232 696 Pidei

1261 714 1473 758 inimicum
1493 744 1508 767 ,
1537 728 1630 756 cum
1654 714 1734 755 hoc
1758 713 1811 756 de
1824 709 2021 770 pertinaci
2050 709 2235 752 animoli..

1260 784 1372 823 tate,
1403 789 1449 816 ac
1465 787 1637 816 erronea
1661 786 1740 814 non
1766 774 1812 814 fit
1837 770 2007 814 dubium
2033 769 2237 825 procellis-

1257 834 1323 877 se:
1354 847 1500 877 omnes
1520 861 1535 885 ,
1564 834 1603 875 &
1636 832 1815 902 (iugulos
1840 858 1855 880 ,
1885 830 1955 887 qui
1985 827 2114 870 verbo
2141 856 2156 879 ,
2187 843 2234 872 ac

1257 894 1408 950 scripto
1422 908 1494 950 per
1509 892 1549 935 se
1562 923 1579 945 ,
1612 890 1676 934 vel
1691 892 1818 934 allum
1833 889 1898 933 seu
1915 888 2015 930 alios
2041 884 2137 928 talia
2156 902 2236 944 pu-

1254 953 1365 997 blice
1402 951 1734 1010 praesumpserunt
1759 976 1776 999 ,
1807 951 1911 1006 ipsos
1934 961 2097 1003 quoque
2121 973 2136 996 ,
2165 948 2236 1003 qui

1255 1027 1324 1056 eos
1339 1012 1568 1057 docuerunt
1586 1012 1624 1053 in
1644 1010 1792 1054 talibus
1805 1037 1821 1062 ,
1832 1011 1887 1058 δι,
1903 1016 1947 1052 ut
1967 1003 2158 1063 praemiffa
2174 1003 2236 1050 fa·

1255 1082 1417 1124 cerent,
1433 1073 1720 1117 indamnatam
1738 1066 1917 1113 incidiffe
1942 1068 2120 1109 haerefim
2138 1093 2153 1116 ,
2185 1078 2233 1110 ae

1256 1143 1303 1175 ut
1327 1133 1547 1177 Haereticos
1575 1130 1788 1174 evitandos
1816 1127 1906 1172 fore
1934 1125 1987 1169 de
2004 1129 2230 1171 Fratrum„

1256 1192 1489 1236 nostrorum
1518 1189 1689 1235 confilio
1705 1189 1961 1233 declaramus
1975 1214 1988 1227 .
2004 1186 2048 1230 Si
2064 1185 2154 1242 quis
2164 1198 2238 1226 au-

1257 1263 1342 1296 tem
1358 1253 1567 1295 damnatas
1583 1263 1659 1308 per
1671 1249 2008 1292 constitutionem
2023 1273 2039 1297 ,
2069 1257 2157 1288 cum
2173 1247 2236 1285 in·

1254 1323 1344 1362 ter,
1378 1310 1572 1363 baereses,
1604 1309 1670 1352 vel
1706 1308 1883 1366 ipsarum
1912 1306 2091 1349 alteram
2117 1304 2236 1346 dein·

1253 1386 1349 1427 ceps
1364 1369 1538 1415 scienter
1581 1369 1738 1418 verbo,
1773 1369 1838 1412 vel
1862 1367 2013 1419 scripto
2041 1361 2237 1406 defende·

222 1443 354 1475 mores
378 1427 611 1486 pertineat,
640 1427 881 1480 Christum,
906 1430 947 1471 δι
969 1429 1191 1485 Apostolos
1252 1446 1327 1483 re,
1360 1431 1427 1474 vel
1460 1431 1688 1487 approbare
1723 1422 2115 1483 presumpserit,de
2135 1424 2239 1465 Fra·

150 1535 153 1542 f
221 1498 301 1534 uon
322 1485 499 1532 habuiffe
532 1491 572 1532 in
598 1486 687 1539 his,
717 1501 804 1545 quae
832 1487 1090 1539 habuerunt,
1122 1489 1191 1529 nisi

223 1548 443 1605 {implicem
458 1549 572 1591 usum
592 1543 713 1592 fani?
734 1545 1089 1605 prosedodircfle
1116 1548 1195 1591 hoc

224 1609 273 1651 ad
301 1606 424 1651 fidem
448 1621 531 1650 non
561 1608 743 1664 pertinet
765 1634 780 1658 ,
811 1621 906 1651 cum
930 1607 983 1650 de
1007 1608 1082 1650 hoc
1098 1609 1194 1650 arti-

219 1667 336 1711 culus
383 1680 465 1709 uon
490 1668 537 1710 {it
567 1667 744 1723 aliquis,
775 1680 849 1709 nec
873 1665 944 1708 sub
962 1681 1046 1723 quo
1062 1667 1194 1710 valeat

222 1724 553 1783 comprehendi,
583 1734 628 1767 ut
645 1733 758 1782 patet
782 1726 821 1768 in
850 1724 1089 1781 symbolis,
1121 1726 1193 1770 ἰὼ

219 1787 364 1845 quibus
381 1783 546 1827 articuli
564 1782 660 1828 fidei
675 1784 964 1839 continentur;
979 1799 1053 1828 nec
1070 1787 1194 1829 etiam

223 1844 392 1889 neuere
414 1842 547 1899 ,quali
573 1844 652 1886 hoc
677 1848 802 1889 Sacra
818 1845 1028 1901 Scriptura
1057 1847 1189 1888 conti-

224 1904 348 1955 neitt=3
359 1913 443 1961 quo
457 1910 606 1960 negato
619 1913 709 1949 tota
728 1904 937 1958 Scriptura
951 1909 1078 1950 Sacra
1098 1906 1195 1949 red·

225 1962 337 2005 ditur
349 1960 573 2016 dubia5&
601 1977 678 2016 per
690 1962 941 2017 consequens
964 1965 1128 2008 articuli
1143 1964 1195 2007 fi-

227 2020 323 2072 dei,
343 2018 414 2074 qui
439 2017 590 2059 habent
616 2031 688 2072 per
713 2019 965 2072 scripturam
987 2024 1196 2064 sacram.»

227 2076 420 2137 probari,
452 2074 684 2118 redduntur
697 2074 839 2126 dubii,
866 2076 904 2117 ὃ(
931 2076 1193 2120 incerti:hoc

226 2139 335 2182 enim
363 2135 402 2178 in
430 2134 639 2189 Scriptura
664 2135 789 2175 Sacra
811 2147 895 2175 non
918 2136 1074 2189 poterit
1090 2162 1105 2187 ,
1127 2133 1196 2178 sed

224 2191 474 2239 contrarium
488 2191 657 2243 reperiri
673 2203 688 2231 ε
719 2189 771 2229 de
786 2192 997 2230 Fratribus
1010 2203 1194 2232 autem...

222 2248 455 2299 Minoribus
470 2245 667 2303 predictis
683 2244 835 2288 constat
850 2274 864 2298 ,
889 2246 1001 2301 quod
1020 2248 1074 2290 de
1089 2248 1195 2302 ipso·

222 2313 569 2366 rum-paupertate
587 2331 604 2355 ‚
634 2305 674 2346 &
705 2301 875 2361 fimplici
903 2305 974 2349 usu
1001 2305 1096 2349 fac-‘ti
1128 2304 1196 2348 seu

223 2371 276 2416 de
295 2367 482 2412 dominio
515 2376 686 2414 eorum,
713 2376 800 2418 quar
822 2363 911 2421 ipfis
936 2363 1198 2418 offeruntur,

223 2428 335 2489 quod
351 2429 536 2472 Summus
551 2421 742 2468 Pontifex
766 2423 870 2468 illud
886 2425 957 2468 fibi
985 2426 1026 2468 δι
1044 2427 1200 2468 Roma-

224 2497 283 2536 nae
297 2484 487 2532 Ecclefiae
505 2481 801 2534 reservaverit,
834 2484 900 2527 vel
925 2486 1112 2541 potuerit
1135 2498 1200 2526 re·

224 2548 415 2597 servare,
440 2543 506 2587 vel
521 2543 665 2600 ,qubd
690 2541 796 2586 lllud
819 2545 1070 2588 reservatum
1095 2544 1200 2587 Suc-

226 2603 367 2654 cetron
387 2603 563 2660 abjicere
579 2615 663 2644 non
684 2600 813 2645 liceat
827 2632 844 2655 ‚
868 2605 894 2646 fi
923 2605 1005 2648 boc
1027 2603 1199 2661 expedi-

228 2682 274 2711 re
288 2663 438 2709 viderit
455 2691 471 2714 ,
501 2661 567 2706 seu
593 2660 705 2718 quod
725 2662 1025 2707 Procuratores
1047 2663 1200 2707 consti-

229 2733 345 2772 tutos
358 2723 607 2766 auctoritate
629 2722 786 2765 Summi
805 2721 1013 2766 Pontificis
1037 2737 1113 2781 pro
1128 2735 1202 2766 ne·

223 2784 352 2844 goelis
364 2781 536 2824 Ordinis
550 2779 728 2834 predicti
742 2779 937 2825 succcffor
947 2795 1202 2828 revocata

226 2857 310 2889 non
327 2841 492 2888 valeat,
523 2838 564 2880 iu
580 2837 776 2894 predictis
793 2841 997 2893 symbolis
1017 2869 1032 2892 ,
1066 2844 1203 2884 Evan-

235 2900 350 2962 gelio
371 2928 388 2954 ,
416 2897 481 2942 vel
505 2897 657 2939 astibus
706 2897 993 2952 Apostolorum
1032 2899 1074 2943 δι
1101 2900 1203 2956 Epi-

229 2961 344 3008 fiolis
388 2956 543 3000 mentio
583 2954 717 3011 aliqua
754 2968 833 2997 non
875 2958 1077 3003 habetur.
1111 2962 1202 3003 Un-

229 3020 283 3067 de
293 3032 374 3062 non
388 3016 545 3073 pellunt
559 3027 610 3056 cx
626 3013 824 3069 pradietis
837 3017 1090 3062 concludere
1106 3046 1120 3069 ,
1131 3016 1200 3064 nifi

231 3078 366 3129 salso,
390 3076 488 3132 quin
524 3082 671 3117 contra
709 3070 898 3117 ordinata
910 3089 983 3132 per
1010 3081 1202 3121 Summos

234 3135 458 3186 Pontifices
485 3133 592 3176 circa
607 3130 708 3173 talia
731 3130 1076 3178 valeatsucceffor
1089 3135 1203 3179 aliud

236 3198 428 3247 &rdinare
441 3207 455 3236 ε
471 3192 581 3248 quod
599 3188 795 3234 Nicolaus
813 3192 1001 3247 praefatus
1015 3192 1205 3250 expresse

235 3256 278 3301 flu
299 3253 366 3299 sui
392 3249 669 3298 declaratione
701 3247 870 3294 inseruit
894 3281 910 3305 ,
953 3261 997 3294 ut
1024 3251 1202 3309 superius

236 3314 396 3373 menius
429 3310 668 3355 continetur
685 3337 698 3350 .

257 3360 283 3428 ’ἶ
351 3375 439 3417 Nos
462 3371 626 3427 itaque,
658 3381 709 3413 ne
736 3367 1007 3414 fabricatores
1033 3369 1201 3413 menda-

247 3421 395 3482 «ἥψω
409 3427 672 3487 hujusmodi,
696 3441 743 3472 ac
767 3429 892 3472 etiam
913 3427 1124 3474 affertores
1143 3431 1198 3473 de

247 3486 518 3547 tmpestifera
529 3518 547 3541 ,
568 3501 740 3532 erronea
753 3517 770 3541 ,
790 3489 832 3530 δι
843 3488 1033 3532 damnata
1044 3488 1199 3533 doetri-

246 3557 338 3596 na,
361 3545 637 3592 confixtatione
672 3561 720 3592 ac
750 3546 984 3594 confufione
999 3550 1198 3605 utique...-

249 3603 514 3671 omui-digna,
545 3605 714 3662 gloriari
728 3607 888 3652 valeant
903 3637 918 3661 ,
943 3611 983 3652 &
995 3608 1098 3651 alios
1113 3617 1199 3650 tra-

248 3662 344 3704 here
358 3673 398 3703 m
417 3676 618 3728 errorem,
644 3680 736 3710 cum
749 3666 843 3710 ausu
857 3668 1120 3717 detestando,
1145 3680 1190 3709 ac

249 3717 659 3782 petulantiainpmba
681 3725 760 3771 au'fi
781 3725 1002 3772 defendere
1026 3725 1190 3784 publice

247 3777 414 3824 fuerint,
428 3774 647 3827 damnatam
661 3798 733 3841 per
742 3786 1083 3830 Constitutionem
1098 3798 1192 3841 prae-

247 3839 394 3897 dietam
408 3835 576 3883 haerestm
588 3868 605 3895 ,
634 3858 680 3900 ac
691 3844 816 3901 etiam
829 3846 1003 3901 probare
1020 3842 1200 3905 ,videli-

1256 1502 1367 1535 trum
1407 1490 1632 1534 eorundem
1662 1486 1834 1530 consilio
1867 1482 2166 1531 decernimus,
2192 1487 2239 1521 ut

1258 1561 1466 1606 tamquam
1489 1550 1705 1593 haereticus
1731 1547 1783 1589 ab
1808 1544 1998 1588 omnibus
2024 1538 2240 1583 evidenter

1258 1610 1459 1654 habeatur
1486 1638 1499 1652 .
1534 1609 1685 1653 Adhuc
1710 1635 1726 1659 ,
1754 1604 1867 1662 quod
1904 1598 2240 1646 constitutionem

1256 1670 1432 1713 nostram
1456 1696 1472 1719 ,
1514 1669 1567 1711 ad
1588 1667 1842 1712 Conditorem
1875 1668 2080 1708 canonum
2107 1659 2239 1714 supra-

1255 1730 1403 1773 dielam
1441 1726 1579 1771 insano
1620 1725 1714 1770 ausu
1762 1727 1999 1780 impugnare
2049 1718 2119 1764 nifi
2147 1716 2240 1760 sunt

1254 1788 1275 1842 (
1306 1792 1405 1832 sicut
1430 1787 1561 1832 fertur
1590 1787 1609 1844 )
1639 1785 1855 1829 distriftius
1894 1783 1947 1826 de
1976 1775 2240 1825 eorundem..

1259 1851 1451 1892 Fratrum
1466 1847 1640 1890 confilio
1655 1846 1882 1887 inhibemus
1902 1872 1918 1894 ,
1949 1854 2002 1885 ne
2021 1839 2235 1896 quisquam

1257 1919 1405 1951 contra
1447 1905 1644 1957 definita,
1676 1903 1897 1949 ordinata,
1927 1899 1995 1943 scu
2034 1898 2136 1939 saeta
2166 1905 2241 1950 per

1258 1967 1383 2024 ipsam
1400 1967 1530 2010 verbo
1545 1995 1559 2017 ,
1575 1965 1639 2008 vel
1664 1964 1817 2019 scripto
1831 1960 2005 2003 scienter
2030 1953 2238 2014 approbet

1256 2027 1411 2079 aliquid
1429 2027 1492 2068 vel
1506 2023 1728 2068 defendat:
1755 2022 1890 2078 Siquis
1926 2017 2026 2062 vero
2058 2022 2241 2058 contra,

1258 2079 1554 2134 praesumpserit
1570 2106 1586 2128 ,
1612 2090 1805 2134 tanquam
1818 2087 2044 2121 contumax
2058 2104 2075 2126 ,
2103 2075 2146 2115 δι
2174 2086 2241 2114 re-

1257 2137 1376 2180 bellis
1393 2140 1585 2180 Romanae
1603 2136 1791 2181 Ecclefiae
1808 2136 1859 2176 ab
1874 2133 2066 2176 omnibus
2082 2132 2237 2173 habes-

1259 2203 1350 2235 tur.
1375 2196 1494 2236 Nulli
1517 2208 1621 2248 ergo
1636 2195 1810 2236 omnino
1836 2193 2048 2236 hominum
2075 2191 2157 2232 &c-

1374 2251 1478 2291 Data
1494 2250 1711 2292 Avenione
1740 2254 1910 2308 Qarto
1930 2249 2021 2292 idus
2050 2252 2239 2291 Novem-

1265 2305 1351 2351 bris
1377 2304 1643 2353 Pontificatfts
1657 2306 1781 2350 nostri
1794 2319 1905 2349 anno
1920 2318 2031 2348 nono
2046 2333 2060 2346 .

1323 2427 1412 2472 [Ab.
1426 2428 1469 2470 6.
1491 2430 1651 2469 Decret.
1666 2426 1775 2468 inter
1801 2434 2015 2478 extr-avag-
2035 2435 2230 2467 commun.

1374 2487 1444 2532 tit.
1464 2499 1527 2542 14·
1544 2487 1589 2530 le
1602 2487 1708 2530 verb.
1708 2484 1860 2545 figm‘fi
1879 2490 1965 2539 cap.
1979 2493 2023 2531 5-

2029 3880 2166 3930 Indul-
