2444 4192
390 225 562 309 294

330 356 537 403 laudamus
557 385 575 409 ‚
594 357 637 398 ᾱ
659 355 981 400 commendamus
1009 386 1024 410 ‚
1047 373 1093 400 ac
1122 359 1279 402 litteras

331 415 505 474 ejusdem
517 417 619 460 Sixti
634 418 710 458 tv.
723 430 820 473 quas
840 431 918 473 pro
927 417 1110 472 expreffis
1126 420 1203 460 hoc
1217 419 1280 459 lo-

333 490 385 519 co
403 476 545 517 baberi
559 475 759 526 volumus,
772 488 942 532 excepta
956 475 1045 530 ejus
1058 477 1285 518 ordinatio-

330 549 385 578 ne
397 534 450 577 de
464 531 564 576 festo
577 537 619 576 S.
631 536 928 576 Bonaventurae
953 534 1123 578 secunda
1146 535 1285 578 Domi·

328 595 422 637 nica
451 592 546 650 Julii
571 591 821 633 celebrando
831 618 849 642 ‚
873 594 1015 634 harum
1044 604 1191 637 tenore
1218 607 1286 649 ap·

325 653 571 709 probantes,
591 648 885 691 &innovantes
899 676 914 698 ‚
942 648 1071 702 ipsum
1096 655 1139 695 S.
1153 654 1286 694 Bona·

326 721 540 754 venturam
567 706 656 762 jure
681 707 916 748 Sannorum
941 707 1164 750 Doctorum
1186 723 1282 751 con-

326 770 454 812 sortio
488 767 540 807 ab
564 762 710 806 eodem
736 762 855 806 Sixto
885 764 959 805 lv.
986 765 1202 820 ascriptum
1241 769 1283 808 &

324 834 660 872 connumeratum
673 850 690 871 ,
705 821 947 863 auctoritate
963 821 1194 876 Apostolica
1218 834 1280 866 te·

322 899 422 929 nore
435 880 685 939 presentium
699 880 807 921 inter
848 880 1059 934 raecipuos,
1072 881 1114 922 δι
1127 882 1279 936 prima-

320 946 430 992 rios,
453 940 523 997 qui
550 938 812 994 Theologicae
841 937 1030 980 scultatis
1045 940 1277 995 Magisterio

320 999 605 1043 excelluerunt
619 1025 636 1048 ‚
649 996 875 1040 habendum
895 1023 910 1047 ,
939 1010 987 1039 ac
1003 998 1277 1041 venerandum

318 1057 395 1103 effe
424 1057 675 1100 decernimus
698 1057 739 1097 δι
760 1054 1011 1096 declaramus
1030 1067 1046 1107 3
1070 1066 1192 1111 atque
1222 1057 1277 1098 ob

316 1132 408 1162 eam
419 1114 576 1159 causam
592 1114 795 1170 sperantes
809 1112 849 1154 in
866 1113 1046 1156 Domino
1071 1113 1189 1171 hujus
1203 1117 1276 1157 Se·

317 1176 478 1232 raphici
504 1173 692 1216 Doeoris
717 1171 1017 1214 lucubrationes
1043 1172 1094 1215 ad
1121 1172 1275 1216 doari-

316 1249 408 1281 nam
440 1236 479 1276 &
504 1230 903 1286 devotionem‚quam
919 1230 959 1274 in
980 1229 1127 1282 clero,
1140 1233 1274 1288 Popu-

319 1297 442 1350 loque
458 1291 692 1335 Christiano
706 1288 953 1345 magnopere
975 1288 1142 1342 lucere,
1159 1292 1201 1333 δι
1211 1305 1281 1333 ar·

315 1355 414 1396 dere
425 1352 606 1408 cupimus
615 1376 631 1399 ‚
647 1349 826 1391 maximo
837 1347 1072 1404 adjumento
1084 1347 1179 1391 fore
1191 1375 1207 1399 ,
1221 1348 1282 1392 il·-

314 1414 398 1456 lius
410 1409 536 1453 libros
548 1438 565 1462 ‚
578 1406 887 1453 commentarios
898 1434 915 1458 ,
936 1405 1126 1463 opuscula
1140 1436 1155 1459 ‚
1184 1421 1279 1464 ope·

316 1485 364 1514 sa
389 1468 563 1526 denique
585 1466 755 1517 omnia,
781 1473 903 1520 prout
918 1478 967 1507 ex
988 1466 1121 1508 nostra
1138 1467 1277 1522 ‘rypo-

318 1528 488 1586 graphia
503 1526 701 1570 Vaticana
712 1553 728 1576 ,
740 1525 860 1579 quam
875 1523 1191 1566 emendatiffims
1201 1525 1220 1579 (
1232 1531 1278 1566 ut

317 1586 434 1643 supra
462 1586 618 1628 dietum
642 1581 985 1638 est)emittuntur
1000 1606 1017 1630 ,
1036 1591 1080 1622 ut
1103 1581 1277 1623 aliorum

319 1642 507 1689 Ecclefiae
518 1643 737 1683 Doctorum
750 1638 820 1693 qui
830 1638 964 1679 eximii
977 1636 1084 1686 sunt,
1096 1651 1178 1681 non
1192 1652 1278 1681 mo-

317 1703 374 1744 db
388 1701 591 1756 privatim,
604 1696 673 1739 sed
687 1694 849 1753 publice
862 1695 902 1736 in
917 1696 1275 1751 GymnafiiQAca-

316 1758 461 1802 demiis
471 1786 488 1810 ‚
499 1756 659 1800 scholis
672 1785 689 1807 ,
702 1753 918 1809 Collegiis,
932 1753 1277 1808 leffionibundis-

318 1816 597 1875 putationibus
610 1842 626 1866 ‚
654 1813 1084 1871 interpretationibus,
1107 1813 1277 1859 concio-

315 1877 437 1919 nibus
448 1900 465 1923 ,
477 1872 741 1920 sermonibus,
751 1870 1015 1927 omnibusque
1025 1872 1116 1914 aliis
1132 1872 1277 1915 Eccle-

316 1933 479 1976 fiaflieis
489 1930 626 1974 studiis
637 1957 653 1981 ‚
678 1928 989 1986 Christianistlue
1016 1930 1278 1974 exercitatio-

314 1992 437 2036 nibus
448 1989 593 2036 citari,
607 1987 781 2043 proferri
796 2014 811 2037 ,
834 1998 959 2044 atque
972 1989 994 2045 (
1004 2004 1099 2032 cum
1114 2001 1180 2031 res
1203 2002 1277 2043 po-

314 2049 556 2099 fiulaverit)
580 2045 764 2087 adhiberi
779 2045 965 2087 volumus
979 2073 996 2095 ,
1023 2048 1063 2086 δι
1086 2045 1276 2086 decerni-

314 2121 402 2150 mus
413 2118 431 2155 ·,
447 2107 487 2145 δι
500 2100 763 2145 nihilominus
774 2130 789 2152 ,
806 2111 851 2143 ut
869 2099 1134 2157 sapientiffimi
1158 2102 1276 2154 hujus

313 2161 508 2207 Dostoris
523 2159 695 2217 glorioss
709 2157 942 2204 recordatio
952 2187 967 2210 ,
987 2162 1014 2202 fi
1029 2174 1111 2203 non
1127 2173 1202 2216 pro
1218 2160 1277 2215 ip·

314 2223 390 2266 fius
401 2219 673 2277 dignignitate
685 2247 701 2271 ,
712 2229 753 2263 at
768 2218 906 2262 saltem
935 2234 1011 2276 pro
1035 2220 1206 2262 humana
1220 2227 1279 2260 te·

315 2282 479 2327 nuitate
493 2281 549 2321 ob
570 2278 752 2334 ingentia
768 2277 878 2322 illius
894 2279 1040 2320 merita
1053 2275 1278 2319 ardentiori

311 2341 447 2384 fludio
460 2333 841 2387 recolatur,sel.rec.
857 2334 1187 2380 Pradecefforum
1200 2347 1277 2375 no-

313 2399 484 2443 strorum
498 2393 695 2438 Bonisacii
714 2396 825 2451 Papae
837 2397 960 2440 VIII.
973 2395 1039 2451 qui
1054 2394 1108 2438 de
1124 2393 1276 2437 Sanctis

312 2467 489 2516 quatuor
505 2454 776 2503 Dodoribus‚
799 2454 840 2496 dt
856 2454 915 2497 Pii
930 2457 1043 2511 Papae
1058 2455 1110 2498 V.
1126 2452 1196 2510 qui
1222 2450 1277 2495 de

314 2516 505 2574 praedit‘to
537 2514 684 2557 saneto
711 2513 865 2555 Thema
901 2513 1042 2556 eadem
1074 2523 1277 2569 precepe-

314 2583 429 2624 runt,
443 2570 632 2627 exemplo
651 2569 813 2614 adducti
829 2574 947 2627 proeci
979 2573 1096 2622 imus,
1110 2581 1155 2615 ut
1170 2567 1273 2624 ejus-

315 2633 412 2675 dem
424 2632 465 2673 S·
480 2631 771 2673 Bonsventuoe
782 2629 871 2672 dics
892 2627 931 2673 fe
993 2643 1011 2672 s
1032 2630 1074 2671 in
1086 2628 1273 2672 omnibus

315 2687 536 2735 Christiani
555 2686 679 2730 Orbis
694 2689 874 2743 partibus
889 2686 957 2731 snb
968 2687 1124 2744 duplici
1138 2684 1275 2729 officio

319 2750 344 2796 a
356 2747 509 2791 cunetis
528 2742 704 2801 personis
733 2746 1015 2789 Ecclesiasticis
1032 2775 1050 2798 ,
1076 2744 1276 2789 seculari·

320 2811 397 2852 bus
411 2835 426 2858 ,
446 2806 488 2848 δι
510 2804 743 2860 quorumvis
765 2804 966 2848 Ordinum
1002 2804 1275 2861 Regularibus

324 2878 408 2911 tam
421 2861 601 2921 publice,
612 2861 732 2916 quam
747 2862 935 2918 privatim
950 2864 1080 2919 pridie
1102 2863 1275 2918 IdusJu-

327 2926 371 2969 lii
404 2923 422 2979 (
437 2935 521 2966 non
546 2920 728 2964 obstante
742 2921 916 2977 predicti
941 2923 1044 2966 Siati
1061 2923 1134 2966 tv.
1160 2919 1274 2964 ordi·

322 2983 487 3028 natione
508 2978 562 3022 de
584 2976 758 3022 secunda
770 2979 977 3025 Dotninica
992 2981 1088 3025 dieti
1102 2978 1272 3036 meniis)

321 3038 521 3085 celebrari
542 3046 667 3095 atque
697 3037 736 3080 in
771 3038 1025 3084 Kalendariis
1036 3068 1052 3093 ,
1082 3052 1174 3083 cum
1189 3040 1274 3082 Do-

323 3100 445 3144 Roris
468 3096 633 3141 nomine
647 3122 663 3146 ‚
688 3097 729 3138 δι
754 3094 839 3141 sesti
864 3096 1036 3156 duplicis
1048 3097 1272 3152 adjcstione

322 3156 492 3205 describi
505 3156 572 3207 ,δι
585 3156 758 3211 imprimi
774 3158 915 3201 debeat
926 3187 942 3211 ,
970 3155 1121 3202 etiamfi
1134 3157 1187 3203 in.
1198 3170 1273 3200 no·

323 3216 484 3263 viffimis
500 3214 709 3265 statarii,
721 3215 761 3257 δι
775 3213 936 3259 ΜίῐῐιΙὶι
953 3215 1128 3261 Romani
1144 3214 1274 3260 resor-

323 3275 569 3321 mationibus
581 3274 702 3318 aliter
725 3273 959 3331 dispositum
983 3274 1274 3333 suerit‚neque

323 3336 433 3380 secus
443 3365 459 3389 ,
470 3344 592 3390 atque
605 3334 629 3379 s
643 3332 774 3376 Nobis
787 3362 803 3386 ‚
814 3343 857 3378 ut
882 3334 999 3392 suprs
1011 3362 1025 3384 ‚
1040 3334 1273 3379 ordinatum

322 3396 394 3437 suit
406 3420 422 3443 ‚
446 3408 516 3450 per
526 3390 784 3451 quoscunque
808 3395 948 3449 quavis
976 3395 1274 3441 auctoritate.-

322 3450 694 3509 praeditos‚censeri
710 3478 726 3505 ,
746 3461 815 3496 aut
837 3453 1098 3511 interpretari
1113 3449 1274 3510 post-s

320 3512 572 3556 decernimus
584 3540 596 3554 .
610 3513 836 3556 nonanes
849 3511 1052 3557 universos
1064 3509 1273 3567 utriusque

323 3568 437 3613 scafis
465 3569 756 3615 christifideles
778 3571 972 3616 Civitatis
998 3571 1251 3627 balneoregii
1262 3600 1276 3626 ‚

323 3641 408 3685 qux
422 3627 673 3672 clarillimum
690 3632 763 3674 boc
776 3629 907 3675 edidit
935 3630 1071 3676 lumen
1084 3657 1100 3681 ‚
1112 3632 1153 3674 dt
1163 3629 1274 3676 illius

320 3685 519 3731 Dioecests
540 3713 555 3738 ,
573 3698 614 3729 ut
627 3689 770 3731 eodem
790 3690 858 3734 die
873 3687 972 3734 sesto
987 3693 1011 3734 Δ
1036 3689 1245 3736 servilibus
1258 3719 1274 3744 ,

319 3746 376 3791 de
400 3748 549 3790 Sanan
575 3746 759 3789 necten-
780 3762 921 3801 more,
938 3751 1132 3806 operibus
1156 3748 1274 3793 absti-

317 3813 439 3850 neant
452 3833 466 3847 .
490 3806 548 3850 Ut
574 3814 710 3849 autem
738 3807 1073 3853 Chrissifidclium
1098 3809 1271 3853 devotio

974 196 1134 285 Sub
1197 196 1409 284 Sixto
1479 198 1578 288 V.

1340 359 1390 401 ad
1407 358 1610 415 Seraphici
1625 355 1739 412 hujus
1754 351 1941 397 nonoris
1954 351 2062 395 diem
2077 349 2216 395 festum
2230 358 2303 392 co-'

1340 418 1533 467 lendum,
1558 416 1716 473 ejusque
1740 426 1856 468 opem
1888 410 1951 464 pie
1976 410 2267 466 implorandam
2284 437 2299 460 ,

1343 480 1395 522 eo
1412 476 1537 532 magis
1549 475 1824 518 accendatur,
1850 471 1932 523 qun
1945 482 1992 510 ex
2015 471 2094 510 hoc
2120 468 2298 512 coelestis

1344 536 1481 594 gratiae
1493 535 1607 577 dono
1633 534 1669 575 se
1686 528 1843 574 uberius
1865 526 2147 581 conspexerint
2165 525 2297 571 effe-a

1345 593 1519 639 refeRos
1539 623 1554 645 ,
1572 592 1623 633 de
1640 586 1940 641 Omnipotentis
1966 584 2043 624 Dei
2070 586 2299 628 misericor-

1343 655 1411 697 dia
1426 682 1442 706 ‚
1454 666 1500 694 ac
1516 655 1731 694 Beatorum
1757 643 1895 693 Petri,
1910 644 1950 684 δι
1962 640 2075 683 Pauli
2089 642 2302 697 Apostolo-

1340 726 1430 756 rum
1442 710 1531 766 ejus
1547 707 1785 750 auctoritate
1800 699 2140 751 coufifi‚omnibus
2154 699 2301 744 utrius.

1338 784 1415 825 que
1430 767 1541 811 sexus
1554 758 1894 808 Christifidelibus
1909 768 1991 800 tam
2008 755 2049 798 in
2061 756 2165 800 dieta
2181 757 2299 801 civi?

1338 838 1424 869 tate
1438 853 1453 875 ‚
1467 828 1507 868 δι
1523 824 1678 881 ῡῐςεεῦ
1695 817 1948 872 Balneoregii
1961 844 1976 867 ,
2000 816 2120 872 quam
2137 815 2176 857 in
2195 826 2295 870 praeq

1336 886 1446 927 clara
1460 883 1603 926 Gauiae
1621 882 1736 926 Urbe
1750 875 1951 931 Lugduno
1968 902 1982 926 ,
2011 873 2078 918 ubi
2094 872 2166 916 ille
2180 874 2292 915 bono

1336 942 1558 986 certamine
1576 936 1758 996 legitime
1770 935 2004 982 decertat0,
2021 931 2138 975 cursu
2154 929 2301 975 consu-

1336 1011 1448 1043 mato
1463 1028 1478 1050 ,
1493 997 1574 1040 fide
1592 997 1747 1039 servata
1765 1008 1814 1037 ex
1831 995 1909 1037 hoc
1927 990 2163 1035 calamitoso
2182 991 2300 1045 saecu-

1334 1059 1376 1101 lo
1389 1058 1439 1099 ad
1458 1058 1700 1099 meritorum
1714 1055 1875 1097 suorum
1903 1052 2108 1108 praemium
2124 1078 2140 1101 ‚
2159 1050 2201 1090 δι
2227 1061 2302 1089 co-

1333 1128 1473 1160 ronam
1486 1114 1526 1156 in
1539 1113 1670 1171 celum
1685 1112 1858 1156 feliciter
1872 1109 2086 1166 migravit,
2102 1108 2140 1150 in
2155 1107 2301 1150 Alma-

1333 1190 1411 1233 que
1425 1174 1538 1218 Urbe
1555 1172 1704 1223 nostra,
1718 1172 1786 1216 ubi
1801 1171 1841 1214 in
1855 1171 1926 1212 hac
1944 1166 2112 1211 Basilica
2125 1167 2304 1209 Sando-

1333 1247 1422 1279 rum
1448 1233 1664 1277 duodecim
1689 1228 1982 1287 Apostolorum
2010 1225 2245 1282 Collegium
2278 1223 2301 1264 a

1334 1291 1518 1349 Nobis‚(
1532 1302 1576 1334 ut
1591 1291 1668 1344 iam
1689 1290 1868 1332 diximus
1882 1287 1905 1344 )
1917 1286 1972 1329 est
1983 1287 2178 1336 erectum,
2198 1296 2299 1326 con-

1334 1350 1479 1395 stitutis
1493 1378 1508 1401 ‚
1527 1350 1595 1407 qui
1610 1348 1696 1404 ejus
1709 1346 1848 1391 festum
1865 1343 2123 1401 hujusmodi,
2153 1352 2197 1384 ut
2222 1354 2301 1384 cae—

1335 1422 1446 1454 teras
1471 1409 1524 1451 de
1550 1417 1748 1465 praecepto
1774 1406 1962 1450 Ecclesiae
1991 1401 2138 1445 servari
2160 1400 2300 1445 solitas

1338 1468 1573 1512 festivitates
1587 1465 1765 1518 ,devote
1786 1466 1986 1513 colentes,
2000 1461 2094 1504 vere
2112 1459 2300 1517 peniten-

1337 1537 1397 1569 tes
1419 1553 1435 1575 ,
1475 1526 1516 1566 δι
1545 1522 1822 1566 sacramentali
1853 1524 2112 1577 peccatorum
2135 1520 2303 1560 litorum

1336 1581 1579 1625 confeffione
1611 1577 1798 1636 praemiffa
1813 1608 1828 1631 ,
1848 1595 1899 1623 eo
1918 1578 1985 1622 die
2011 1575 2301 1622 Sanniffimum

1338 1641 1591 1684 Eucharistiae
1604 1643 1909 1683 Sacramentum
1924 1635 2160 1693 sumpserint
2173 1660 2189 1688 ,
2209 1635 2302 1692 ple-

1337 1699 1493 1744 nariam
1516 1699 1695 1741 omnium
1709 1706 1969 1753 peccatorum
1986 1698 2147 1751 luorum
2161 1693 2300 1739 Indul-

1337 1758 1513 1814 gentiam
1528 1786 1544 1810 ‚
1565 1759 1606 1799 8t
1626 1755 1894 1800 remiilionem
1917 1752 2236 1798 misericorditer
2259 1751 2301 1794 in

1336 1817 1511 1859 Domino
1523 1814 1787 1859 concedimus
1799 1844 1815 1866 ,
1828 1816 1867 1856 8(
1887 1813 2117 1868 elargimur.
2129 1811 2214 1871 Qi
2230 1823 2301 1853 ve!

1336 1878 1384 1920 ro
1402 1874 1622 1918 Ecclefiam
1654 1875 1840 1916 fratrum
1857 1874 2059 1915 Minorum
2076 1871 2117 1911 S.
2130 1870 2297 1912 Franci·

1335 1935 1388 1977 sci
1403 1934 1487 1989 ipso
1500 1933 1567 1975 die
1581 1932 1713 1975 festos
1730 1931 1869 1981 primis
1892 1928 2068 1984 vesperis
2098 1923 2219 1982 usque
2248 1923 2303 1967 ad

1334 1991 1518 2035 occasum
1532 1989 1637 2032 Solis
1651 1986 1832 2044 ejusdem
1858 1982 2108 2029 dieidevote
2121 1983 2303 2027 visitave-

1336 2057 1420 2148 a?
1429 2061 1573 2163 azzi
1589 2042 2303 2162 ¹323ss23335‘32530’0532‘3'}

1338 2164 1475 2208 decem
1501 2177 1628 2207 annos
1639 2191 1654 2215 ,
1678 2164 1719 2205 &
1744 2162 1917 2205 totidem
1945 2161 2218 2219 quadragenas
2248 2157 2302 2202 de

1339 2222 1522 2278 injunfiis
1538 2223 1596 2265 eis
1609 2249 1625 2272 ,
1639 2220 1703 2263 seu
1717 2220 1815 2263 alias
1829 2220 2142 2275 quomodolibet
2154 2218 2304 2263 debitis

1336 2280 1570 2337 pernitentiis
1599 2293 1670 2333 per
1692 2278 1896 2333 praesentes
1924 2279 2085 2322 litteras
2098 2277 2300 2334 perpetuis

1335 2340 1554 2383 duraturas
1563 2365 1579 2388 ‚
1592 2351 1691 2395 quas
1703 2335 1774 2380 sub
1787 2335 1990 2393 quibusvis
2018 2335 2300 2392 Indulgentia-

1335 2412 1426 2441 rum
1440 2397 1785 2446 revocationibus,
1802 2393 1866 2438 seu
1886 2395 2196 2439 limitationibus
2210 2393 2300 2437 nul·

1335 2457 1379 2501 Io
1395 2456 1519 2500 modo
1533 2454 1828 2512 comprehendi
1845 2454 2032 2499 volumus
2044 2481 2060 2505 ‚
2076 2453 2300 2497 misericor·

1334 2516 1440 2559 diter
1453 2516 1493 2557 in
1513 2515 1687 2558 Domino
1701 2514 1929 2557 relaxamus
1944 2541 1956 2553 .
1969 2514 2175 2576 roirca
2196 2514 2298 2558 Prae

1335 2573 1517 2618 ternitati
1530 2601 1545 2626 ,
1559 2575 1601 2616 δι
1617 2571 1860 2616 Discretioni
1886 2573 2021 2617 vessrae
2034 2588 2105 2629 per
2123 2570 2299 2628 Aposto-

1335 2633 1415 2677 lica
1434 2632 1582 2688 scripta
1610 2632 1869 2680 mandamus,
1897 2640 1941 2674 ut
1961 2630 2169 2687 presentes
2187 2630 2298 2673 litte·

1334 2705 1397 2736 ras
1420 2719 1436 2743 ‚
1456 2692 1497 2734 δι
1521 2690 1560 2734 in
1587 2690 1643 2735 eis
1666 2700 1860 2734 contenta
1884 2702 2125 2748 quacunque
2154 2689 2195 2732 in
2220 2687 2298 2731 suis

1334 2748 1505 2806 quilibet
1520 2749 1747 2794 Provinciis
1761 2775 1775 2799 ‚
1797 2748 2044 2793 Civitatibus
2056 2776 2071 2799 ,
2088 2746 2296 2792 Ecclestiss

1333 2811 1373 2855 δι
1389 2807 1636 2852 Dioecefibus
1661 2806 1896 2851 solemniter
1914 2806 2144 2860 publicari,
2174 2806 2214 2848 δι
2245 2806 2297 2849 ab

1335 2868 1519 2912 omnibus
1533 2865 1714 2922 personis
1728 2863 2014 2908 Ecclefiassieis
2028 2862 2298 2912 secularibus,

1333 2929 1374 2971 δι
1387 2924 1623 2983 quorumvis
1640 2923 1843 2968 Ordinum
1860 2922 2135 2979 Regularibus
2148 2922 2297 2975 ubique

1334 2986 1516 3030 locorum
1528 3012 1544 3036 ‚
1555 2986 1597 3028 δι
1610 2984 1790 3040 gentium
1808 2980 1999 3026 inviolate
2013 2980 2209 3039 perpetue
2222 2980 2298 3024 ob-

1332 3044 1482 3090 servari
1496 3052 1708 3099 procurent
1723 3072 1736 3084 .
1755 3041 1954 3086 Volumus
1968 3051 2105 3086 autem
2119 3068 2135 3094 ,
2166 3051 2210 3084 ut
2227 3053 2296 3084 ea·

1330 3104 1503 3149 rundem
1517 3101 1769 3159 presentium
1783 3100 2040 3156 transumptis
2070 3101 2192 3144 etiam
2217 3099 2295 3142 irn-

1333 3161 1487 3220 prcffis,
1504 3175 1621 3205 manu
1649 3158 1819 3219 alicujus
1846 3158 2006 3203 Notat-ii
2034 3157 2186 3216 publici
2199 3153 2294 3202 sub-

1333 3221 1488 3277 scriptis
1504 3249 1520 3274 ,
1549 3222 1588 3265 δι
1614 3218 1639 3264 fi
1672 3220 1745 3264 illo
1768 3216 1936 3275 alicujus
1963 3215 2137 3274 persona
2161 3215 2202 3259 in
2233 3214 2293 3259 di-

1336 3282 1493 3339 gnitate
1506 3278 1605 3324 Eccl
1684 3277 1775 3322 ilica
1794 3276 2016 3323 constitute
2027 3273 2212 3327 munitis,
2225 3289 2295 3318 ca·

1334 3342 1429 3384 dem
1454 3340 1615 3396 prorsus
1630 3335 1728 3383 fides
1750 3337 1894 3393 ubique
1907 3333 2145 3379 adhibeatur
2160 3359 2174 3383 ‚
2204 3346 2290 3390 quc

1332 3398 1420 3456 ipfis
1435 3395 1690 3456 presentibus
1715 3394 1977 3441 adhiberetur
1988 3389 2013 3436 st
2028 3390 2151 3436 client
2177 3392 2294 3436 exhi-

1335 3459 1425 3502 bita·
1439 3457 1504 3502 vel
1520 3454 1679 3502 ostense
1691 3484 1702 3497 .

1451 3515 1567 3562 Nulli
1610 3529 1709 3572 crgo
1737 3512 1901 3559 omnino
1927 3510 2131 3558 hominum
2163 3511 2289 3557 liceat

1336 3578 1439 3622 hanc
1453 3575 1637 3633 paginam
1651 3571 1870 3619 nostrarum
1880 3570 2208 3628 approbationis,
2226 3571 2291 3614 in·

1335 3634 1563 3681 novationis
1574 3661 1591 3688 ‚
1601 3632 1862 3677 decretorum
1875 3659 1890 3683 ,
1902 3628 2203 3679 declarationis,
2216 3642 2290 3673 vo-

1333 3695 1537 3739 luntatum
1549 3719 1564 3744 ,
1580 3689 1770 3748 precepti
1790 3715 1805 3738 s
1826 3688 2088 3735 conceffionis
2102 3718 2119 3742 ,
2143 3686 2289 3745 elargi-

1332 3754 1455 3798 tionis
1469 3750 1751 3801 ,relaxationis
1767 3750 1832 3799 ,δι
1847 3749 2028 3793 mandati
2046 3745 2283 3804 infringere,

1331 3810 1397 3856 vel
1413 3812 1451 3856 ci
1466 3809 1562 3854 ausu
1577 3810 1798 3855 temerario
1810 3809 2017 3854 contraire
2030 3835 2042 3851 ·
2063 3807 2103 3855 si
2117 3807 2206 3865 quis
2219 3818 2288 3850 au-

2147 3873 2229 3906 tcm
