2444 4192
886 105 1047 188 Sub
1110 106 1321 193 Sixto
1390 103 1488 190 V·

200 251 267 298 sed
280 260 366 293 cum
379 258 452 300 per
469 241 617 284 multos
642 236 792 282 menses
805 270 819 292 ,
852 254 895 286 ut
923 249 992 298 pio
1017 248 1148 290 studio

198 304 407 354 fitisfieret
420 330 436 352 ‚
462 302 501 340 ἃ.
514 300 673 341 Civium
688 299 727 339 δι
738 298 910 340 aliorum
924 304 1012 353 ,qui
1026 319 1074 346 ex
1087 305 1147 347 di-

195 365 308 412 ver-fis
326 360 509 417 partibus
526 357 787 400 accurrebant
801 379 816 402 ‚
837 356 1077 410 insepultum
1089 363 1147 416 ja.

192 420 357 472 cuisset,
385 431 465 461 non
480 415 755 472 computruit,
786 410 935 455 nullum
963 425 1147 462 tetrum„

195 480 361 526 odorem
375 477 498 519 emisit
515 489 527 518 :
546 476 634 519 lmo
648 473 743 517 veri>
757 483 899 526 eorpus
916 470 1147 529 illud,quod

192 538 332 583 vivens
349 533 522 591 Spiritus
536 532 665 578 Sanni
678 529 869 586 templum
885 526 1146 580 fuerat,odo·

191 610 276 641 rem
291 592 550 638 suaviffimum
562 587 721 636 efflabat
731 615 746 637 a
758 599 838 644 quo
851 600 986 630 omnes
1002 584 1145 629 mirifi-

191 653 241 700 ce
256 653 540 697 recreabantur
553 681 569 705 ,
597 649 664 707 qui
682 646 842 706 quidem
869 647 906 688 δι
919 645 960 688 in
980 645 1146 689 hodier-

192 726 289 758 num
305 715 426 770 usque
441 710 550 755 diem
560 722 610 752 ex
639 706 724 764 ejus
737 703 946 762 sepulchro
971 702 1144 748 suaviter

191 774 233 815 δι
246 771 423 825 iucunde
435 766 622 825 spii-anna
638 762 833 820 plerisque
851 764 945 820 saepe
960 762 1147 807 sentitur.

192 830 304 875 nlud
317 843 481 887 quoque
502 828 543 870 in
559 829 601 869 B.
609 825 693 868 Viri
708 833 874 867 mortuo
887 836 1061 878 corpore
1075 824 1150 866 mi-

191 901 283 932 rum
295 885 456 931 aceeffit
470 914 485 939 ,
503 883 612 941 quod
628 884 705 942 ejus
718 882 896 939 membra
908 882 950 925 δι
965 888 1075 925 artus
1093 880 1153 924 vi·

192 946 265 991 tali
286 947 420 990 calore
447 943 630 989 destituti
660 955 738 988 non
754 942 1017 996 obriguerunt
1033 969 1048 993 ,
1073 953 1152 983 nec

189 1005 280 1049 duri
293 1014 363 1049 aut
384 1003 505 1058 rigidi
518 1001 606 1045 sunt
619 999 748 1047 effecti
762 1030 777 1053 ,
800 1010 846 1044 ut
869 1002 1149 1045 cadaverum..

190 1064 351 1116 solent,
373 1062 441 1107 sed
460 1061 606 1105 molles
621 1069 737 1103 erant
762 1061 800 1103 &
825 1059 1018 1105 flexibiles
1051 1070 1151 1114 quo·

192 1137 347 1180 cunque
364 1127 627 1173 verterentur
640 1148 652 1161 .
683 1119 890 1176 roirca
915 1117 1150 1163 laudanda-2

192 1181 248 1224 est
261 1182 388 1237 pietas
410 1180 449 1220 &
463 1176 755 1232 magnificentia
782 1176 856 1220 cla·
869 1190 988 1220 mem.
999 1175 1152 1220 Henri-

191 1240 228 1283 ci
246 1242 264 1282 1
271 1240 321 1281 V.
334 1234 518 1281 Castellae
530 1235 651 1288 Regis
664 1235 749 1290 ,qui
765 1235 843 1279 una
856 1248 945 1277 cum
962 1234 1064 1277 Filia
1078 1245 1150 1287 pe·

191 1294 370 1340 riculose
396 1301 590 1349 aegrotans
604 1317 619 1340 ,
647 1293 688 1333 δε
718 1295 762 1334 Β·
792 1290 936 1335 Didaci
963 1290 1151 1346 precibus

190 1355 358 1401 sanitate
386 1347 603 1408 impetrati
621 1378 636 1403 ,
664 1348 799 1393 nobile
823 1346 1015 1394 sacellum
1048 1347 1154 1404 grati

189 1413 308 1459 animi
320 1411 377 1456 sui
391 1417 698 1463 monumentum
712 1407 892 1451 extruxit
912 1436 929 1461 ,
959 1407 1093 1466 ibique
1107 1408 1149 1450 in

192 1477 303 1520 Arca
317 1468 459 1516 ferreis
474 1466 628 1511 laminis
651 1465 871 1523 diligenter
900 1466 1148 1511 communita

195 1535 242 1576 Β.
259 1527 403 1576 Didaci
418 1539 566 1584 corpus
580 1524 773 1570 decenter
789 1523 955 1568 recondi
967 1524 1084 1579 iuffit:
1100 1523 1153 1566 ad

195 1589 306 1648 quod
321 1585 483 1644 quidem
493 1583 680 1629 sacellum
695 1612 709 1636 ,
739 1593 785 1628 ut
799 1583 951 1627 constat
966 1613 980 1636 ,
993 1599 1073 1628 non
1090 1581 1154 1624 so-

195 1650 278 1694 lum
299 1641 607 1698 complutenses
623 1644 732 1685 cives
748 1669 761 1693 ,
791 1641 856 1684 sed
883 1642 1000 1686 vicini
1025 1645 1063 1684 &
1088 1656 1157 1684 re-

195 1705 387 1751 motiores
402 1702 569 1759 Populi,
591 1708 712 1757 atque
725 1714 773 1743 ex
789 1700 895 1743 omni
911 1697 995 1744 sere
1010 1699 1154 1755 Hispa·

197 1764 262 1811 nia
284 1760 423 1807 fideles
441 1771 552 1805 tanta
570 1758 790 1804 devotione
803 1758 1047 1811 confluunt,
1071 1770 1157 1801 tam

199 1820 316 1867 multi
329 1820 436 1864 beati
448 1820 559 1865 illius
575 1819 666 1862 Viri
681 1831 800 1874 opem
812 1818 919 1875 apud
937 1820 1066 1863 Deum
1083 1819 1158 1860 im-

199 1880 361 1938 plorant
375 1905 391 1930 ,
404 1884 470 1920 tot
484 1878 539 1921 ibi
555 1876 702 1932 vigilie
718 1875 816 1920 fiunt
833 1906 850 1928 ,
883 1886 948 1920 tot
966 1874 1158 1921 sacrificia

189 1941 240 1982 -in
253 1934 396 1981 eodem
409 1933 492 1990 ejus
506 1933 657 1978 sacello
671 1934 942 1985 celebrantur,
958 1943 1040 1979 tam
1059 1935 1159 1976 mul-

202 2007 245 2042 ta
257 1993 476 2038 &illustria
490 1994 596 2036 dona
610 1993 698 2034 voti
719 1991 910 2035 reddendi
941 1991 1066 2047 gratia
1095 1989 1162 2032 of-

202 2056 389 2100 feruntur
400 2080 416 2105 ‚
431 2061 477 2096 ut
492 2052 571 2095 haec
586 2050 636 2094 de
648 2051 692 2094 Β.
707 2049 850 2095 Didaci
864 2047 1068 2094 sanctitate
1081 2062 1162 2092 non

202 2114 335 2170 exigui
349 2112 542 2167 temporis
556 2119 743 2165 tanquam
757 2107 926 2152 rumoris
942 2123 1036 2152 aura
1055 2138 1070 2161 ‚
1093 2105 1162 2151 sed

200 2185 273 2229 per
281 2182 406 2214 annos
417 2177 579 2212 centum
593 2167 788 2222 viginti&
800 2166 966 2220 amplius
979 2166 1161 2209 constans

201 2232 442 2284 &perpetua
457 2225 558 2268 sama
583 2225 624 2266 δι
641 2221 783 2278 opinio
797 2250 812 2274 ,
834 2222 1046 2279 tantusque
1067 2223 1162 2264 illo-

201 2299 292 2333 rum
304 2282 483 2328 fidelium
493 2282 674 2327 omnium
689 2294 878 2337 generum
896 2310 910 2334 ,
939 2282 1162 2326 omnium-2

202 2343 392 2391 ordinum
405 2339 615 2386 consensus
630 2339 760 2397 magni
774 2337 957 2395 profee'to
969 2370 985 2394 ,
1008 2342 1048 2382 &
1066 2340 1162 2382 illu-

202 2404 289 2448 stris
301 2400 515 2446 testimonii
530 2399 625 2443 loco
639 2398 842 2444 habendus
856 2400 900 2441 fit
915 2398 965 2443 ad
982 2402 1027 2444 B.
1037 2400 1163 2444 Dida·

204 2461 243 2511 ci
256 2460 546 2506 sanctimoniam
561 2457 901 2514 comprobandam
916 2488 929 2502 .

317 2520 607 2565 Verumtamen
621 2516 758 2560 multis
772 2530 933 2573 quoque
966 2518 1049 2572 post
1072 2517 1163 2560 obi-

203 2591 289 2627 tum
303 2576 586 2622 miraculisVir
597 2576 942 2620 commemorabili
956 2575 1162 2620 sanctitate

204 2636 392 2697 preditus
403 2634 549 2680 claruit
564 2661 578 2678 .
609 2636 717 2678 Nam
741 2639 781 2678 in
810 2636 906 2678 actis
934 2635 1162 2681 transmiffis

206 2704 370 2742 centum
384 2693 469 2736 fere
481 2694 520 2737 &
536 2691 705 2748 triginta
719 2693 913 2749 leguntur
925 2721 941 2746 ,
961 2698 1052 2739 Deo
1065 2722 1079 2745 ‚
1092 2693 1163 2752 qui

209 2752 463 2811 glorificatur
491 2751 531 2793 in
542 2751 736 2797 Concilio
754 2754 1015 2806 Sannorum,
1046 2753 1166 2810 (ignis

212 2809 456 2868 &prodigiis
473 2807 638 2852 testante
651 2835 666 2859 ,
689 2813 859 2853 Servum
876 2808 986 2854 suum
1010 2825 1089 2853 non
1105 2810 1166 2853 so-

215 2872 299 2916 lum
322 2879 505 2916 morum,
532 2864 599 2908 sed
626 2866 750 2909 etiam
774 2866 972 2923 lignorum
983 2869 1136 2912 virtute
1150 2897 1165 2920 ,

171 2980 177 2988 Ι
215 2943 288 2973 nec
324 2925 514 2983 operibus
547 2923 671 2968 modo
700 2924 858 2980 pietatis
889 2926 930 2971 in
961 2927 1043 2971 vita
1059 2956 1074 2980 ,
1103 2926 1169 2970 sed

216 2989 340 3031 etiam
360 2982 648 3028 miraculorum
678 2979 768 3025 luce
790 2984 876 3040 post
891 2996 1064 3030 mortem
1085 2985 1171 3029 cla-

219 3059 310 3090 rum
328 3046 366 3086 &
381 3041 661 3087 Venerabilem
672 3039 746 3085 effe
756 3072 772 3084 .

331 3104 471 3145 Duron
484 3099 678 3158 oppidum
693 3101 745 3144 est
760 3101 799 3142 in
815 3100 1003 3156 Hispania
1020 3102 1057 3145 in
1076 3103 1172 3158 Die-

220 3162 293 3208 cest
307 3160 529 3217 Seguntina
541 3185 556 3209 2
567 3172 614 3202 ex
626 3173 675 3202 eo
684 3160 904 3204 Catherina
920 3161 1084 3205 Martini
1095 3160 1179 3204 filia

220 3222 340 3278 uirgo
355 3233 475 3266 annos
488 3218 554 3261 xii.
564 3227 677 3270 nata,
691 3233 781 3262 cum
795 3229 887 3262 ante
898 3219 1052 3275 aliquot
1067 3233 1176 3262 men-

225 3277 282 3323 ses
293 3280 419 3324 subita
433 3278 472 3320 vi
489 3276 619 3321 morbi
635 3275 752 3321 surda
777 3279 817 3320 &¹
839 3287 947 3320 muta
974 3276 1176 3327 evafiffet,

189 3383 201 3392 ,
227 3336 396 3382 brachiis
410 3338 506 3382 item
520 3336 764 3393 pedibusque
787 3336 951 3393 paralyfi
980 3336 1176 3380 diffolutis

230 3395 410 3444 incedere
424 3397 633 3452 nequiret,
661 3396 710 3438 ad
726 3398 769 3437 Β.
788 3396 931 3439 Didaci
957 3394 1174 3440 sacellum„

229 3451 469 3505 dehtfficum
483 3454 536 3497 ibi
551 3454 911 3513 pervigilaret,ejus
924 3458 1027 3498 taeta
1042 3468 1175 3506 manu,

229 3513 268 3553 &
294 3511 333 3557 in
356 3512 497 3555 Cmeis
518 3510 690 3557 sormam
719 3515 942 3568 confignata
955 3543 972 3566 ,
1000 3512 1112 3555 illico
1135 3515 1175 3556 δι

230 3567 383 3636 &mlum
397 3564 546 3618 sensum
557 3602 576 3624 ,
593 3574 634 3614 δι
657 3572 846 3629 loquendi
858 3573 1093 3616 facultatem
1108 3586 1173 3615 re-

227 3635 335 3682 cepst
353 3629 719 3686 ’membrorumque
736 3633 806 3676 usu
824 3632 1011 3675 restituto
1024 3661 1039 3682 ,
1066 3640 1173 3674 toto.

224 3690 301 3743 ‘que
314 3697 485 3740 corpore
496 3688 733 3750 confirmato
743 3693 874 3740 libere
887 3693 965 3750 qua
979 3690 1097 3751 libuit
1113 3691 1177 3735 in-

1939 128 2091 205 301

1207 253 1314 294 ceffit
1327 280 1342 302 ,
1363 250 1529 293 laudans
1542 249 1582 287 &
1599 244 1843 288 benedicens
1866 250 2001 292 Deum
2013 282 2026 292 ,

1321 306 1565 348 Adolescens
1578 304 1740 357 quidam
1765 314 1852 344 erat
1880 318 2070 350 annorum
2088 312 2170 355 fei-’e

1207 363 1371 418 viginti,
1387 360 1566 402 Didacus
1582 359 1633 400 de
1648 361 1779 400 Lorca
1797 363 2039 414 appellatus,
2062 365 2167 409 filius

1208 419 1320 462 Petri
1335 416 1537 469 Goneales
1566 416 1641 455 viri
1669 416 1814 457 nobilis
1832 445 1845 467 ,
1873 419 1940 471 qui
1970 422 2058 461 Deo
2081 437 2172 474 per-

1205 476 1396 518 mittente
1410 501 1426 522 ,
1454 473 1504 513 ab
1520 472 1729 515 immundo
1757 474 1893 528 spiritu
1922 489 2048 517 annos
2061 491 2173 519 com-

1205 533 1340 587 plures
1368 532 1586 573 vexabatur
1607 530 1874 574 miserandum
1904 533 1944 574 in
1969 533 2135 576 modum
2154 562 2171 587 ,

1206 591 1261 632 ita
1273 599 1317 632 ut
1338 587 1473 643 saepius
1489 589 1693 633 interdum
1710 590 1750 632 in
1767 589 1835 634 die
1846 602 2030 646 arreptus
2041 619 2055 641 ,
2069 594 2107 634 δι
2120 593 2171 634 ad

1207 658 1360 692 terram
1386 646 1519 690 allisus
1533 676 1547 700 ,
1578 648 1793 692 horribiles
1816 650 2003 705 eorporis
2036 650 2165 704 gestus

1208 716 1372 762 ageret,
1387 708 1425 748 &
1441 707 1564 751 veluti
1582 718 1761 751 mortuus
1776 709 2092 767 relinqueretur,
2109 708 2174 750 hic

1209 766 1247 808 se
1260 768 1300 807 Β.
1320 766 1477 808 Didaco
1503 766 1713 810 humiliter
1729 767 2041 815 commendans,
2070 767 2110 808 δι
2137 766 2176 808 in

1212 823 1296 879 ejus
1309 823 1455 868 sacello
1469 823 1704 882 aliquandiu
1717 826 1931 884 invigilans
1944 827 1969 870 ὲ
1985 822 2178 868 miserabi-

1211 883 1242 928 li
1259 884 1471 926 vexatione
1487 884 1658 926 omnino
1671 886 1725 928 est
1741 886 1932 929 liberatus
1947 914 1960 926 .

1328 945 1440 986 Cum
1454 943 1678 986 Catharina
1692 942 1979 987 Bartholomaei
1995 942 2176 987 Sanchez

1210 1012 1336 1052 uxor,
1349 1001 1515 1058 expleto
1530 1003 1580 1044 ad
1600 1002 1832 1056 pariendum
1864 1015 2048 1058 tempore
2067 1030 2082 1054 ,
2111 1013 2177 1056 pa-

1211 1071 1300 1101 rere
1313 1073 1392 1102 non
1411 1059 1571 1116 posset(
1590 1063 1730 1105 Foetns
1746 1063 1904 1106 enimin
1919 1072 2040 1104 utero
2055 1056 2179 1102 trans-

1211 1115 1343 1161 versus
1359 1118 1530 1163 alterum
1553 1120 1839 1164 tantummodo
1869 1120 2015 1178 pedem
2028 1118 2181 1162 eduxe-

1212 1176 1312 1232 rat)
1333 1187 1541 1233 materque
1567 1177 1707 1222 misera
1732 1180 1781 1222 ab
1803 1194 1946 1224 aurora
1975 1179 2096 1232 usque
2127 1172 2179 1216 ad

1220 1234 1421 1291 vesperam
1435 1238 1475 1279 in
1493 1251 1543 1279 eo
1557 1238 1740 1281 cruciatu
1758 1252 2009 1294 permanens,
2023 1237 2063 1278 in
2075 1234 2181 1277 sum-

1216 1305 1284 1334 mo
1308 1293 1396 1335 vitae
1427 1294 1658 1339 discrimine
1686 1297 1912 1339 versaretur
1943 1324 1958 1347 ,
1987 1297 2027 1336 δι
2062 1290 2180 1347 plane

1214 1350 1579 1408 mortipropinqua
1596 1351 1691 1395 esset
1708 1382 1723 1404 ,
1752 1352 1886 1396 socrus
1903 1352 1991 1406 ejus
2020 1352 2180 1393 Maria..

1210 1408 1480 1461 Careia,uxor
1502 1412 1569 1465 Jo:
1584 1412 1758 1463 Garciae,
1776 1411 1928 1453 Incolae
1962 1409 2112 1466 Oppidi
2129 1408 2181 1450 de

1210 1466 1394 1510 Ambroz
1410 1470 1458 1512 B.
1472 1468 1560 1512 Viri
1575 1469 1613 1512 in
1627 1470 1809 1513 maximis
1825 1468 2012 1527 angustiis
2035 1481 2174 1511 recor-

1212 1523 1378 1575 data,ad
1392 1526 1478 1580 eius
1493 1541 1617 1584 opem
1630 1527 1836 1585 confugit3
1851 1530 1989 1586 itaque
2010 1526 2179 1570 frustum

1218 1581 1381 1627 amictus
1399 1587 1441 1627 Β.
1460 1585 1603 1630 Didaci
1619 1615 1634 1638 ‚
1649 1602 1867 1643 parumque
1882 1587 2060 1644 pulveris
2080 1586 2104 1629 ὲ
2120 1581 2180 1626 se-

1216 1641 1390 1700 pulchro
1421 1645 1533 1701 supra
1564 1646 1853 1700 parturientem
1880 1660 2025 1689 nurum
2051 1646 2160 1700 impo
2172 1665 2184 1675 ·

1219 1700 1298 1743 suit
1313 1731 1326 1752 ,
1337 1715 1422 1758 quae
1436 1705 1567 1748 lubito
1581 1714 1790 1747 mortuum
1808 1704 1951 1748 foetum
1977 1705 2104 1748 edidit
2119 1704 2182 1757 ip-

1217 1758 1255 1802 sa
1273 1759 1379 1804 salva
1394 1791 1406 1803 .
1420 1762 1566 1806 Mansit
1583 1774 1719 1805 autem
1737 1775 1897 1807 mortua
1912 1762 2085 1819 puellula
2109 1760 2183 1803 ali·

1216 1829 1317 1874 quot
1332 1821 1518 1863 horarum
1534 1820 1661 1874 spatio
1675 1849 1689 1870 ‚
1703 1820 1769 1864 sed
1785 1820 1961 1876 ejusdem
1990 1821 2077 1862 avia
2093 1822 2183 1861 Ma..

1220 1877 1278 1923 ria
1291 1876 1371 1934 jam
1394 1877 1516 1922 semel
1532 1879 1648 1922 Beati
1664 1880 1751 1923 Viri
1782 1893 1900 1935 opem
1915 1879 1953 1920 in
1967 1889 2097 1920 matre
2110 1890 2182 1918 ex-

1221 1946 1338 1992 perta
1352 1966 1368 1990 ,
1380 1952 1472 1981 eum
1489 1952 1563 1994 pro
1583 1938 1715 1992 neptis
1749 1939 1831 1980 vita
1859 1947 1976 1979 tanto
1991 1934 2183 1980 fidentius

1222 2005 1343 2035 orare
1360 2007 1443 2036 non
1457 1994 1663 2037 dubitavit
1678 1996 1815 2050 :quod
1830 2009 1924 2037 cum
1948 1995 2098 2038 devote
2121 1992 2183 2036 fe·

1223 2046 1336 2093 ciffet
1349 2078 1365 2102 ,
1395 2051 1571 2094 alterum
1585 2052 1703 2094 etiam
1716 2050 1958 2096 beneficium
1989 2053 2182 2108 impetra-

1225 2107 1284 2150 vit
1300 2110 1366 2161 ,&
1389 2109 1519 2163 puella
1533 2109 1642 2153 {acro
1659 2110 1844 2166 Baptismi
1873 2108 1986 2153 fonte
2018 2109 2154 2152 abluta
2167 2134 2183 2158 ,

1221 2168 1262 2208 &
1288 2168 1453 2222 geminae
1480 2169 1572 2211 vitae
1597 2183 1764 2213 munere
1780 2170 1909 2213 aneo
1934 2168 2081 2212 donata
2111 2167 2182 2211 diu

1223 2224 1358 2280 postea
1382 2226 1606 2280 supervixit
1624 2254 1639 2270 .

1338 2281 1449 2326 lllud
1466 2286 1727 2342 autem,quod
1752 2287 1791 2328 in
1819 2287 1946 2332 Maria
1958 2285 2065 2329 della
2080 2286 2188 2330 Pefi·

1222 2340 1315 2385 uela
1330 2370 1344 2392 ,
1358 2344 1471 2386 Petri
1503 2345 1737 2388 fernandez
1764 2344 2067 2400 Complutenfis
2083 2344 2183 2395 filia,

1222 2402 1295 2444 Dei
1313 2400 1489 2452 virtute,
1504 2419 1575 2461 per
1592 2406 1735 2447 merita
1767 2407 1809 2447 B.
1838 2404 1984 2446 Didaci
2014 2402 2186 2446 mirifice

1224 2459 1405 2505 effectum
1420 2462 1475 2505 est
1489 2489 1502 2511 ‚
1517 2473 1657 2506 notum
1673 2465 1712 2505 δι
1728 2463 1846 2505 valde
1863 2462 2186 2517 pervulgatum

1224 2521 1265 2564 in
1282 2517 1484 2576 Hispania,
1502 2522 1716 2578 multique,
1729 2522 1798 2578 qui
1816 2519 2075 2564 meminerint
2092 2547 2108 2570 ,
2120 2520 2186 2560 su·

1225 2576 1419 2633 perfunt.
1453 2582 1653 2624 Invaserat
1687 2581 1883 2636 virginem
1916 2578 2124 2621 horribilis
2146 2578 2186 2618 &

1226 2630 1515 2681 deformiffima
1547 2639 1734 2696 paralyfis
1747 2670 1761 2690 ,
1794 2647 1909 2682 tanta
1930 2651 2188 2680 nervorum

1224 2693 1480 2741 diffolutione
1501 2698 1827 2743 &membrorum
1850 2697 2082 2745 laxatione,
2095 2696 2188 2738 bra·

1225 2756 1327 2800 chiis
1342 2783 1357 2807 ,
1370 2757 1636 2814 cruribusque
1651 2757 1833 2800 distortis
1851 2785 1864 2807 ,
1894 2766 2066 2812 totoque
2092 2768 2188 2796 cor-

1225 2829 1323 2870 pore
1338 2815 1547 2864 convulso,
1561 2827 1606 2858 ut
1621 2830 1702 2858 non
1715 2815 1794 2871 jam
1808 2816 1975 2862 Mulier,
1988 2813 2051 2856 sed
2069 2817 2187 2856 Mon·

1228 2873 1352 2915 strum
1368 2872 1460 2917 effer
1472 2901 1486 2921 ,
1502 2875 1540 2915 &
1554 2873 1707 2916 Medici
1722 2872 1760 2914 se
1772 2872 1874 2914 nibil
1904 2886 2079 2926 unquam
2105 2871 2187 2912 tale

1230 2929 1367 2974 vidisse
1382 2930 1665 2987 profiterentur
1680 2944 1699 2983 ς,
1721 2928 1962 2972 accedebant
1978 2928 2108 2971 febres
2124 2941 2191 2969 ve-

1230 2992 1437 3033 hementes
1449 3017 1463 3038 ‚
1479 2992 1516 3031 δι
1530 2990 1666 3044 capitis
1682 2988 1845 3030 dolores
1866 2999 2053 3043 peracres
2077 2987 2117 3027 ἃ.
2129 2984 2188 3026 as-

1230 3048 1328 3091 sidui
1342 3048 1509 3103 ,quibus
1521 3047 1659 3092 misera
1672 3046 1896 3103 graviffime
1909 3044 2187 3089 afflictabatur:

1233 3122 1279 3151 ea
1294 3106 1416 3162 igitur
1428 3105 1478 3147 ad
1495 3108 1538 3147 Β.
1551 3105 1694 3149 Didaci
1706 3120 1857 3160 corpus
1870 3102 2000 3147 delata
2011 3130 2026 3153 ‚
2056 3116 2188 3144 cum„

1232 3166 1275 3210 in
1306 3163 1391 3213 eius
1421 3164 1692 3208 interceffione
1718 3165 1758 3206 ὃς
1786 3164 1862 3206 Dei
1881 3159 2186 3205 misericordia-2

1234 3221 1483 3272 confideret,
1497 3223 1539 3264 δι
1550 3221 1778 3280 suppliciter
1794 3228 1958 3271 oraret,
1974 3220 2059 3262 voti
2075 3231 2190 3261 com-

1234 3296 1310 3337 pos
1323 3309 1338 3330 ,
1363 3283 1413 3325 ab
1440 3281 1551 3324 omni
1578 3282 1648 3325 illa
1663 3282 1930 3325 membrorum
1948 3278 2186 3321 distortione

1234 3342 1274 3382 &
1293 3339 1605 3396 depravatione,
1628 3341 1820 3396 omnique
1835 3339 2010 3394 corporis
2025 3334 2189 3379 infirmi-

1236 3408 1322 3441 tate
1334 3399 1389 3442 est
1406 3398 1573 3442 liberata
1584 3413 1600 3453 3
1616 3414 1702 3455 quae
1717 3399 1818 3441 tanti
1832 3398 1988 3450 accepti
2003 3393 2189 3439 beneficii

1234 3458 1591 3513 noningrata‚Deo
1614 3458 1900 3511 Virginitatem
1926 3454 2032 3499 suam
2047 3455 2187 3501 vovit,

1232 3517 1273 3557 &
1297 3514 1494 3559 sacrarum
1510 3516 1724 3571 Virginum
1753 3515 1931 3572 collegio
1950 3514 2129 3569 adjuncta
2151 3512 2188 3552 in

1232 3574 1479 3617 Monasterio
1507 3575 1639 3617 Sancti
1663 3576 1823 3629 Joannis
1840 3602 1854 3624 ,
1885 3574 1994 3630 quod
2026 3575 2048 3618 ὲ
2063 3570 2190 3628 poeni-

1234 3632 1364 3676 tentia
1379 3632 1605 3677 nominatur
1622 3662 1637 3686 ,
1652 3633 1779 3676 sancte
1794 3635 1836 3675 δε
1851 3631 2043 3690 religiose
2066 3631 2187 3672 vitam

1235 3692 1348 3736 duxit
1364 3722 1375 3734 .

1322 3748 1328 3750 ’
1366 3750 1374 3753 “
2051 3739 2128 3786 Sed
