2444 4192
379 199 548 280 324

316 333 354 372 in
368 330 523 372 virtute
546 332 693 373 Sane'tae
714 326 988 377 Obedientiae,
1014 329 1052 370 δι
1081 326 1276 372 Γιώίηάἰό

321 390 524 489 {oggerius
536 392 689 438 nostrae,
701 403 746 430 ac
762 388 999 489 ξτίἔέιῑέἰῗξ
1011 388 1273 490 dignitati-m?

448 462 604 491 corum
682 463 701 490 ι·
728 462 776 488 eo
994 462 1079 489 rum
1133 461 1206 489 eor
1253 462 1280 490 o

319 507 566 565 incurrendis
594 462 728 563 paenis
741 533 754 554 ,
778 506 1044 560 praecipimus,
1056 462 1276 549 &⁵manga-

319 579 406 606 mus
420 594 435 616 ,
447 576 492 608 ut
504 565 617 622 juxta
634 566 865 621 praedic'tum
885 564 1096 608 decretum
1108 595 1123 617 ,
1153 566 1277 621 quili-

316 626 384 665 bet
402 622 576 680 ipsorum
597 623 843 674 Regularem
859 636 938 664 non
949 623 1152 668 subditum
1164 623 1278 679 Epis-

314 697 421 738 copo
434 712 450 734 ,
463 683 570 726 intra
588 682 756 724 claustra
773 681 991 736 degentem
1005 711 1020 735 ,
1041 685 1082 726 δι
1103 693 1216 726 extra
1231 698 1279 726 ea

313 746 369 783 ita
394 743 553 785 notorie
579 739 911 794 delinquentem,
934 751 980 784 ut
1005 741 1159 798 populo
1170 741 1279 784 scan-

314 799 409 845 dalo
422 800 466 842 fit
484 827 499 849 ,
520 797 722 856 Episcopo
736 798 923 850 inflante,
936 800 1043 844 intra
1058 812 1215 858 tempus
1230 802 1281 844 ab

312 858 511 914 Episcopo
536 855 851 915 praefigendum,
876 857 1015 903 severe
1039 860 1181 916 puniat
1196 889 1212 913 ,
1231 874 1278 902 ac

311 919 363 961 de
376 919 550 974 punione
566 916 812 972 Episcopum
825 917 1044 962 certiorem
1058 917 1178 962 saciat
1192 947 1207 971 ,
1235 920 1277 961 δι

308 977 403 1019 aliis
421 975 636 1019 decretum
648 971 776 1032 ipsum
794 976 835 1018 in
849 978 1035 1023 omnibus
1046 979 1088 1022 δι
1099 993 1171 1034 per
1183 991 1275 1020 om-

310 1037 374 1080 nia
387 1045 634 1092 exequatur.

422 1096 643 1145 Ceterum,
658 1092 683 1136 fi
695 1092 889 1148 Superior
903 1094 943 1138 in
962 1096 1205 1153 Regularem
1219 1093 1280 1135 di-

311 1157 560 1206 linquentem
586 1168 670 1197 non
693 1153 1060 1202 animadverterit,
1097 1154 1283 1210 quinimo

316 1216 340 1257 fi
368 1212 483 1256 illum
517 1212 758 1269 impunitum
787 1211 839 1254 ad
869 1212 951 1255 alia
979 1213 1142 1257 suorum
1154 1210 1283 1256 Ordi-

314 1286 411 1316 num
439 1272 527 1315 loca
543 1299 557 1322 ‚
589 1283 706 1315 extra
730 1269 921 1329 Episcopi
948 1271 1167 1315 Dioecefim
1190 1300 1205 1323 ,
1236 1279 1281 1313 ut

317 1331 527 1387 praesertur
541 1359 558 1382 ,
572 1328 833 1373 transmiserit
848 1359 865 1382 ,
883 1330 1068 1374 volumus
1081 1360 1096 1383 ,
1128 1332 1171 1372 δι
1181 1329 1283 1372 fimi·

315 1392 344 1432 li
365 1400 477 1431 motu
495 1417 509 1440 ,
537 1398 658 1444 atque
669 1387 914 1432 auetoritate
926 1389 1192 1433 decernimus
1205 1415 1221 1438 ‚
1237 1396 1284 1430 ut

318 1447 723 1504 Superior,inflante
739 1445 941 1503 Episcopo
964 1478 982 1500 ,
1008 1449 1114 1491 intra
1139 1447 1282 1490 termi-

319 1520 415 1549 num
431 1506 687 1562 abEpiscopo
701 1502 988 1560 prefigendum
1001 1536 1017 1559 ,
1041 1508 1082 1549 δι
1111 1504 1181 1549 sub
1204 1504 1279 1547 eis·

315 1566 410 1608 dem
443 1563 736 1618 indignationis
760 1564 902 1605 nostre
932 1593 947 1615 ,
970 1578 1018 1607 ac
1045 1562 1280 1618 privationis

316 1621 560 1679 dignitatum
576 1647 591 1669 ‚
604 1622 642 1661 δι
656 1618 884 1662 officiorum
897 1623 1177 1669 obtentorum,
1191 1632 1283 1660 nec·

312 1694 393 1725 non
406 1682 447 1720 δι
462 1675 800 1720 subinhabilitatis
813 1677 865 1719 ad
877 1676 1003 1731 illa,&
1017 1677 1094 1720 alia
1108 1676 1282 1735 inposte-

315 1751 406 1781 rum
419 1733 659 1786 obtinenda,
671 1747 717 1776 ac
734 1733 910 1780 ulterius
924 1737 1162 1793 privationis
1174 1736 1275 1779 aeti·

317 1811 374 1840 τε
398 1796 439 1838 δι
462 1794 614 1852 paflivae
628 1794 768 1844 vocis,
796 1795 846 1840 ad
859 1809 956 1852 quas
971 1798 996 1842 a
1007 1796 1171 1841 nemine
1185 1809 1282 1853 prae·

314 1866 500 1912 terquam
529 1852 551 1895 i
569 1852 727 1900 Nobis,
754 1852 792 1893 δι
821 1855 844 1896 ὁ
868 1857 1058 1899 Romano
1086 1854 1284 1899 Pontifice

315 1930 395 1973 pro
406 1925 588 1968 tempore
602 1909 795 1953 existente
808 1913 959 1956 restitui
973 1913 1088 1969 poflit
1101 1941 1116 1964 ,
1132 1912 1215 1970 ipso
1228 1911 1284 1955 fa-

317 1976 386 2016 eto
398 1970 580 2015 (imiliter
594 1970 847 2014 incurrendis
864 1974 997 2027 poenis
1011 1999 1027 2023 ,
1048 1974 1175 2029 ipsum
1199 1975 1283 2015 Re-

312 2032 495 2089 gularem
518 2026 823 2082 delinquentem
854 2032 879 2072 ὲ
909 2029 1005 2071 loco
1028 2057 1043 2081 ,
1082 2032 1132 2072 ad
1160 2044 1281 2085 quem

311 2085 550 2132 transmiffus
574 2084 678 2138 suit,
710 2096 938 2138 revocare,
961 2087 1054 2129 &in
1069 2102 1150 2145 quo
1170 2087 1275 2130 deli-

310 2149 416 2205 quit,
428 2143 687 2193 constituere,
700 2140 763 2185 seu
779 2144 909 2187 sistere
921 2155 1112 2189 teneatur
1124 2176 1135 2187 .
1151 2147 1277 2206 Qibd

313 2210 340 2251 sn
356 2209 432 2249 boc
449 2203 570 2247 etiarn
588 2199 723 2245 facere
744 2204 1039 2259 pretermiserit
1053 2232 1069 2255 ,
1092 2218 1162 2260 per
1180 2220 1279 2260 prae-

314 2267 442 2310 sentes
457 2262 636 2306 (imiliter
650 2260 855 2304 statuimus
866 2290 879 2312 ‚
897 2273 940 2305 ut
964 2263 1202 2306 ordinarius
1220 2265 1280 2307 lo-

314 2328 351 2369 ci
364 2351 378 2374 ‚
393 2322 444 2366 ad
458 2335 578 2379 quem
595 2319 811 2377 Regularis
825 2320 1063 2380 delinquens
1079 2322 1279 2366 transmiss

317 2384 378 2428 sus
393 2382 529 2431 suerit,
542 2379 659 2437 super
672 2380 871 2435 praemiffis
885 2380 937 2424 ab
962 2381 1049 2439 ipso
1060 2382 1283 2426 Ordinario

317 2443 422 2493 loci,
442 2441 482 2484 in
497 2454 579 2498 quo
606 2438 779 2495 deliquit
793 2470 809 2492 ,
836 2440 1017 2484 (imiliter
1042 2441 1253 2499 requifitus
1266 2469 1282 2494 ,

314 2501 380 2545 vel
395 2501 495 2543 aliia
508 2499 560 2543 de
572 2497 683 2541 illius
700 2498 848 2543 delicto
861 2499 1165 2555 informatuz‚ut
1209 2515 1281 2544 τε·

321 2565 452 2605 fertur
466 2585 481 2609 ,
508 2566 698 2612 tanquam
718 2556 831 2600 Sedis
858 2560 895 2601 A
927 2560 1103 2605 ostolicoe
1119 2560 1172 2604 de
1192 2574 1284 2617 ega·

321 2629 387 2663 ιω
402 2643 416 2666 ,
438 2613 670 2671 predictum
685 2616 863 2660 Concilii
913 2627 1098 2663 ecretum
1117 2620 1285 2663 omnino

325 2674 465 2731 exequi
483 2701 497 2726 ,
516 2672 557 2714 δι
572 2673 612 2716 in
628 2673 876 2729 Regularem
904 2676 1206 2734 delinquentem
1227 2674 1286 2720 se·

323 2735 421 2778 vere
440 2728 771 2776 animadvertere
783 2732 899 2788 poflit
912 2762 929 2787 ,
942 2736 982 2778 &
995 2735 1144 2779 debeat
1159 2764 1173 2779 .
1199 2737 1284 2779 De·

321 2800 534 2838 cernentes
548 2788 625 2843 fic,
636 2790 677 2832 δι
693 2802 771 2832 non
785 2791 906 2836 aliter
934 2807 1007 2850 per
1019 2794 1283 2852 quoscunque

318 2850 485 2911 judicer
508 2849 547 2891 δι
573 2846 875 2894 Οοωωίίῐιτίοι
889 2854 1028 2908 quavis
1041 2853 1281 2897 auctoritate

322 2911 536 2966 fungentes
548 2932 563 2956 ‚
585 2906 707 2950 ctiam
727 2906 909 2964 ejusdem
926 2913 1119 2957 Romane
1134 2910 1282 2956 Eccle-

323 2970 382 3014 sm
392 2964 631 3014 cardinales
643 2992 658 3016 ,
669 2966 709 3008 δι
723 2967 929 3013 causarum
950 2971 1095 3015 Palatii
1110 2971 1282 3027 Aposto-

323 3027 391 3073 lici
408 3025 633 3070 Auditorer
645 3051 661 3075 ‚
676 3024 832 3071 sublata
847 3029 905 3072 eia
916 3057 932 3081 ,
951 3031 992 3074 dr
1006 3045 1146 3076 eorum
1162 3029 1280 3074 cuili-

324 3090 391 3132 bet
403 3085 547 3141 quavis
558 3084 679 3129 aliter
693 3083 925 3141 judicandi,
951 3090 992 3134 δι
1007 3090 1279 3146 interpretan-

324 3147 366 3191 di
382 3144 576 3189 facultate
589 3172 605 3197 ‚
616 3144 657 3187 δι
668 3145 908 3192 auctoritate
919 3177 935 3202 ,
959 3149 1108 3208 ubique
1124 3148 1282 3206 judica·

325 3207 387 3258 ri,
403 3206 444 3247 dt
458 3200 805 3258 definiridcbere3
837 3207 997 3252 irritum
1023 3222 1213 3266 quoque,
1241 3208 1282 3251 ἀ

324 3266 438 3309 inane
448 3261 640 3320 quicquid
664 3261 776 3308 secut
798 3262 916 3323 super
944 3266 1039 3312 hina
1055 3281 1284 3326 quoquam,

326 3324 465 3381 quavis
479 3322 718 3367 annositate
733 3322 908 3371 scienter
923 3354 938 3378 ,
968 3326 1034 3371 vel
1051 3327 1285 3385 ignoranter

326 3382 547 3484 ainwa
570 3382 794 3486 egermi-
823 3385 1185 3491 Ngnndobilantibqa.
1197 3385 1286 3489 qai·

399 3456 556 3498 cunque
638 3456 655 3485 r
780 3458 822 3487 m
941 3459 1052 3490 inum
1067 3475 1083 3498 ‚
1099 3458 1148 3490 ve
1176 3460 1218 3491 tn
1254 3459 1286 3489 ι·

331 3510 515 3544 tutorum
527 3527 544 3552 ,
555 3501 679 3546 etiam
692 3499 921 3558 juramento
931 3531 949 3559 2
976 3502 1284 3549 confirmatione

328 3558 593 3628 Apostolicn‘,
620 3560 685 3605 vel
699 3564 842 3619 quavis
855 3562 1047 3609 firmitate
1066 3563 1145 3608 alia
1161 3564 1285 3610 robo-

329 3627 428 3686 utu
444 3616 626 3672 statutis,
654 3621 1088 3677 &consuetudinibuu
1117 3625 1288 3682 privile-

327 3676 403 3746 piu
418 3688 579 3743 quoque
594 3677 791 3733 indultis,
814 3686 853 3728 ει
868 3684 1013 3730 litteris
1039 3683 1284 3741 Apostolieit

325 3748 366 3780 ιι
390 3744 642 3780 eontrarium
669 3741 948 3793 ptaemifforum
973 3743 1285 3802 quomodolibet

315 3791 508 3840 conen&
519 3821 538 3846 2
549 3792 793 3844 confirmatis
808 3826 823 3851 ,
834 3803 875 3845 er
886 3803 1121 3860 approbati·
1135 3830 1151 3858 ,
1159 3816 1282 3850 cmc.

833 165 993 254 Sub
1057 163 1437 254 Clemente
1505 170 1601 258 V
1601 169 1645 256 I
1660 169 1699 255 l
1719 171 1773 260 l.

1333 328 1703 387 risque-contrariis
1718 330 2055 387 quibuscunque.
2085 331 2147 373 Ut
2171 331 2308 370 autem

1334 389 1546 445 praesentes
1564 391 1712 433 litterae
1728 391 1919 431 omnibus
1950 387 2177 444 supradietis
2192 387 2309 428 inno-

1339 447 1488 492 tescant
1504 475 1520 499 ,
1533 450 1766 491 mandamus
1781 448 1875 489 illas
1898 445 1949 487 ad
1978 447 2107 490 valvas
2123 444 2309 490 Ecclefiae

1337 510 1377 551 S.
1391 509 1551 564 Joaunis
1569 507 1848 552 Laterauenfis
1877 533 1893 554 ,
1920 505 1962 545 &
1992 505 2165 548 ssafilicae
2190 505 2311 547 Prin·-

1339 567 1440 623 cipis
1453 566 1734 624 Apostolorum
1749 566 1802 608 de
1819 562 1949 614 Urbe,
1961 576 2008 605 ac
2025 563 2065 603 in
2080 565 2167 606 acie
2180 567 2308 607 Cam·

1338 627 1379 682 pi
1394 628 1525 671 Florae
1538 626 1644 682 affigi
1657 652 1672 674 ,
1685 627 1724 667 δι
1740 622 1938 677 publicari
1958 632 1973 663 ε
1993 620 2309 678 νοΙυωυΓςυιι

1339 687 1426 742 post
1440 686 1668 742 quindecim
1684 684 1771 727 dies
1787 709 1803 732 ,
1827 694 1894 724 eos
1908 708 1924 732 ,
1940 679 2060 735 quiin
2075 679 2187 722 Urbe
2200 679 2309 732 sunt,

1339 746 1407 800 qui
1426 746 1526 788 vero
1540 756 1657 788 extra
1680 756 1771 785 eam
1785 770 1801 795 ,
1814 741 1853 782 δι
1868 738 1970 782 citra
1986 747 2145 780 montes
2155 765 2172 790 ,
2201 739 2309 780 intra

1341 815 1516 859 quatuor
1530 833 1545 855 ,
1577 802 1645 859 qui
1661 803 1822 845 demum
1849 798 1956 840 ultra
1987 807 2144 840 montes
2158 805 2280 839 erunt
2293 821 2309 846 ,

1339 862 1446 905 intra
1474 864 1569 904 0610
1590 858 1769 910 menses,
1799 858 1821 902 εὶ
1849 856 1916 900 die
1931 854 2218 912 publicationis
2233 855 2310 898 hu·

1334 919 1507 978 jusmodi
1527 919 1828 976 computandos
1840 942 1855 965 a
1882 915 2051 972 perinde
2065 913 2226 958 afficere
2241 942 2255 964 ,
2267 913 2309 956 δι

1335 983 1488 1022 arctare
1500 1006 1514 1026 ,
1545 992 1590 1020 ac
1605 978 1629 1020 fi
1644 992 1786 1022 eorum
1803 973 2018 1031 uuicuique
2039 971 2309 1031 personaliter

1343 1039 1536 1079 intimatae
1551 1035 1708 1078 fuiss'ent
1725 1065 1742 1088 ,
1754 1051 1801 1079 ac
1816 1033 2036 1078 earundem
2058 1031 2310 1089 praesentium

1341 1096 1573 1139 litrerarum
1589 1094 1785 1151 exemplis
1799 1123 1813 1145 ‚
1829 1094 1951 1137 etiam
1967 1089 2160 1148 impreffis
2174 1116 2189 1140 2
2221 1103 2309 1132 ma·

1343 1169 1394 1198 nu
1412 1154 1579 1198 Notarii
1595 1154 1751 1210 publici
1764 1152 1971 1210 suscriptis
1983 1180 1998 1205 ,
2022 1152 2063 1194 ἃ.
2076 1149 2209 1207 figillo
2224 1162 2310 1206 per.

1343 1213 1443 1257 sonae
1474 1215 1515 1257 in
1551 1213 1829 1257 Ecclefiastica
1852 1214 2056 1268 dignitate
2083 1207 2312 1253 constituto

1340 1273 1560 1329 obsignatis
1570 1301 1586 1323 ,
1609 1273 1784 1317 eandem
1799 1270 1919 1315 fidem
1934 1270 1972 1313 in
1985 1268 2145 1327 judicio
2156 1294 2171 1318 ‚
2186 1269 2227 1310 δι
2239 1281 2310 1310 ex-

1339 1343 1406 1375 tra
1420 1332 1522 1374 illud
1542 1331 1687 1374 haberi
1700 1359 1716 1383 ,
1747 1344 1831 1387 quae
1862 1329 1949 1384 ipfis
1963 1327 2218 1386 presentibus
2234 1327 2310 1370 ha-

1340 1391 1504 1435 beretur
1516 1419 1532 1440 ,
1547 1390 1574 1431 fi
1591 1388 1727 1434 forent
1741 1389 1929 1432 exhibitae
1942 1387 2005 1430 vel
2018 1385 2195 1430 ossensae.

1457 1448 1575 1493 Nulli
1599 1464 1700 1505 ergo
1738 1448 1908 1490 omnino
1939 1447 2147 1490 hominum
2179 1443 2305 1487 liceat

1342 1508 1444 1549 hanc
1461 1507 1648 1563 paginam
1665 1506 1888 1548 nostrorum
1902 1502 2095 1560 precepti
2109 1531 2124 1554 ,
2139 1502 2312 1546 manda·

1341 1564 1402 1615 ti,
1420 1563 1643 1604 voluntatis
1658 1591 1671 1614 ,
1695 1563 1880 1613 decreti,
1896 1564 1937 1605 δι
1961 1559 2099 1606 statuti
2117 1559 2310 1617 infringe·

1342 1633 1387 1664 re
1401 1647 1416 1672 ,
1429 1621 1492 1664 vel
1515 1621 1552 1664 ei
1565 1619 1657 1663 ausu
1670 1619 1894 1664 temerario
1903 1618 2109 1665 contraire
2123 1648 2136 1663 .
2153 1619 2196 1665 si
2221 1619 2310 1677 quis

1342 1689 1476 1724 autem
1492 1681 1571 1723 hoc
1584 1689 1788 1724 attentare
1800 1678 2106 1736 presumpserit,
2120 1677 2310 1735 indigna-

1341 1739 1496 1783 tionem
1521 1740 1830 1796 Omnipotentis
1848 1738 1956 1791 Dei,
1978 1752 2026 1783 ac
2053 1739 2308 1783 Beatorurn..

1342 1798 1482 1849 Petri,
1501 1799 1541 1841 &
1567 1799 1682 1842 Pauli
1708 1797 2001 1857 Apostolorum
2025 1794 2112 1855 ejus
2130 1793 2171 1838 se
2185 1809 2309 1840 nove-

1341 1858 1395 1902 rit
1419 1854 1670 1902 incursurum
1683 1886 1700 1902 0

1461 1919 1615 1960 Datum
1643 1919 1785 1960 Romae
1815 1914 1921 1972 apud
1937 1916 2124 1958 Sanctum
2144 1917 2310 1959 Petrum

1340 1978 1463 2019 Anno
1487 1975 1790 2018 incarnationis
1815 1973 2064 2025 Dominicae,
2096 1972 2308 2017 millesimo

1339 2032 1662 2089 quingentefimo
1675 2032 1933 2089 nonagefimo
1946 2033 2092 2088 quinto
2109 2061 2125 2085 ,
2137 2031 2309 2090 septimo

1341 2092 1542 2137 Kalendas
1557 2093 1695 2136 Martii
1712 2122 1730 2145 ,
1759 2089 2030 2137 Ponuficatfis
2048 2091 2177 2137 nostri
2189 2095 2310 2141 Anno

1338 2153 1500 2210 Quinto
1513 2180 1525 2193 .

1398 2267 1611 2324 Exemplar
1639 2271 1771 2313 Rome
1794 2266 2022 2326 lupraffinn
2047 2268 2090 2311 in
2109 2269 2228 2312 Arcb.
2235 2280 2306 2325 ge·

1456 2326 1587 2372 netuli
1601 2329 1896 2373 ord-Armeno
1911 2327 2160 2372 Authentica
2175 2356 2190 2371 .

1345 2568 1437 2616 Pro
1458 2564 1764 2636 Regularium
1783 2578 1880 2615 tam
1908 2564 2278 2616 Mendicantium
2291 2597 2308 2623 ,

1420 2636 1560 2702 quim
1588 2650 1681 2685 non
1698 2634 2069 2686 Mendicantium
2088 2632 2310 2686 reforma·

1417 2723 1465 2755 re
1479 2710 1662 2757 Statura
1677 2704 1752 2756 seu
1770 2708 1967 2756 Decreta
1982 2706 2142 2756 condit
2152 2741 2166 2755 .

1356 2847 1766 2898 CLEMENS
1819 2848 2044 2899 PAPA
2097 2848 2295 2902 vlu.

1502 2974 1806 3032 Adperpeeum
1819 2972 1882 3019 rei
1893 2974 2125 3020 moriana
2136 2998 2150 3015 .

1346 3102 1382 3134 1-
1402 3094 1517 3207 N
1531 3092 1653 3140 Ullus
1679 3093 1850 3162 omnino
1872 3100 2065 3150 pretextu
2095 3089 2306 3161 cujuscun-

1343 3212 1465 3254 etiam
1479 3151 2307 3267 Gaii-'tal'a’ii'irgetgsgiviet‘iostgliedii'z'etgigr3

1344 3280 1413 3314 tur
1442 3269 1660 3325 immunis,
1686 3270 1756 3317 nifi
1780 3284 1857 3331 pro
1884 3279 2097 3326 tempore,
2122 3269 2306 3328 quoquir

1345 3329 1387 3375 in
1416 3332 1569 3390 proprii
1593 3330 1718 3378 officii
1744 3341 1911 3378 munere
1934 3329 2026 3375 aau
2038 3327 2162 3374 suerit
2186 3343 2309 3374 occu-

1347 3399 1465 3449 patur
1481 3419 1495 3434 .
1505 3394 1613 3437 Cum
1628 3389 1861 3438 Lectoribua
1873 3397 2012 3433 autem
2026 3416 2042 3442 ,
2054 3389 2091 3433 δι
2110 3387 2307 3433 Proedica·

1346 3450 1508 3495 toribuu
1522 3451 1755 3510 Superiores
1774 3448 1821 3496 iit
1844 3447 2002 3495 tantum
2020 3446 2158 3493 diebus
2171 3476 2187 3501 ,
2216 3448 2305 3507 qui·

1346 3511 1419 3555 bur
1434 3524 1506 3554 cot
1526 3509 1683 3570 legere,
1713 3518 1787 3556 aut
1924 3508 2028 3551 icare
2059 3505 2305 3565 contigerit,

1342 3567 1573 3627 dispensare
1602 3569 1775 3628 poffinn
1827 3566 1922 3611 dem
1948 3580 2110 3625 quoque
2122 3567 2303 3625 prestare

1345 3628 1506 3675 valeant
1537 3642 1632 3675 cum
1643 3627 1828 3687 egrotis,
1853 3626 2126 3671 &studiorum
2153 3626 2302 3671 causa..

1343 3688 1526 3747 legitime
1537 3685 1744 3745 impedltlt
1758 3716 1770 3730 .
1786 3688 1832 3731 ln
1844 3700 1915 3731 cot
1937 3687 2038 3732 vero
2052 3714 2068 3740 ,
2082 3685 2150 3745 qui
2172 3684 2303 3743 negli-

1344 3757 1512 3805 gentes,
1540 3756 1609 3790 aut
1633 3746 1909 3792 inobedienter
1935 3743 2111 3797 suerint,
2140 3742 2301 3791 salutari

1342 3805 1585 3864 poenitentia
1624 3806 1861 3865 Superiores
1884 3805 2213 3852 animadvertant
2247 3801 2299 3846 ad

2138 3875 2241 3921 pra·-
