2444 4192
393 131 561 238 276

335 307 557 350 eorumque
584 292 670 349 jura
691 293 731 334 δι
743 290 886 334 titulos
900 320 916 343 ,
929 307 975 336 ac
992 294 1239 338 stutentiaru
1252 309 1293 337 m

335 352 502 408 desuper
513 350 640 395 forsan
669 351 843 392 latarum
853 376 869 399 ,
882 365 1041 396 necnon
1060 353 1292 398 transaEtio-

333 425 430 454 num
443 436 459 459 ‚
490 410 569 454 five
596 409 918 453 conventionum
945 412 1052 457 inter
1079 427 1152 457 eos
1179 415 1300 456 inita·

330 483 423 512 rum
434 496 450 519 ,
465 484 511 511 ac
526 469 896 522 instrumentorum,
907 469 1158 531 aliarumque
1172 474 1296 528 scrip-

327 538 513 573 turarum
537 528 707 582 desuper
731 527 1045 584 quomodolibet
1074 529 1297 575 conse-sta-

329 600 444 641 rnm,
465 590 504 630 δι
522 587 615 629 inde
628 586 857 629 secutorum
870 601 1217 646 quorumcumque
1232 600 1293 633 te-

327 660 451 690 nores
479 646 730 703 praeientibus
753 658 828 702 pro
854 647 1041 703 expreffis
1070 649 1261 692 habentes
1279 675 1295 700 2

324 718 444 749 motu
457 705 624 761 proprio
634 730 651 753 ,
668 718 749 746 non
761 703 812 747 a‘d
837 705 1007 762 alicujus
1031 723 1108 764 pro
1122 708 1178 750 eis
1201 710 1288 750 No·

324 764 385 806 bis
399 764 514 819 super
538 765 617 805 hoc
629 762 778 807 oblato
791 764 1007 819 petitionis
1036 766 1263 810 instantiam
1280 793 1294 817 ,

323 821 389 864 sed
406 824 460 864 de
473 835 586 865 mera
598 821 908 876 deliberatione,
922 826 963 868 δι
972 838 1025 868 ex
1033 835 1148 868 certa
1161 825 1293 866 scien-

320 883 375 922 tia
396 880 529 923 nostra
541 909 556 932 ,
569 894 711 931 omnes
731 881 827 926 'lites
836 912 853 934 ,
866 883 998 927 causas
1010 913 1025 936 ‚
1040 894 1288 926 controver-

322 939 393 981 fias
403 968 417 991 ‚
429 941 470 981 8ι
483 939 741 997 questionum
755 942 945 987 materias
958 971 974 994 ,
986 942 1100 999 super
1114 941 1288 996 praemis·

318 1000 364 1041 fis
377 1027 393 1049 ,
423 1000 461 1040 δι
474 1013 616 1043 eorum
627 1001 837 1045 occasione
860 1001 967 1043 inter
998 1004 1158 1044 Fratres
1175 1028 1191 1051 ,
1219 998 1288 1041 seu

317 1059 440 1101 etiam
466 1057 665 1102 Moniales
686 1060 864 1115 prefatas
887 1073 940 1103 ex
953 1073 1029 1102 nna
1046 1086 1062 1110 ,
1089 1071 1283 1102 necnon-2

316 1115 541 1174 Episcopos
569 1119 610 1160 δι
633 1118 822 1162 locorum
835 1117 1075 1163 Ordinarios
1089 1144 1104 1167 a
1134 1130 1180 1159 ac
1199 1118 1287 1158 Ca-

317 1176 485 1219 nonicos
499 1204 514 1228 ,
539 1175 618 1220 five
636 1175 895 1232 capitulares
918 1178 1132 1234 personas,
1153 1177 1282 1220 Paro-

312 1235 504 1278 cbialium
519 1235 982 1280 EceleiiarumRessores
988 1236 1043 1288 ,δι
1054 1235 1151 1278 alias
1162 1231 1266 1291 quas
1262 1256 1280 1268 ·

314 1308 486 1350 cumque
500 1294 685 1350 personas
717 1295 1010 1339 Ecclefiasticas
1026 1322 1042 1346 ,
1063 1292 1278 1338 &sacula-

313 1366 380 1395 res
396 1350 594 1409 prefatas,
602 1354 786 1410 partibus
798 1368 847 1398 ex
863 1354 1010 1405 altera,
1021 1366 1160 1396 coram
1172 1365 1279 1410 quo-

308 1412 663 1514 {ffiatissdka’
674 1412 959 1515 {ffirsssszss'j'
969 1412 1280 1514 '‘2¹2{{{1¹J”}.0⁸d‘12

565 1501 583 1523 0
958 1498 976 1524 2

307 1528 550 1582 Apostolicae
570 1528 623 1572 de
635 1530 766 1572 latere
786 1531 949 1584 Legatis
964 1556 980 1579 ,
1003 1543 1050 1569 ac
1065 1527 1280 1580 vicelega-

304 1586 362 1627 tia
373 1614 389 1635 ,
402 1600 449 1627 ac
460 1586 583 1628 etiam
605 1587 654 1628 ab
667 1588 808 1629 eadem
835 1586 942 1629 Sede
968 1584 1155 1637 Delegati
1161 1596 1179 1626 s
1192 1611 1208 1636 ,
1237 1585 1279 1625 δε

305 1643 590 1698 subdelegatis
602 1669 617 1691 ‚
635 1657 687 1685 ac
703 1645 791 1687 aliis
803 1642 1026 1698 quibusvis,
1038 1643 1162 1685 etiam
1176 1643 1277 1686 s.R.

303 1702 492 1745 Ecclefiae
504 1700 807 1750 Cardinalibus‚
817 1703 859 1744 &
874 1702 985 1745 Sacri
997 1701 1142 1744 Palatii
1163 1704 1278 1756 Apo·

303 1758 435 1804 stolici
460 1759 669 1804 causarum
688 1761 962 1806 Auditoribus
981 1789 996 1812 ,
1017 1760 1278 1817 quomodoli-

302 1820 374 1863 bet
405 1820 447 1863 in
471 1821 599 1874 prima
612 1847 627 1870 ‚
652 1814 720 1865 l'eu
739 1819 823 1868 alia
836 1832 1096 1876 quacumque
1110 1847 1126 1870 ‚
1155 1820 1281 1864 etiam

300 1874 438 1919 forsan
465 1877 653 1921 ulteriori
691 1878 876 1922 instantia
902 1878 1159 1923 introductas
1183 1907 1199 1931 ,
1230 1878 1273 1920 δι

300 1936 434 1979 adbuc
453 1934 580 1978 forsan
593 1938 817 1992 pendentes
827 1966 843 1988 ,
868 1939 993 1981 etiam
1021 1936 1154 1980 forsan
1164 1936 1192 1980 fi
1208 1937 1230 1977 s
1224 1950 1271 1979 u-

296 2009 371 2050 per
386 1995 467 2037 illis
481 1996 603 2037 etiam
618 2006 763 2037 contra
775 1995 905 2037 dictos
929 1998 1109 2046 Fratres,
1119 1996 1160 2036 δι
1174 1997 1285 2036 Mon

296 2053 425 2097 males
438 2066 510 2108 per
521 2066 639 2094 unam
650 2080 667 2104 ,
685 2053 751 2095 vel
768 2052 908 2108 plures
925 2053 1141 2095 sententias
1154 2050 1266 2108 judi-

297 2123 433 2155 catum
443 2137 460 2160 ‚
471 2110 513 2153 δι
528 2112 636 2155 inter
655 2109 756 2169 ipsas
770 2122 910 2168 partes
936 2111 1231 2155 concordatum
1243 2138 1271 2163 ‚-

296 2169 380 2213 five
410 2168 652 2214 transactum
674 2170 846 2227 desuper
861 2170 987 2214 suerit
1000 2199 1015 2223 ‚
1027 2169 1266 2226 Apostoliea

294 2231 553 2279 auctoritate,
568 2239 713 2274 tenore
725 2228 979 2287 presentium
991 2227 1042 2271 ad
1061 2232 1151 2272 Nos
1163 2241 1262 2271 avo·

292 2302 455 2341 camus,
469 2302 598 2345 eaque
618 2289 754 2332 omnia
774 2291 815 2332 δι
829 2286 979 2344 iingula
994 2284 1184 2332 caffamus
1196 2288 1264 2335 a&

290 2347 564 2404 extinguimus
577 2376 594 2400 ‚
621 2362 670 2391 ac
694 2362 772 2404 pro
790 2346 902 2391 caffis
914 2374 931 2398 ‚
955 2349 995 2390 &
1010 2349 1169 2407 penitus
1187 2360 1262 2390 ex·

289 2409 422 2451 tionis
437 2407 578 2450 baberi
595 2405 782 2450 volumus
796 2434 812 2459 ‚
824 2407 866 2449 δι
885 2404 1140 2451 declaramus
1153 2432 1169 2457 ,
1185 2404 1261 2450 eis·

288 2467 461 2522 demque
477 2464 704 2520 Episcopia,
718 2463 905 2508 locorum
920 2464 1168 2516 Ordinariis,
1182 2465 1262 2508 Vi-

288 2524 410 2567 cariis
424 2548 440 2570 ‚
455 2523 673 2567 canonicis
688 2552 702 2573 .
712 2522 1017 2578 Capitularibus
1049 2523 1229 2580 personis
1240 2547 1257 2572 ,

288 2593 451 2625 necnon
480 2580 779 2625 parochialium
801 2580 1070 2626 Ecclefiarum
1100 2582 1258 2625 Resto-

289 2642 403 2684 ribus
418 2666 436 2690 ,
449 2638 492 2681 δι
503 2640 657 2683 ceteris
672 2638 851 2695 personis
869 2638 1183 2692 Eccleiiailicia,
1214 2639 1256 2682 δι

287 2696 555 2744 secularibus
582 2697 755 2754 desuper
778 2708 1022 2756 perpetuum
1053 2696 1254 2743 iilentium

289 2756 534 2815 imponimus
548 2785 562 2798 .
1204 2798 1210 2804 .

405 2818 580 2858 Necnon
611 2815 746 2859 omnia
770 2818 812 2861 δι
833 2815 983 2874 ringula
1009 2815 1223 2873 privilegia
1237 2841 1253 2867 ‚

286 2874 443 2918 indulta
452 2901 467 2926 ,
478 2872 747 2919 concelliones
761 2902 776 2927 ,
789 2874 1072 2932 iiippreffiones
1082 2901 1099 2926 2
1117 2886 1185 2919 ext
1193 2877 1251 2919 in·

287 2935 443 2976 aiones
460 2960 475 2984 ,
487 2933 658 2976 uniones
669 2961 685 2984 ‚
713 2933 1064 2991 incorporationes
1077 2962 1093 2988 ,
1122 2933 1252 2992 appli-

284 2993 465 3036 cationes
481 3019 496 3043 ,
526 2991 800 3037 immunitates
811 3020 830 3047 ‚
861 2994 1143 3050 exemptiones
1155 3019 1170 3043 ,
1203 2993 1250 3037 li·

283 3054 487 3102 bertates,
514 3052 820 3109 prerogativa,
846 3049 1039 3103 satores,
1059 3064 1248 3098 commu-

280 3112 385 3153 nicat
394 3109 857 3167 ionemndulgentiasstt
869 3112 965 3157 alias
975 3109 1247 3170 quascumque

282 3171 431 3225 gratias
460 3168 573 3212 disto
596 3171 746 3214 ordini
780 3172 967 3214 Fratrum
1002 3170 1247 3216 predicato-

280 3241 366 3270 rum
383 3257 398 3279 ‚
420 3231 459 3271 ει
473 3226 650 3284 ejusdem
672 3243 752 3297 pro
772 3238 958 3299 ternpore
985 3229 1246 3275 existentibus

281 3287 476 3341 Magistro
490 3286 687 3332 Genea-alt
699 3315 715 3341 ‚
743 3288 1086 3341 monachilibus,
1115 3293 1245 3348 Supe-

282 3360 295 3386 r
305 3347 454 3389 ioribor
463 3372 478 3395 ‚
496 3347 701 3392 Fratribm
714 3374 729 3400 ,
739 3349 782 3391 ἅ
794 3347 1036 3392 Monialibus
1051 3341 1244 3406 prefatis,

279 3406 515 3449 corumdem
531 3406 730 3451 Dentibus
742 3432 758 3458 0
772 3407 1055 3453 Conventibus
1067 3432 1083 3457 φ
1099 3410 1241 3453 Mona-

278 3462 402 3505 neruis
414 3492 428 3514 ‚
445 3465 631 3509 Ecclestis
642 3491 659 3515 ‚
671 3466 713 3510 ἅ
726 3464 828 3510 locis
837 3494 854 3519 ‚
865 3479 911 3510 ac
926 3467 1122 3510 membris
1137 3494 1151 3518 .
1166 3481 1241 3510 co·

278 3519 384 3564 lonu
397 3549 411 3572 ‚
425 3522 688 3568 servitoribus
699 3551 714 3575 ‚
729 3526 1061 3583 procuratoribus
1077 3553 1093 3578 ‚
1120 3538 1239 3570 οπο·

277 3581 407 3646 ΜῘ*
421 3608 436 3631 ι
450 3595 492 3623 ⁸⁶
508 3581 597 3625 ⁸lii⁸
613 3583 790 3639 personia
802 3583 1123 3653 quibuscumque
1137 3583 1237 3630 dieti

276 3636 446 3681 Ordinis
463 3639 663 3694 Regulam
677 3642 989 3697 profitentibus,
1012 3655 1135 3688 etiam
1158 3644 1236 3690 ob-

278 3697 396 3747 latis,
407 3698 448 3740 Gt
463 3698 594 3741 Tertii
623 3700 792 3744 Habitus
820 3702 1066 3747 Monialibus
1083 3717 1240 3748 nuncu·

274 3753 767 3815 patis,perquoscutnquc
787 3762 991 3805 Romanos
1018 3759 1234 3808 Pontifices

940 133 1100 222 Sub
1166 134 1239 224 S.
1312 135 1449 221 Pio
1518 136 1616 224 V,

1356 292 1662 338 Praedeceffores
1677 293 1828 338 nostros
1841 322 1856 344 ‚
1867 307 1914 335 ac
1930 296 2017 336 Nos
2033 322 2048 346 ,
2075 296 2115 337 &
2143 292 2327 337 Sedem.)

1356 353 1559 410 praesatam
1571 382 1589 405 ,
1618 367 1664 396 ac
1692 354 1804 396 dietae
1819 352 1933 394 sedis
1950 355 2128 408 Legatos
2161 383 2176 405 ,
2204 354 2329 395 Vice-

1359 413 1516 468 legatos
1531 442 1547 464 ,
1563 412 1783 468 Episcopos
1799 439 1813 463 ‚
1843 410 2028 453 locorum
2058 411 2297 455 Ordinatios
2311 439 2327 461 ,

1357 473 1399 514 &
1422 468 1688 529 quascumque
1709 471 1801 513 alias
1822 469 2034 523 personas,
2062 469 2132 513 sub
2164 467 2325 527 quibus·

1355 543 1532 587 cumque
1561 529 1767 573 tenoribus
1793 530 1833 569 δι
1854 524 1993 568 formis
2011 556 2026 579 ,
2053 541 2100 570 ac
2127 544 2220 573 cum
2239 527 2330 584 qui-

1352 589 1486 633 busvis
1500 589 1624 632 etiam
1644 585 1994 644 derogatoriarum
2025 585 2294 642 derogatoriis
2307 614 2323 638 ,

1355 647 1521 706 aliisque
1536 646 1739 704 quibusvis
1765 643 1951 688 clausulis
1966 668 1980 691 2
1994 643 2173 696 staturis,
2196 646 2319 689 etiam

1352 708 1603 750 irritantibus
1616 705 1792 749 decretis
1806 732 1821 754 ‚
1853 703 2042 744 haetenus
2056 703 2317 758 quomodoli-

1356 766 1423 807 bet
1438 764 1616 808 conceiia
1627 792 1643 816 ,
1661 763 1880 820 approbata
1894 786 1908 808 ,
1923 763 1961 802 ἃ
1980 762 2180 803 innovata
2193 789 2209 813 ‚
2222 760 2318 802 lite-

1354 824 1494 879 rasque
1519 821 1686 878 desuper
1702 833 1783 864 tam
1797 820 1865 862 sub
1893 819 2084 874 plumbo,
2105 824 2227 877 quam
2244 820 2318 863 in.»

1349 882 1479 925 forma
1493 882 1631 925 Brevis
1644 911 1659 932 ,
1679 882 1715 922 &
1732 880 1830 922 aliis
1847 879 2165 933 quomodolibet
2179 874 2322 922 confe-

1347 943 1429 982 etas
1443 942 1511 992 ,δι
1529 940 1735 994 expeditas
1750 965 1766 989 ‚
1788 951 1837 980 ac
1866 947 1990 989 prout
2015 951 2062 981 ea
2082 938 2216 981 omnia
2233 963 2248 986 a
2277 937 2318 979 &

1348 998 1500 1054 lingula
1513 1012 1586 1053 per
1599 997 1764 1040 eosdem
1778 991 2091 1040 Praedeceffores
2102 1024 2118 1048 ,
2132 1010 2179 1039 ac
2197 1000 2283 1040 Nos
2299 1021 2317 1047 ‚

1345 1057 1386 1098 δι
1399 1057 1547 1100 sedem
1562 1055 1784 1113 pra-fatam,
1795 1052 1972 1111 aliosque
1989 1055 2199 1111 praedictos
2216 1066 2317 1096 con-

1345 1113 1450 1159 cefl'a
1459 1145 1475 1167 ,
1490 1116 1710 1172 approbata
1720 1140 1735 1164 ‚
1744 1114 1786 1159 ἃ
1799 1113 1989 1157 innovata
2002 1114 2166 1159 fuerunt
2183 1141 2198 1166 ,
2213 1124 2319 1169 quo-

1345 1189 1437 1219 rum
1466 1174 1649 1219 omnium
1672 1175 1712 1217 ἃ
1741 1172 1989 1229 ungulorum
2003 1183 2165 1217 tenores
2178 1199 2195 1224 ,
2224 1169 2316 1214 for-

1340 1248 1427 1277 mas
1439 1262 1455 1286 ‚
1467 1235 1508 1276 &
1520 1233 1665 1283 datas,
1679 1246 1726 1275 ac
1741 1231 1765 1274 fi
1779 1233 1833 1275 de
1858 1233 1986 1276 verbo
1999 1232 2051 1275 ad
2070 1233 2243 1277 verbum·
2255 1230 2315 1272 in-

1337 1290 1570 1337 sererentur
1590 1318 1605 1340 ,
1649 1290 1910 1348 presentibus
1947 1291 2090 1335 baberi
2120 1289 2307 1334 volumus

1336 1366 1416 1409 pro
1430 1349 1615 1407 expreiiis
1628 1377 1644 1402 2
1660 1350 1811 1394 eisdem
1824 1350 2068 1395 austeritate
2082 1379 2097 1403 ,
2107 1351 2312 1394 &tenore

1339 1408 2311 1525 553333‘13'3530553‘3232333052'13‘3?

2293 1493 2312 1518 2

1338 1528 1381 1568 &
1394 1535 1632 1581 perpetuam
1657 1527 1815 1567 roboris
1835 1520 2067 1568 firmitatem
2093 1526 2279 1570 obtinere
2293 1552 2309 1577 2

1340 1598 1387 1627 ac
1398 1582 1491 1628 suos
1503 1582 1708 1640 plenarios
1719 1609 1734 1631 2
1747 1584 1788 1626 δι
1801 1583 1987 1640 integros
2000 1582 2164 1630 effeetus
2178 1583 2301 1628 sorti·
2373 1636 2375 1638 ¹

1340 1646 1409 1695 ri,
1434 1656 1593 1687 necnon
1610 1644 1660 1686 ab
1684 1642 1873 1686 omnibus
1886 1643 2098 1699 &fingulis
2112 1673 2128 1696 ‚
2146 1643 2304 1700 quavis,
2367 1640 2371 1644 ’

1338 1705 1462 1747 etiam
1474 1702 1528 1745 de
1543 1702 1672 1744 latere
1687 1702 1859 1756 Legati,
1872 1701 2100 1756 vicelegati
2113 1730 2129 1754 ,
2143 1715 2306 1744 necnon

1340 1757 1628 1806 cardinalatus
1641 1787 1658 1812 ‚
1684 1757 1951 1804 Patriarchali
1977 1787 1993 1810 ‚
2018 1758 2303 1815 Arcbiepisco-

1337 1821 1417 1878 pali
1431 1850 1448 1873 ,
1475 1817 1727 1875 Episcopali,
1751 1818 1945 1875 &quavis
1963 1817 2043 1861 alia
2055 1818 2306 1862 Ecciefiasti-

1335 1894 1383 1923 ca
1400 1906 1415 1930 ‚
1447 1879 1513 1922 vel
1529 1876 1729 1927 seculari,
1754 1877 2026 1931 &temporali
2057 1876 2301 1933 praefulgeat

1330 1938 1534 1993 dignitate
1544 1962 1560 1985 ‚
1574 1939 1613 1979 &
1627 1936 1929 1991 praeeminentia
1940 1961 1956 1986 ‚
1970 1935 2098 1978 etiam
2122 1935 2191 1978 sub
2211 1933 2304 1981 sens

1330 1997 1473 2038 tentiis
1485 2022 1501 2046 ‚
1528 1994 1702 2037 censuris
1725 1993 1768 2034 δι
1794 1994 1928 2049 poenis
1954 1993 1994 2035 in
2018 1992 2171 2037 eisdem
2201 2006 2302 2038 con-

1328 2055 1465 2101 tentis,
1479 2053 1683 2110 perpetuo
1694 2050 1983 2096 inviolabiliter
1995 2051 2201 2099 observari
2227 2052 2305 2102 de,

1328 2113 1426 2158 bere
1437 2111 1695 2157 decernimus
1712 2138 1726 2153 .
2292 2139 2298 2154 ,

1442 2175 1496 2216 Et
1509 2170 1685 2226 insuper,
1702 2169 1812 2225 quod
1827 2172 1987 2215 Fratres
2002 2171 2099 2216 dicti
2112 2171 2296 2222 Ordinis,

1324 2232 1377 2273 ab
1400 2244 1542 2274 eorum
1561 2226 1842 2285 Superioribus
1851 2238 1986 2272 tamen
1999 2232 2211 2287 approbati
2227 2232 2299 2283 sin

1321 2303 1468 2334 eorum
1489 2286 1864 2345 Eccleiiis,quando
1882 2287 1940 2332 eis
1952 2286 2296 2345 placuerit‚etiam

1321 2349 1431 2404 quod
1451 2352 1489 2392 in
1504 2346 1744 2391 cathedrali
1766 2346 1942 2391 Eccleiia
1959 2375 1974 2400 ‚
1986 2361 2072 2392 non
2089 2358 2225 2392 tamen
2239 2350 2292 2392 ab

1324 2406 1527 2464 Episcopo
1539 2433 1557 2457 ‚
1565 2405 1809 2476 predicetur
1820 2429 1836 2453 ‚
1852 2404 1980 2449 libere
2003 2407 2047 2449 ae
2071 2405 2194 2451 licitev
2207 2408 2293 2451 abs—

1320 2481 1401 2521 que
1414 2466 1555 2524 aliquo
1565 2465 1891 2520 impedimento,
1916 2466 1998 2508 lire
2026 2465 2150 2509 etiam
2169 2467 2292 2523 ipiius

1317 2523 1502 2582 Episcopi
1519 2523 1839 2567 contradictione
1851 2550 1867 2574 2
1876 2525 1915 2567 δι
1927 2522 2078 2582 absque
2094 2540 2159 2574 eo,
2174 2525 2290 2584 qnod

1315 2595 1450 2627 corani
1482 2581 1596 2625 dieto
1622 2581 1824 2639 Episcopo
1847 2580 1887 2624 se
1914 2595 1995 2626 non
2019 2583 2288 2640 presentave-

1313 2642 1396 2686 rint
1407 2667 1424 2692 ‚
1437 2653 1510 2684 nec
1523 2640 1659 2684 eidem
1674 2639 1883 2684 licentiam
1899 2643 2072 2687 muneris
2096 2644 2290 2697 pradica-

1315 2700 1435 2743 tionis
1454 2697 1680 2758 bujusmodi
1703 2698 1968 2744 exhibuerint
1984 2728 2000 2753 ‚
2016 2702 2058 2745 δι
2071 2694 2287 2746 abeodem

1317 2758 1523 2816 Episcopo
1534 2758 1859 2802 benedictionem
1873 2785 1888 2809 ‚
1900 2769 1943 2801 ut
1965 2758 2192 2815 prefertur,
2206 2773 2286 2804 non

1311 2818 1564 2861 obtinuerint
1574 2843 1590 2869 ‚
1602 2816 1815 2874 predicare
1826 2844 1843 2868 ‚
1865 2818 1904 2859 δι
1919 2830 2067 2863 munus
2088 2818 2284 2876 predica-

1314 2876 1438 2919 tionis
1457 2875 1683 2933 bujusmodi
1704 2873 1875 2931 exequi=

1431 2938 1605 2979 Necnon
1636 2937 1804 2980 Fratres
1829 2935 1898 2991 ipsi
1911 2947 2172 2993 quecumque
2187 2950 2278 2981 cor·

1309 3007 1409 3051 pora
1422 2992 1701 3039 defunctorum
1715 3022 1729 3047 ,
1749 2994 1826 3052 qui¹
1845 2995 1882 3038 st
1898 2994 1939 3038 in
1963 3007 2110 3040 eorum
2128 2995 2279 3040 Eccle-

1308 3052 1368 3096 iiis
1389 3051 1547 3107 sepeliri
1561 3052 1871 3105 ordinaverint,
1896 3054 1963 3098 vel
1980 3052 2005 3097 ii
2018 3055 2039 3098 i
2053 3052 2266 3099 defuneto·

1308 3124 1398 3157 runt
1429 3112 1652 3157 baeredibus
1665 3137 1680 3162 ‚
1712 3110 1792 3157 iite
1807 3124 1947 3156 curam
1963 3110 2112 3158 funeris
2125 3114 2275 3157 baben·

1309 3173 1413 3215 tibus
1427 3199 1442 3223 ,
1473 3172 1609 3216 vocati
1637 3169 1786 3215 suerint
1804 3197 1820 3223 ‚
1848 3170 2025 3227 ipibruni
2052 3174 2272 3216 Fratrum...

1306 3234 1445 3276 Cruce
1458 3227 1622 3275 clevata
1635 3257 1649 3283 ,
1664 3229 1794 3275 etiam
1804 3227 1883 3273 line
1908 3227 2109 3274 dictorum
2132 3234 2271 3275 Cano-

1306 3289 1507 3340 nicorum,
1522 3303 1569 3333 ac
1582 3288 1878 3346 Capitularium
1892 3286 2271 3345 personaturum-tc-

1303 3363 1385 3393 non
1402 3346 1743 3400 curatorumw'el
1753 3346 2269 3404 alioruml’resbyterorum

1300 3409 1535 3452 interventu
1551 3433 1566 3459 ‚
1576 3405 1815 3463 exipsorum
1835 3401 2120 3451 defunctorum
2133 3407 2270 3452 domi·

1302 3467 1375 3510 bus
1391 3467 1556 3518 levare,
1569 3479 1699 3523 eaque
1710 3467 1924 3522 accipere,
1938 3465 1976 3507 δι
1993 3463 2195 3519 aisociare,
2217 3479 2264 3509 ae

1298 3524 1348 3568 ad
1369 3525 1543 3583 ipsorum
1563 3526 1753 3570 Fratrum
1783 3524 1984 3568 Ecclesia:
2008 3524 2163 3569 dire-sie
2193 3524 2268 3569 de·

1298 3584 1396 3628 sci-ri
1409 3613 1425 3638 ,
1450 3586 1492 3629 δι
1517 3585 1557 3629 in
1584 3595 1726 3628 eorum
1756 3581 1944 3626 Eccleiiia
1957 3611 1974 3635 ‚
1989 3597 2067 3627 non
2090 3595 2262 3629 tamen.»

1295 3654 1479 3699 tempore
1503 3640 1727 3691 interdicti,
1761 3637 1918 3698 sepeliri
1947 3642 2083 3686 facere
2102 3667 2116 3692 ‚
2150 3643 2261 3688 salvo

1298 3703 1506 3746 dumtaxat
1518 3698 1607 3757 jure
1626 3701 1852 3745 Parochiali
1867 3732 1878 3742 .
1908 3704 1994 3745 Nec
2018 3704 2177 3747 Fratres
2191 3703 2260 3759 ipii

1295 3761 1346 3805 ad
1373 3758 1541 3804 alterius
1563 3757 1736 3818 cujusvis
1757 3760 1972 3805 contrari·
2001 3760 2260 3828 consuctudi-

2122 3832 2181 3864 ms
2194 3847 2207 3871 ,
