2444 4192
320 141 359 225 ς
384 148 425 189 0

250 272 492 324 Defunfiis
531 271 839 324 Ecclefiarum
868 275 1067 339 praelatis
1084 312 1101 335 ,
1123 280 1242 327 RF.

315 346 529 395 Minores
562 345 760 394 obtentis
794 342 920 392 abiis
935 347 1242 412 praedicandi,

318 414 619 465 confeffiones
630 413 910 483 excipiendi,
925 433 978 463 ac
986 432 1097 466 vota
1118 435 1244 466 com-

314 484 526 536 mutandi
541 487 734 534 licentiis
751 521 767 543 ,
786 483 927 551 usque
953 485 1013 535 ad
1035 490 1145 536 novi
1162 490 1244 536 Pa-

311 555 443 604 storis
458 553 768 621 provisionem
789 558 858 606 uti
876 553 1000 624 posse
1015 555 1243 609 declarat.
1308 590 1311 592 v

268 675 674 727 CLEMENS
738 677 1224 734 EPISCOPUS

446 806 622 847 Seavus
661 807 922 850 Seavoaum
954 807 1031 851 Der

243 922 413 967 Dileffis
445 924 567 967 filiis
581 949 596 972 ‚
614 922 804 976 Ministro
816 927 1007 968 Genea-ali
1021 955 1036 978 ‚
1059 926 1109 974 ἐπ’
1135 929 1239 969 Fra-

310 982 442 1025 mbas
459 984 622 1025 Ordines
638 985 846 1026 Mina-rum
858 1011 872 1036 ‚
882 986 1064 1044 salutem
1080 986 1163 1034 &m

356 1099 604 1156 Xigentibus
635 1101 770 1143 vestrae
786 1101 1024 1146 devotionis
1054 1102 1235 1155 meritis,

372 1163 480 1203 votis
501 1158 637 1203 vestris
653 1160 829 1203 libenter
839 1163 1051 1205 annuimus
1066 1190 1080 1212 ‚
1108 1164 1148 1204 δι
1167 1177 1237 1218 pe-

241 1223 412 1263 titiones
445 1220 590 1263 vestras
606 1245 621 1269 ‚
652 1220 847 1276 quantum
879 1235 973 1263 cum
997 1224 1087 1264 Deo
1105 1220 1237 1277 possu-

234 1294 322 1322 mus
336 1308 351 1331 ,
382 1278 664 1323 favorabiliter
678 1280 919 1323 exaudimus
934 1310 946 1322 .
983 1283 1043 1324 Ex
1059 1292 1176 1336 parte
1191 1281 1235 1323 fi·

234 1340 404 1396 quidem
417 1339 544 1383 vestra
560 1337 635 1382 finit
650 1338 909 1394 propofitum
926 1354 1066 1382 coram
1082 1341 1232 1391 Nobis,

237 1399 352 1457 quod
373 1398 568 1442 videlicet
584 1399 703 1442 vobis
722 1397 1237 1452 anonnullisl’atriarcbis,

238 1456 576 1514 Archicpiscopis
588 1460 629 1501 ἃ.
645 1458 856 1515 Episcopis
872 1486 886 1508 ‚
918 1460 958 1502 δι
976 1460 1067 1502 aliis
1085 1460 1233 1503 Eccle-

232 1518 381 1562 fiarum
398 1517 779 1561 Praelatisaudiendi
804 1515 1072 1563 confeffiones
1098 1517 1232 1562 subdi·

235 1589 376 1621 torum
391 1578 582 1626 suorum,
614 1591 776 1620 necnon
797 1577 1068 1633 praedicandi‚
1101 1579 1230 1623 &ali-

925 114 1086 202 Sub
1146 112 1538 204 Clemente
1597 114 1764 206 IV.

1305 278 1565 327 Guilielmo
1590 277 1616 326 εἰ
1631 262 1680 328 Sl
1697 281 1872 326 Amore
1887 310 1903 333 ,
1932 272 2109 324 librum
2127 267 2308 322 noviter

1374 349 1431 397 ab
1446 364 1501 396 eo
1516 347 1823 417 compositum
1839 346 1864 393 ἃ
1903 344 1946 394 se
1962 360 2199 413 receptum
2214 379 2230 402 ,
2255 341 2307 394 ὅ(

1372 416 1474 487 post
1509 421 1632 470 illius
1670 433 1861 468 examen
1894 414 2139 468 Pontificia
2182 411 2306 465 sensa

1375 491 1417 539 ei
1439 490 1695 542 intimanda
1720 488 1804 539 esse
1820 489 2050 537 renuntiat
2065 521 2080 536 .

1302 623 1711 672 CLEMENS
1789 615 2162 670 EPISCOP
2196 613 2301 667 US

1475 749 1653 794 Sr-:Rvus
1686 752 1943 793 Seavoaum
1984 747 2098 787 Dm.

1303 866 1553 924 DileHofilio
1564 894 1580 918 2
1610 867 1812 971 Magisqlro
1831 896 1843 918 ‚
1860 863 2072 908 Guiliclmo
2088 861 2135 905 de
2151 859 2297 904 saum

1755 940 1859 969 more
1870 954 1883 967 .

1383 1045 1402 1084 1
1432 1043 1539 1084 circa
1568 1043 1759 1085 veritatis
1786 1042 1949 1083 laboras
1976 1041 2206 1095 indaginem
2225 1066 2240 1090 ,
2271 1039 2301 1080 fi

1399 1101 1580 1143 cautelas
1603 1100 1793 1143 Ecclesiae
1803 1099 1962 1156 colligis
1977 1113 2026 1142 ex
2044 1097 2269 1154 scripturis
2284 1109 2303 1141 τ

1298 1165 1396 1204 dum
1414 1171 1550 1203 tamen
1568 1161 1723 1203 sobrius
1738 1160 1947 1216 inquifitor
1966 1158 2105 1202 existas
2119 1187 2134 1210 ‚
2149 1159 2186 1200 &
2203 1171 2301 1200 acu·

1301 1234 1393 1264 men
1426 1219 1554 1262 evites
1579 1219 1785 1270 scandali,
1816 1232 1900 1261 non
1929 1229 1970 1262 te
1997 1219 2202 1262 credimus
2236 1230 2298 1259 ar-

1300 1279 1505 1338 guendum
1522 1308 1534 1320 .
1570 1280 1650 1322 Sed
1666 1277 1892 1322 cavendum
1920 1278 2092 1327 esttibi,
2123 1291 2176 1320 ne
2194 1289 2300 1334 prae-

1298 1341 1516 1384 teritorum
1532 1349 1607 1382 tuo
1621 1339 1767 1382 haereat
1780 1338 1915 1381 animo
1929 1339 2048 1381 nimis
2062 1347 2186 1381 tenax
2210 1350 2296 1379 me-

1297 1400 1456 1444 moria:
1487 1400 1592 1442 &ne
1609 1399 1677 1442 sub
1706 1397 1901 1441 doetrinae
1927 1395 2056 1453 specie
2081 1397 2297 1439 detracto-

1295 1474 1388 1503 rum
1405 1459 1566 1503 colores
1582 1457 1767 1507 infidias,
1798 1458 1863 1501 vel
1892 1456 2004 1499 illam
2031 1455 2296 1514 objurgatio-¹

1295 1534 1388 1563 nem
1419 1519 1610 1561 merearis
1637 1518 1778 1561 audire
1797 1546 1813 1568 ,
1840 1514 1919 1574 quii
1947 1516 2116 1560 Paulum
2142 1512 2289 1570 tetigit

1294 1579 1434 1624 Festus
1450 1575 1614 1621 dicens:
1648 1581 1698 1621 Te
1722 1577 1859 1620 multae
1885 1572 2209 1631 litteraefhcs'unt
2222 1574 2290 1615 ln-

235 1651 319 1694 qua
336 1648 435 1681 vota
463 1638 503 1679 in
517 1635 595 1678 alia
612 1639 773 1691 pietatis
800 1651 925 1692 opera
946 1638 1230 1682 commutandi
1277 1639 1426 1701 finire
1439 1667 1451 1678 .
1473 1634 1583 1681 'Sane
1598 1636 1783 1680 libellum
1800 1649 1949 1679 novum
1964 1635 2159 1679 evolvere
2171 1631 2292 1687 caepi-

234 1697 279 1740 in
295 1695 373 1739 suis
402 1697 652 1741 Civitatibus
677 1698 718 1738 δι
738 1696 970 1740 Diaecelibus
1000 1698 1166 1743 licentia
1182 1699 1230 1740 fit

234 1752 448 1811 concell'a3
478 1757 571 1815 quia
598 1765 733 1798 tamen
747 1756 895 1799 eisdem
915 1758 1096 1801 Praelatis
1112 1758 1234 1801 dece-

232 1815 428 1858 dentibus
447 1846 464 1868 ,
494 1817 555 1860 uti
581 1815 749 1859 licentia
783 1815 1044 1872 hujusmodi,
1080 1817 1231 1861 Eccle-

231 1874 298 1918 fiis
320 1875 371 1916 fic
390 1876 628 1918 vacantibus
650 1874 849 1918 dubitatis
870 1888 882 1918 ε
911 1877 1045 1919 Nobis
1065 1877 1231 1921 humili·

231 1944 299 1977 ter
323 1932 569 1991 supplicastis
596 1963 610 1984 ‚
642 1943 687 1976 ut
716 1934 936 1989 providere
968 1938 1085 1980 vobis
1115 1935 1231 1992 super

232 1995 315 2036 hoc
330 2022 343 2044 ‚
378 1994 543 2048 paterna
558 1992 771 2049 diligentia
786 2007 1017 2037 curaremus
1035 2025 1046 2037 .
1077 1995 1230 2038 Vestris

231 2054 362 2108 igitur
377 2051 740 2107 supplicationibus
752 2052 956 2100 inclinati,
971 2051 1228 2103 presentium

230 2111 351 2153 vobis
376 2108 624 2149 auctoritate
651 2105 941 2153 concedimus,
977 2118 1020 2147 ut
1045 2107 1087 2148 in
1103 2104 1234 2161 hujus·

229 2164 343 2210 modi
358 2163 451 2208 casu
466 2162 615 2222 poffitis
639 2164 700 2208 uti
715 2162 873 2208 tamdiu
893 2164 1022 2207 libere
1034 2162 1224 2219 praediffi

229 2223 427 2273 licentii,
458 2225 592 2266 donec
609 2220 785 2265 viduatis
800 2220 989 2264 Eccleliis
1017 2221 1225 2277 provisum

230 2283 357 2327 fuerit
374 2284 427 2328 de
445 2281 608 2326 Pastore
626 2311 639 2324 .
671 2278 904 2338 Nulliergo
931 2282 1141 2324 hominum
1169 2280 1221 2322 li·

228 2354 321 2388 ceat
348 2344 450 2385 hanc
480 2343 667 2397 paginam
698 2339 1133 2386 nostrae‘conceffionis
1162 2340 1220 2382 in·

231 2404 409 2459 fringere
425 2428 440 2451 ‚
472 2399 537 2442 vel
567 2399 605 2442 ei
622 2394 720 2441 ausu
736 2399 957 2442 temerario
982 2398 1223 2442 contraire.

234 2462 380 2519 Siquis
402 2470 537 2503 autem
564 2460 644 2501 hoc
671 2465 877 2502 attentare
903 2457 1226 2516 praesumpserit‚

232 2520 557 2577 indignationem
587 2516 895 2574 omnipotentis
925 2519 999 2562 Dei
1026 2519 1227 2562 &Beato-

232 2594 324 2625 rum
353 2578 462 2622 Petri
491 2579 532 2621 &
548 2576 661 2620 Pauli
675 2577 972 2634 Apostolorum
992 2577 1077 2636 ejus
1101 2578 1139 2621 se
1153 2591 1229 2620 no·

237 2640 343 2684 verit
358 2634 612 2681 incursurum
635 2666 648 2678 .

351 2699 504 2741 Datum
534 2697 683 2742 Perusii
706 2696 834 2740 tertio
850 2697 942 2741 Kal.
959 2696 1100 2742 Martii
1122 2699 1234 2743 Pon·

234 2756 414 2806 tilicatiis
431 2756 553 2800 nostri
570 2761 692 2800 Anno
716 2758 935 2801 Secundo.

295 2882 554 2924 Monumenta
582 2875 742 2919 Ordim's
761 2874 841 2935 fiat.
872 2889 966 2931 ¹¹3·
996 2875 1162 2934 Rodriq.
1186 2878 1231 2922 in

355 2938 460 2982 Ball.
472 2933 550 2990 fhl.
562 2949 633 2991 39.
646 2938 720 2979 col.
739 2949 774 2979 ι.
802 2935 1052 2996 Waddingus
1076 2947 1171 2982 tom.
1189 2950 1233 2997 4.

354 2997 506 3041 Annal.
522 2992 601 3053 sol·
616 3007 719 3049 527.

1294 1713 1383 1743 mus
1397 1727 1412 1752 ,
1438 1709 1559 1753 quem
1576 1695 1708 1739 mifisti
1721 1721 1737 1746 2
1753 1695 1842 1752 qui,
1857 1693 1958 1738 licet
1971 1693 2182 1737 interdum
2192 1691 2294 1734 alias

1293 1773 1386 1803 oras
1403 1759 1630 1801 circumeat
1648 1784 1664 1809 ‚
1679 1764 1867 1799 veterem
1894 1763 2031 1799 tamen
2045 1753 2223 1796 multum
2238 1751 2297 1792 sa·

1293 1821 1353 1877 pit
1369 1845 1383 1867 ‚
1414 1819 1454 1860 &
1469 1831 1562 1860 cum
1577 1813 1754 1859 excuffus
1769 1814 1807 1856 8(
1836 1811 2025 1857 discussus
2040 1842 2055 1865 ‚
2080 1812 2295 1855 coloratus

1292 1881 1333 1923 in
1350 1878 1492 1934 aliquo
1511 1876 1701 1919 videatur
1713 1901 1728 1924 a
1745 1882 1878 1917 totam
1894 1873 2012 1931 primi
2035 1870 2295 1914 substantiam

1292 1936 1643 1993 comprobabitur
1668 1935 1845 1976 retinere
1863 1961 1874 1973 .
1904 1932 2059 1975 Verum
2077 1958 2090 1979 ‚
2113 1929 2208 1983 quia
2225 1938 2295 1969 to-

1293 2009 1382 2039 tum
1407 2008 1492 2035 non
1530 1994 1730 2044 legimus,
1762 1990 1864 2031 nihil
1892 1990 1967 2030 tibi
1997 1988 2200 2042 poss'umus
2227 1998 2296 2028 re-

1294 2050 1519 2107 spondere.
1552 2047 1619 2088 nisi
1645 2046 1755 2102 quod
1773 2044 1948 2102 provida
1973 2045 2190 2102 diligentia
2217 2058 2293 2089 cor

1295 2120 1410 2153 tuum
1428 2106 1583 2149 munias
1603 2132 1617 2153 ,
1632 2120 1685 2149 ne
1702 2105 1772 2149 sub
1790 2106 1887 2148 boni
1908 2103 2039 2163 specie
2058 2118 2097 2149 te
2112 2104 2294 2156 seducat,

1285 2167 1357 2224 qui
1372 2178 1415 2206 se
1430 2174 1493 2213 ut,
1508 2164 1653 2213 lateat,
1676 2166 1718 2204 in
1732 2163 1935 2218 Angelum
1950 2163 2052 2205 lucis
2067 2163 2289 2218 transfigu-

1287 2234 1379 2269 rat.
1406 2224 1493 2265 Nos
1519 2229 1685 2273 autem,
1711 2235 1806 2264 cum
1830 2221 2052 2278 legerimus
2067 2224 2144 2266 boc
2158 2222 2292 2278 Opul²

1282 2283 1423 2329 culum
1437 2310 1452 2333 ‚
1474 2282 1516 2323 δι
1538 2280 1628 2325 aliis
1639 2281 1897 2325 Amatoribus
1913 2281 2127 2335 veritatis,
2143 2283 2292 2325 &ean-

1284 2345 1377 2388 dem
1426 2340 1748 2397 intelligentibus
1793 2339 2234 2385 communicaverimus
2268 2368 2284 2391 ‚

1285 2414 1401 2454 tunc,
1414 2402 1527 2458 quod
1542 2402 1674 2446 Nobis
1689 2400 1895 2446 videbitur
1907 2430 1922 2454 ,
1933 2399 2204 2447 tibidabimus
2220 2401 2284 2444 in-

1287 2476 1432 2510 timare
1450 2490 1463 2502 .

1414 2521 1567 2566 Datum
1581 2521 1762 2566 viterbii
1780 2523 1956 2565 Decimo
1970 2522 2117 2578 quinto
2132 2520 2286 2566 Kalen-

1291 2582 1364 2628 das
1380 2582 1633 2627 Novembris
1661 2585 1785 2627 Anno
1811 2596 2039 2626 mocrxvr.
2058 2579 2284 2626 Pontifica-

1294 2641 1359 2690 ti'is
1386 2641 1512 2686 nostri
1538 2645 1665 2687 Anno
1703 2641 1918 2687 Secundo.

1366 2761 1609 2820 Waddlngus
1627 2770 1722 2804 tom.
1735 2761 1932 2818 4.Annal.
1947 2758 2030 2822 sb}-
2051 2759 2148 2818 263.
2165 2758 2278 2804 Alex.

1410 2825 1572 2869 Natalis
1594 2821 1852 2882 Hister-Eccl-
1866 2829 1964 2864 tom.
1982 2814 2106 2880 8.f01.
2125 2833 2198 2878 93·

1558 3000 1747 3069 No
1825 2943 2050 3106 Ta·

1287 3154 1570 3243 INscriprioni
1591 3155 1712 3192 harum
1744 3152 1935 3190 litterarum
1959 3150 2164 3191 Alexander
2192 3164 2277 3202 prc-

1360 3206 1474 3244 dietus
1499 3202 1788 3253 preponitverb·
1821 3199 1951 3239 Ditem
1969 3197 2084 3246 Fe’h'o,
2106 3213 2145 3239 nc
2156 3213 2201 3240 ex
2232 3203 2274 3240 iis

1281 3255 1518 3294 Guilielmum
1542 3254 1735 3292 baeticum
1758 3263 1827 3288 non
1847 3249 1964 3294 suiffe.
1989 3260 2035 3287 ex
2067 3261 2158 3299 parre
2185 3253 2203 3296 (
2222 3253 2275 3289 uri

1279 3305 1380 3354 supra
1394 3306 1453 3343 fol.
1469 3301 1667 3354 4r.dlftum
1680 3301 1728 3339 cst
1745 3299 1914 3347 >deducit
1926 3323 1941 3347 ,
1960 3298 2020 3337 tu·
2031 3310 2149 3338 cutem
2163 3299 2270 3340 Wad-

1281 3355 1415 3403 diosus
1435 3357 1519 3393 loeo
1546 3351 1609 3392 cit.
1642 3350 1774 3391 omittit
1786 3373 1798 3389 .

2065 3827 2216 3875 Eccle-
