2444 4192
413 157 576 238 232

345 292 565 358 gistrorum
579 291 862 340 reformationi
879 297 1011 342 liberi:
1025 299 1304 344 dimittantur:

345 350 508 408 fingults
523 353 626 394 vero
639 355 845 399 Fratribus
864 359 1220 403 Conventualibus
1251 359 1302 401 ad

343 409 591 456 Generalem
601 438 618 462 ,
629 412 673 454 δι
685 415 958 460 Provinciales
970 419 1173 461 Ministros
1189 427 1303 461 tran-

338 472 416 515 fire
432 468 694 536 volentibus,
716 474 769 518 ab
789 488 931 518 eorum
962 478 1180 532 Super-iore
1196 476 1303 532 prius

338 527 473 589 petita
488 555 504 578 ,
517 528 619 595 lieet
632 543 711 574 non
722 532 895 577 obtenta
908 563 923 586 ,
938 535 1122 586 licentia,
1136 537 1306 579 liberam

337 587 573 692 ganseundt
602 587 810 635 licentiam
834 593 878 636 δι
898 591 1132 639 facultatem
1158 607 1308 638 conce-

385 662 495 694 mus·

453 709 659 751 Praeterea
675 707 889 760 volumus,
919 714 1030 768 quod
1060 712 1122 756 illi
1139 726 1185 755 ex
1204 713 1306 753 Fra-

335 766 471 811 tribus
485 767 835 814 Conveutualibus
849 798 866 821 ,
897 773 965 829 qui
994 773 1047 816 de
1074 781 1220 814 caetero
1237 769 1297 810 vi-

333 838 421 871 tam
449 825 711 870 reformatam
733 827 806 872 sub
831 830 1047 874 Generalis
1061 858 1077 882 ,
1099 828 1165 871 seu
1194 830 1295 870 Pro·

332 885 572 929 vincialium
584 886 866 944 Magistrorum
880 904 976 932 cura
992 889 1141 932 ducere
1154 883 1295 929 volue-

333 946 418 988 rint
433 973 451 997 ‚
479 942 554 988 snb
581 959 726 989 eorum
738 948 937 1004 regimine
949 961 1190 1004 permanere
1204 943 1292 1000 pos-

331 1005 408 1047 fint
431 1030 448 1053 ,
475 1002 703 1048 dummodo
731 1007 870 1062 aliquo
890 1005 1001 1062 figno
1033 1004 1204 1048 notabili
1227 1003 1293 1045 di-

330 1062 520 1106 fiinffivo
533 1062 827 1119 distinguantur
837 1093 855 1116 ,
878 1065 920 1106 &
942 1063 1224 1107 discernantur
1239 1064 1292 1107 ab

330 1121 443 1171 illis,
468 1122 538 1178 qui
561 1124 686 1165 vitam
710 1123 938 1180 regularem
961 1121 1030 1165 sub
1057 1121 1247 1166 Generali
1271 1152 1287 1177 ,

328 1182 396 1224 seu
412 1180 731 1225 Provincialibus
750 1182 940 1225 Ministris
954 1179 1112 1226 ducunt
1123 1210 1139 1234 ,
1165 1193 1289 1237 prout

328 1240 544 1284 Generalis
557 1238 751 1290 Minister,
763 1241 806 1283 δι
818 1241 1008 1298 Magister
1019 1241 1124 1284 inter
1136 1239 1176 1283 se
1188 1253 1290 1285 con-

327 1299 519 1342 venerint
534 1312 552 1352 3
567 1299 686 1342 bonis
701 1298 959 1355 praesatarum
976 1302 1206 1343 Domorum
1218 1313 1286 1344 re-

326 1355 636 1400 formandarnm
663 1358 943 1402 immobilibus
960 1384 977 1407 ,
1001 1359 1043 1400 δι
1065 1358 1252 1402 omnibus
1268 1390 1283 1414 ‚

324 1429 503 1472 quornm
518 1418 678 1459 Fratres
695 1417 926 1460 Reformati
950 1430 1031 1460 non
1060 1418 1174 1470 sunt,
1204 1432 1281 1462 nec

324 1487 496 1531 capaces
511 1472 588 1519 esse
605 1475 748 1517 volunt
761 1501 777 1524 ,
803 1474 999 1520 Generali
1021 1478 1063 1519 δι
1075 1475 1165 1518 aliis
1181 1479 1278 1520 Pro·

322 1533 564 1576 vineialibus
578 1534 777 1588 Magistris
800 1535 850 1577 ad
874 1547 1019 1577 eorum
1033 1534 1202 1576 liberam
1216 1535 1281 1576 di·

321 1589 580 1646 spositionem
591 1590 719 1632 liberi:
733 1591 1035 1634 remanentibus
1053 1620 1066 1632 .

436 1651 494 1692 Et
522 1661 573 1690 ne
587 1649 693 1691 inter
709 1647 971 1691 Reformatos
986 1679 1000 1701 ,
1030 1650 1072 1691 ἃ
1087 1652 1285 1694 Conven-

320 1709 456 1752 tuales
474 1709 634 1750 Fratres
654 1702 840 1762 praefatos
867 1706 983 1763 super
1013 1708 1290 1764 praecedentia

319 1765 507 1811 diffenfio
521 1794 538 1817 ‚
562 1766 604 1808 δι
626 1768 836 1810 contentio
861 1767 958 1810 oriri
979 1765 1096 1821 pollis
1109 1794 1127 1819 ,
1157 1768 1279 1812 volu-

318 1840 407 1870 mus
419 1854 433 1876 ,
445 1825 487 1867 8ι
499 1825 622 1867 etiam
635 1823 841 1869 statuimus
855 1853 870 1877 ‚
884 1825 996 1882 quod
1010 1825 1119 1870 inter
1130 1841 1203 1871 eos
1217 1837 1276 1871 ta·

317 1885 373 1929 lis
384 1882 492 1928 ordo
505 1881 691 1926 servetur
704 1896 719 1925 ε
734 1882 927 1928 videlieet
940 1910 956 1933 ,
985 1884 1098 1942 quod
1124 1887 1165 1929 in
1180 1901 1278 1945 pro-

315 1941 571 1991 eeffionibm,
583 1943 625 1984 δι
636 1940 956 1992 funeralibus‚ac
972 1944 1167 1998 exequiis,
1182 1960 1277 1988 nec-

316 2017 394 2045 non
408 2003 450 2043 in
463 1998 652 2041 omnibus
681 2000 770 2040 aliis
796 2001 950 2041 actibus
962 2001 1131 2054 publicis
1143 2029 1158 2052 ‚
1178 2004 1276 2044 Fra-

313 2071 396 2102 tres
406 2054 713 2100 conventuales
727 2057 938 2099 Fratribus
954 2056 1171 2112 Regularis
1187 2061 1273 2103 Ob·

303 2114 517 2161 servantiae
528 2114 668 2159 locum
680 2112 913 2171 digniorem
944 2116 1197 2174 relinquere.
1208 2128 1271 2164 te·

310 2182 486 2222 neantur
497 2186 509 2215 :
522 2173 564 2217 Si
579 2171 704 2231 aliqui
719 2184 857 2218 tamen
869 2174 1061 2232 graduati
1074 2203 1089 2227 ‚
1114 2177 1179 2219 seu
1198 2191 1274 2221 an·

309 2235 413 2293 tiqui
426 2234 582 2285 Patres,
589 2242 661 2275 ant
673 2232 901 2276 Guardiani
915 2234 1142 2276 Domorum
1157 2236 1268 2278 Con-

308 2290 567 2339 vestualium
578 2303 785 2336 remanere
808 2291 960 2336 vellent
983 2304 1078 2334 cum
1102 2292 1267 2349 quibus·

306 2352 400 2397 dam
417 2350 628 2395 Fratribus
642 2349 943 2407 antiquioribus
970 2350 1041 2395 sub
1069 2352 1265 2398 Generali

305 2414 349 2456 δι
362 2406 688 2455 provincialibus
698 2408 892 2455 Ministris
907 2410 1268 2464 viventibus,tune‚

305 2472 402 2515 &in
416 2470 495 2512 boc
505 2465 597 2510 calis
610 2495 627 2519 ,
653 2477 700 2512 nt
729 2468 912 2513 evitetur
923 2468 1105 2514 drffenfio
1132 2469 1270 2527 buius·

305 2526 451 2578 modi,
472 2525 515 2569 δι
524 2522 702 2582 perfetta
716 2526 814 2571 unio
828 2526 1095 2574 conservetur
1106 2555 1123 2581 ,
1152 2526 1275 2574 fimul‘

308 2584 505 2631 incedere
530 2611 548 2637 ,
582 2584 731 2643 ipsique
761 2587 1068 2632 conventuales
1108 2585 1265 2646 semper

305 2644 644 2690 eornmCrueem
665 2645 706 2688 δι
735 2643 964 2698 vexillum,
985 2659 1062 2704 per
1093 2660 1163 2690 eos
1185 2647 1263 2693 de·

304 2702 406 2808 ferri
431 2701 598 2746 solitum
609 2727 626 2753 ,
650 2701 813 2748 deferre
839 2702 970 2749 liber&
995 2707 1033 2750 δι
1051 2704 1168 2750 licite
1190 2721 1263 2752 va-

325 2770 418 2809 m‘
429 2790 443 2804 Ο
890 2792 897 2799 “

421 2819 635 2866 Postremo
645 2844 663 2869 ‚
687 2819 823 2865 annia
832 2821 876 2864 δι
886 2820 1033 2880 lingula
1053 2823 1263 2882 privilegia

299 2878 511 2927 &indulta
522 2877 633 2922 dieto
643 2878 793 2923 Ordini
805 2908 820 2933 ,
830 2890 915 2924 tam
930 2895 1004 2939 per
1020 2886 1124 2935 Nos,
1140 2884 1262 2940 quim

300 2940 406 2984 alios
430 2938 706 2996 quoscumque
731 2936 932 2983 Romanos
950 2940 1164 2987 Pontifices
1187 2945 1260 2987 ha-

299 3002 443 3043 etenus
454 2992 652 3050 concess'a,
664 2995 816 3042 eisdem
830 2999 1037 3044 Fratribus
1047 3000 1259 3059 Regularis

299 3055 576 3102 observantia
586 3081 603 3107 ,
617 3069 664 3101 ae
676 3058 1030 3103 Conventualibus
1045 3086 1061 3111 ,
1076 3061 1116 3104 in
1161 3075 1258 3106 uan-

299 3128 389 3162 tum
400 3113 602 3175 prumiflis
614 3128 696 3161 non
711 3113 786 3160 lint
801 3119 1011 3162 contraria
1027 3148 1044 3172 ,
1069 3131 1136 3165 aut
1170 3120 1256 3165 ori-

297 3187 382 3221 tate
394 3205 409 3229 ,
435 3176 476 3219 Gt
488 3183 635 3220 tenore
646 3174 898 3234 presentium
913 3178 1089 3223 invicem
1115 3195 1255 3238 perpe-

298 3237 373 3280 tuo
387 3233 750 3285 communicamus,
775 3236 812 3278 δι
824 3232 1023 3293 suffragari
1039 3238 1228 3284 volumus
1238 3271 1255 3296 ‚

297 3308 423 3351 eaque
436 3293 573 3337 omnia
585 3322 604 3362 9
625 3293 749 3338 etism
776 3292 856 3338 illis
869 3294 922 3339 de
937 3309 1047 3341 novo
1060 3298 1254 3344 concedi·

298 3367 428 3478 3⁰52ss
452 3355 674 3465 33:3⁸,
689 3355 1253 3462 ‘iffissa‘tiffl'sszf‘itt

297 3472 386 3514 clm
400 3497 413 3519 ‚
442 3469 765 3530 Archiepiseopis
779 3499 796 3525 ,
825 3471 1031 3529 Episcopis
1057 3502 1074 3527 ,
1102 3478 1143 3520 δι
1170 3478 1252 3522 Ee-

294 3530 505 3574 clefiarum
519 3531 693 3575 Proelatis
706 3557 722 3582 ,
748 3546 796 3575 ac
808 3533 1122 3591 quibuscumque
1137 3536 1176 3580 in
1187 3536 1253 3581 di·

295 3589 453 3648 ‘nitate
478 3588 751 3636 ucciefianics
784 3592 1010 3638 constitutis
1042 3594 1222 3641 Personis
1234 3623 1249 3648 ,

384 3644 614 3703 Apostolica
630 3650 772 3706 scripta
788 3652 1038 3705 mandamus,
1050 3665 1248 3712 quatenus

295 3705 366 3764 spu
384 3708 451 3759 ,ἃ
470 3718 614 3749 corum
628 3705 766 3761 singuli
782 3712 990 3765 presentes
1017 3715 1171 3759 nostras
1197 3714 1250 3758 li-

294 3779 403 3812 teras
415 3790 432 3815 0
443 3765 482 3808 δι
498 3764 539 3809 in
551 3764 611 3808 eis
624 3777 818 3813 contenta
830 3785 1074 3830 quecunque
1085 3803 1098 3828 ,
1113 3774 1197 3828 ubi,
1207 3775 1247 3819 δι

1060 138 1223 229 Sub
1282 139 1530 227 Leone
1588 141 1688 229 X.

1366 297 1532 354 quando
1547 311 1647 354 opus
1673 297 1793 341 fuerit
1808 326 1822 349 ‚
1844 311 1890 338 ac
1914 299 2072 352 quoties
2100 313 2175 355 pro
2203 303 2327 354 parte

1364 358 1639 400 Ministrorum
1653 383 1668 406 ,
1681 360 1723 401 δι
1739 357 2023 411 Magistrorum
2035 385 2050 408 ‚
2070 369 2135 401 aut
2151 358 2319 414 alicujus

1362 416 1543 472 ipsorum
1565 418 1683 472 super
1709 418 1787 459 hoc
1802 414 1979 470 requisiti
2003 415 2156 460 fuerint
2174 446 2188 468 ‚
2217 418 2325 460 solc-

1361 476 1514 519 mniter
1527 474 1797 531 publicantes,
1813 474 1947 529 eisque
1960 474 1999 515 in
2014 477 2208 529 praemiffis
2222 505 2236 529 ,
2263 476 2325 518 ef-

1367 534 1500 580 ficacis
1523 533 1767 577 defenfionis
1793 532 1970 589 praelidio
2000 533 2243 586 assistentes,
2271 538 2323 577 fa-

1365 595 1474 637 ciant
1486 607 1556 636 eos
1570 592 1829 649 prasentibus
1843 591 1972 633 literis
1986 616 2000 638 ,
2032 605 2078 633 ac
2105 596 2289 636 omnibus
2307 624 2321 645 ,

1366 652 1641 708 &fingulisin
1665 655 1720 695 eis
1739 649 1946 693 contentis
1977 648 2144 703 pacificis
2177 653 2252 694 frui
2282 656 2322 695 &

1357 713 1575 813 {23⁶3
1585 723 1721 812 ἑὶἳέωΡ
1720 710 1930 824 affligi?
1931 707 2324 824 3220325522‘23132:

1356 830 1416 874 vis
1446 793 1699 870 au'thoritate
1743 828 1785 868 δε
1826 825 2026 882 potestate
2067 797 2278 883 fungentes
2302 854 2321 878 ,

1353 885 1665 946 quomodolibet
1680 885 1859 929 indebite
1892 883 2094 928 molestari
2127 896 2198 930 aut
2229 900 2322 944 per-

1354 945 1534 990 turbari:
1566 944 1904 988 contradictores
1936 956 2010 998 per
2027 947 2213 989 censuras
2237 949 2320 989 Ec·

1351 1003 1616 1054 clesiasticas,
1641 1004 1682 1045 δι
1713 1001 1790 1044 alia
1810 1002 1908 1057 juris
1921 1013 2152 1056 opportuna
2186 1019 2318 1048 reme·

1350 1063 1418 1107 dia
1430 1088 1444 1112 ‚
1473 1058 1746 1118 appellatione
1761 1058 1981 1118 postposita
1995 1062 2317 1118 compescendo,

1350 1123 1544 1166 invocato
1557 1120 1680 1164 etiam
1695 1119 1746 1163 ad
1764 1121 1845 1164 hoc
1858 1146 1874 1170 ,
1901 1122 1930 1163 st
1942 1128 2044 1176 opus
2059 1121 2184 1165 fuerit
2196 1148 2212 1172 ,
2243 1137 2323 1169 au-v

1350 1181 1450 1225 xilio
1476 1179 1634 1224 brachii
1660 1178 1856 1223 secularis
1881 1192 1895 1224 ε
1923 1192 2006 1222 non
2029 1180 2278 1225 obstantibus
2294 1207 2311 1235 ,

1347 1238 1665 1299 quibuscumque
1687 1238 1815 1283 literis
1830 1237 2079 1295 Apostolieis
2108 1241 2149 1284 &
2173 1240 2316 1284 indul-.

1345 1303 1397 1343 tis
1423 1328 1438 1351 ,
1476 1300 1600 1341 etiam
1628 1295 1742 1341 Sacri
1757 1298 1942 1342 Concilii
1960 1297 2311 1348 constantiensis,

1341 1361 1455 1406 dieta
1470 1356 1697 1411 Religionis
1711 1355 1917 1400 Fratribus
1930 1386 1947 1409 ,
1975 1358 2148 1401 Familiis
2164 1386 2179 1410 ‚
2193 1361 2312 1401 Con-

1341 1417 1670 1477 gregationibus,
1696 1413 2097 1467 denominationibus
2110 1444 2125 1468 ‚
2149 1426 2220 1461 aut
2235 1416 2314 1459 ali-

1340 1478 1407 1521 cui
1420 1473 1683 1524 eorum,five
1701 1472 1862 1515 illarum
1877 1475 2121 1521 authoribus
2135 1502 2151 1526 ,
2175 1476 2218 1517 δι
2245 1475 2311 1519 iu-

1343 1532 1625 1580 stitutoribus‚
1655 1529 1726 1572 sub
1751 1529 1958 1586 quibusvis
1987 1533 2212 1576 verborum
2225 1531 2314 1583 for-‚-

1343 1592 1418 1635 mis
1430 1617 1445 1639 ,
1461 1587 1780 1632 solemnitatibus
1803 1589 1845 1631 δι
1857 1589 2043 1635 clausulis
2061 1590 2312 1645 fortitu-ibus

1343 1647 1569 1695 &insolitis
1578 1646 1778 1690 conceffis
1791 1674 1806 1698 ,
1832 1647 1900 1693 seu
1914 1644 2046 1696 forsan
2067 1650 2107 1694 in
2123 1647 2308 1697 fitt'urum

1342 1705 1649 1754 concedendis:
1682 1706 1860 1763 quibus,
1887 1707 2040 1753 etiamsi
2059 1708 2112 1752 ad
2138 1707 2309 1754 illorum

1340 1768 1680 1824 derogationem,
1703 1763 1847 1809 deillis
1868 1779 2095 1824 eorumque
2120 1767 2220 1812 totis
2240 1778 2306 1812 te-
2348 1779 2353 1789 ¹

1336 1827 1505 1871 notibus
1544 1824 1751 1882 specialis,
1779 1823 1965 1881 specifica
1988 1853 2005 1876 ,
2030 1828 2071 1869 δι
2095 1824 2272 1881 expressa
2286 1855 2305 1878 ,

1337 1884 1548 1929 individua
1562 1912 1578 1936 ,
1590 1896 1635 1926 ac
1648 1882 1701 1924 de
1713 1883 1840 1926 verbo
1850 1884 1903 1926 ad
1920 1885 2089 1927 verbum
2104 1910 2119 1935 ,
2135 1897 2216 1926 non
2234 1897 2307 1927 au·

1337 1955 1419 1987 tem
1438 1956 1508 1998 per
1520 1939 1726 1997 generales
1745 1940 1945 1984 clausulas
1974 1941 2015 1984 id
2033 1942 2307 1997 importante-s

1338 2001 1491 2043 mentio
1502 2027 1516 2050 ,
1535 1998 1601 2041 seu
1614 1997 1763 2054 quaevis
1779 1998 1856 2042 alia
1869 1998 2067 2056 expreffio
2081 1996 2261 2045 habenda
2278 2029 2300 2056 ‚

1336 2069 1407 2103 aut
1428 2057 1562 2114 aliqua
1591 2058 1670 2101 alia
1683 2058 1875 2115 exquifita
1892 2057 2024 2104 forma
2041 2058 2235 2104 servanda
2245 2057 2306 2104 ess

1337 2118 1421 2161 set:
1449 2118 1617 2161 illorum
1628 2118 1814 2161 omnium
1827 2114 1990 2163 tenores
2010 2117 2302 2175 presentibus,

1330 2190 1407 2232 pro
1421 2174 1663 2219 sufficienter
1675 2175 1865 2231 espreffis
1882 2205 1900 2229 ,
1913 2179 1955 2222 δι
1967 2175 2127 2222 insertis
2143 2178 2301 2223 baben-

1328 2244 1421 2286 tes,
1446 2232 1529 2276 illis
1553 2233 1654 2276 aliis
1676 2233 1717 2276 in
1740 2230 1971 2293 suombore
1995 2234 2297 2291 permansuris,

1330 2293 1407 2337 hie
1435 2291 1747 2355 ⁴vice-‚duntaxat
1773 2283 2003 2348 (perialiter
2038 2294 2079 2336 δι
2101 2294 2292 2350 expresse

1329 2353 1571 2409 derogamus
1586 2378 1602 2403 ‚
1615 2353 1833 2396 contrariis
1844 2351 2160 2410 quibuscumque
2173 2368 2187 2398 t
2203 2357 2292 2398 Aut

1329 2413 1356 2454 si
1370 2409 1560 2456 Ministris
1588 2411 1628 2454 δι
1649 2410 1849 2467 Magistris
1872 2422 1944 2460 aut
1959 2412 2171 2456 Fratribus
2191 2426 2294 2471 pre·
2354 2423 2358 2428 ·

1329 2469 1538 2523 fatis,'vel
1565 2470 1768 2526 quibusvis
1792 2469 1890 2517 alii-2
1908 2469 2189 2515 communiter
2222 2470 2291 2516 vel

1326 2527 1511 2578 divifim,
1540 2528 1588 2570 ab
1603 2528 1841 2584 Apostolica
1857 2529 2026 2575 sttrSede
2042 2529 2253 2575 indultum
2271 2557 2292 2583 ,

1325 2587 1434 2645 quod
1463 2586 1683 2636 interdici,
1704 2583 1920 2644 suspendi,
1950 2589 2016 2632 vel
2042 2601 2290 2633 excommu-

1321 2645 1448 2689 nicari
1476 2660 1558 2689 non
1582 2643 1723 2702 poffint
1748 2659 1822 2703 per
1844 2645 1983 2690 literas
1997 2646 2248 2700 apostolicas
2265 2675 2281 2699 ,

1324 2719 1405 2749 non
1417 2703 1618 2754 ‚facientes
1634 2703 1823 2760 plenam,
1841 2702 2113 2762 &expressam
2126 2733 2144 2756 ,
2169 2720 2213 2750 ac
2233 2707 2287 2750 de

1325 2765 1450 2807 verbo
1471 2763 1523 2807 ad
1550 2763 1719 2807 verbum
1741 2790 1757 2815 ,
1790 2765 1843 2809 de
1864 2764 2030 2808 indulto
2050 2762 2282 2819 hujusmodi

1322 2823 1570 2867 mentionem
1582 2834 1599 2875 ;
1629 2823 1832 2868 Ceterum
1844 2851 1859 2874 ,
1868 2822 1962 2880 quia
1974 2821 2142 2867 difficile
2155 2821 2287 2878 foret,

1321 2880 1530 2940 presentes
1555 2881 1697 2925 literas
1722 2909 1738 2933 ,
1769 2881 1820 2925 ad
1847 2881 2033 2939 quaelibet
2060 2880 2182 2934 loca,
2210 2883 2283 2927 ubi

1318 2955 1420 2999 opus
1437 2941 1559 2986 suerit
1572 2969 1588 2992 ,
1601 2938 1756 2984 deferri
1769 2971 1786 2993 ‚
1804 2942 1989 2986 volumus
2003 2942 2045 2985 ἀ
2055 2941 2284 2989 authorita-

1320 3012 1361 3044 te
1377 2998 1607 3057 Apostolicsl
1621 3000 1907 3053 decernimus,
1939 3000 2050 3058 quod
2077 3002 2277 3048 transum-

1315 3060 1397 3120 ptis
1413 3062 1491 3103 διε.
1515 3057 1634 3104 Nulli
1648 3072 1750 3116 ergo
1763 3062 1842 3105 διε.
1858 3060 1899 3104 Si
1912 3060 2004 3117 quis
2019 3061 2100 3104 &c-

1431 3120 1582 3163 Datum
1601 3120 1739 3163 Rome
1764 3117 1872 3176 apud
1901 3121 2090 3165 sanetum
2107 3119 2276 3163 Petrum

1319 3182 1443 3225 Anno
1477 3176 1768 3222 iucarnationis
1805 3177 2032 3222 Dominicae
2063 3176 2275 3221 millesimo

1311 3235 1840 3358 fniwte’meiifimorgfflmti’ri
1833 3233 2035 3354 stjpn’mod
2036 3235 2124 3338 pris:
2130 3235 2165 3280 ie
2185 3236 2226 3281 id
2233 3250 2274 3280 us

1339 3313 1419 3343 unu
1467 3307 1541 3342 ont
1587 3309 1634 3340 ca
1683 3308 1700 3339 s
1716 3308 1772 3339 no
1894 3307 1979 3340 nno
2039 3308 2101 3339 uin
2122 3309 2149 3339 o
2163 3322 2175 3335 .

1371 3416 1586 3474 Waedllng.
1596 3414 1761 3460 eom.t6.
1774 3413 1918 3458 Annal.
1924 3412 1999 3470 sol·
2014 3425 2039 3466 5
2050 3427 2083 3460 ι.
2100 3427 2148 3457 eu
2159 3422 2271 3458 aueo.

1304 3477 1461 3536 grapho
1470 3507 1484 3523 .
1511 3475 1679 3533 namq.
1691 3475 1735 3519 in
1747 3471 1896 3518 colle&-
1896 3471 1981 3532 sol.

2025 3829 2210 3878 Audien-
