2444 4192
802 195 963 281 Sub
1026 130 1452 285 Innocentio
1506 202 1603 286 X
1621 200 1662 284 Ι
1681 199 1737 284 I.

289 358 349 395 tes
368 377 382 400 ,
413 345 477 390 sed
504 359 554 387 ex
579 345 714 388 officio
734 350 818 387 tum
842 345 883 387 in
912 346 1241 401 visitationibus,

291 418 375 449 tum
393 405 431 448 in
446 404 534 447 aliis
554 407 704 449 astibus
717 403 898 446 &modis
911 431 925 454 ,
953 418 1051 459 quos
1077 409 1241 462 expedi-

285 465 414 516 re,&
434 466 650 507 convenire
664 463 811 512 toties,
839 461 1001 516 quoties
1034 463 1245 518 judicave-

288 525 386 572 rint,
406 523 646 576 inquirentes
661 551 676 575 ,
699 535 748 565 ne
761 519 911 576 aliquid
933 522 1214 563 committatur
1226 550 1243 571 ,

286 590 539 639 pervertatur
550 608 566 631 ,
587 581 811 630 differatur,
821 578 884 622 vel
898 578 1242 633 omittatur,quod

285 641 345 683 his
368 639 554 684 omnibus
576 666 593 692 ,
624 640 665 683 δι
689 636 847 696 fingulis
883 635 1070 678 Decretis
1099 635 1243 678 adver·

285 700 585 802 fetui-&aveant
603 739 969 812 etiam’respee'tivb
993 765 1132 795 omnes
1155 752 1240 794 Re·

284 814 445 871 gulare:
460 826 548 859 tum
562 816 750 866 subditi,
771 823 860 857 tum
883 811 1115 867 Superiores
1147 811 1242 864 qui-
1301 842 1304 846 .

280 886 466 975 {aaa
481 873 817 984 ”53:2252212’
831 868 1240 995 innatantia:

281 989 422 1038 tioa&
440 991 615 1034 omnium
640 991 896 1033 decretorum
918 983 1238 1044 pramilsorunu

280 1048 594 1100 executio,cum
608 1048 784 1105 pernicie
806 1047 1061 1105 propriarum
1086 1045 1239 1088 anima-

277 1099 1237 1221 3:¹3,sst‘ss'pssfissfflzffid‘t}'izss‘zsgssgbgtxii

279 1219 459 1263 fidelium
472 1223 664 1266 scandalo
677 1193 966 1279 quoquomodo
976 1222 1237 1271 omittantur,

276 1276 512 1323 differantur
524 1306 540 1330 ,
554 1278 807 1336 negligantur
818 1306 833 1328 ,
847 1279 912 1322 lieu
927 1287 1234 1332 pervertantur,

277 1335 459 1391 alioquin
486 1336 596 1380 ultra
622 1337 790 1392 propriae
816 1335 1063 1379 constientiae
1093 1347 1235 1376 onera·

278 1395 435 1438 tionem
448 1407 638 1453 ,poenam
681 1394 872 1438 rivations
888 1393 999 1437 vocis
1021 1392 1185 1440 aCtivae,
1198 1392 1237 1434 δι

277 1450 459 1509 paffisoe,
488 1467 536 1497 ac
561 1466 608 1509 gr
663 1466 789 1505 uum,
818 1450 1124 1504 &officiorurm
1153 1462 1239 1516 quat

281 1511 470 1556 obtinent
482 1536 498 1560 ,
511 1524 667 1555 necnon
688 1509 1026 1555 inhabilitationis
1045 1508 1095 1552 ad
1112 1505 1244 1564 hujufi

281 1568 398 1636 rnodi
419 1568 589 1626 gradus,
609 1570 648 1612 a&
675 1569 805 1613 officia
828 1565 1051 1613 obtinenda
1085 1565 1244 1624 prorsus

278 1635 512 1671 incurrant.

396 1688 555 1729 Cur-ent
579 1695 795 1743 propterea
818 1682 973 1742 proefati
1002 1682 1243 1741 Superiores

279 1742 509 1800 Regulares
535 1743 575 1785 in
600 1757 738 1787 omnes
756 1745 797 1787 ec
823 1743 996 1799 fingulos
1021 1751 1241 1785 contrave-

277 1801 433 1845 nientes
458 1800 607 1845 debitis
623 1799 757 1860 poenis
767 1802 1012 1857 diligenter,
1041 1801 1081 1843 δι
1102 1812 1243 1856 prom·

276 1859 364 1916 pte,
377 1861 500 1903 etiam
527 1873 598 1917 per
626 1860 923 1918 inquifitionem
950 1858 1242 1902 animadverte-

279 1931 356 1971 τες
380 1919 421 1961 δι
447 1917 601 1973 insuper
627 1928 840 1964 teneantur
869 1931 1011 1963 omnes
1034 1918 1075 1960 δι
1099 1915 1241 1972 finguli

278 1978 518 2032 Superiores
546 1976 698 2032 locales
739 1977 779 2021 in
807 1976 1127 2021 Provincialibus
1155 1978 1239 2018 Ca-

276 2034 416 2091 pitulis
429 2064 442 2088 ,
465 2035 528 2079 seu
542 2035 935 2094 congregationibus
966 2035 1159 2078 exhibere
1179 2039 1241 2075 at·

276 2092 530 2137 testationem
543 2123 559 2146 ,
582 2093 647 2139 seu
668 2094 790 2138 fidem
820 2094 868 2136 ab
898 2094 1081 2136 omnibus
1101 2097 1242 2136 Sacer-

276 2152 444 2199 dotibus
465 2153 730 2203 Conventus,
758 2153 985 2196 Monasterii
1001 2150 1097 2202 ,seu
1114 2147 1241 2205 cujus·

277 2223 450 2267 eumque
467 2208 617 2254 Domt‘is
643 2211 856 2267 Regularis
881 2209 1139 2266 subscriptam
1156 2237 1173 2259 ,
1198 2208 1239 2251 δι

271 2267 445 2325 juratam
473 2294 487 2318 ‚
517 2267 622 2323 quod
647 2269 835 2313 omnibus
863 2270 906 2311 δι
930 2266 1094 2324 lingulis
1117 2276 1236 2310 tunt„

332 2327 499 2385 rpetuis,
515 2335 600 2369 tum
616 2326 864 2372 manualibus
879 2325 1080 2370 Miffarum
1095 2324 1238 2369 oneri-

306 2398 350 2428 us
362 2413 379 2438 ,
402 2382 469 2429 seu
481 2383 799 2443 obligationibus
814 2384 865 2428 ad
882 2384 1051 2436 limites,
1067 2384 1107 2426 Bt
1118 2394 1237 2426 teno-

279 2457 367 2488 rem
384 2445 646 2500 presentium,
659 2445 924 2488 Decretorum
951 2453 1134 2499 tempore
1163 2454 1237 2484 eo-

275 2515 370 2545 rum
386 2502 592 2557 regiminis
607 2500 728 2548 suerit
744 2502 911 2546 omnino
931 2527 947 2551 ,
965 2504 1007 2544 δι
1032 2499 1237 2557 integrali-

277 2569 341 2603 ter
359 2556 597 2603 satisfactum
613 2587 628 2613 ,
659 2560 724 2604 vel
750 2558 963 2603 deficiente
991 2558 1124 2613 aliqua
1145 2572 1233 2601 mo·

276 2617 368 2667 dica
393 2616 690 2670 satisfactione,
710 2616 826 2674 poffit
852 2617 974 2661 etiam
1003 2615 1233 2672 hujusmodi

275 2674 462 2721 ressduali
475 2675 739 2733 implemento
758 2673 961 2720 Miffarum
975 2674 1156 2719 distinete
1175 2688 1235 2717 re-

259 2733 548 2791 ⁸serendarum,
563 2734 669 2776 intra
695 2734 817 2778 breve
843 2742 1000 2789 tempus
1023 2731 1236 2777 moraliter

279 2788 476 2853 satisfieri,
490 2790 537 2835 ed
549 2789 718 2847 adjecti,
729 2793 771 2834 δι
793 2792 958 2835 omnino
980 2788 1238 2846 adimplendi

278 2848 544 2901 conditione,
569 2851 682 2904 quod
707 2858 802 2893 ante
823 2847 991 2904 praefatae
1017 2848 1239 2893 attestatio·

283 2907 345 2951 nis
366 2906 659 2951 exhibitionem
673 2908 915 2963 quicumque
929 2907 1162 2961 Superiores
1183 2905 1240 2948 lo-

281 2966 390 3010 cales
401 2965 579 3023 predic‘ti
594 2979 736 3008 vocem
749 2965 918 3008 aflisam
934 2993 949 3016 ,
978 2962 1045 3009 seu
1059 2963 1242 3020 paffivam

279 3025 321 3068 iu
335 3025 568 3068 memoratis
584 3022 784 3079 Capitulis
803 3051 817 3074 ,
847 3021 914 3067 seu
940 3020 1242 3079 congregatio·

282 3082 398 3127 nibus
411 3083 574 3127 omnino
585 3083 735 3127 habere
748 3096 828 3125 non
843 3081 999 3126 valeant
1014 3110 1026 3124 .

395 3143 594 3186 Preterea
610 3140 879 3185 vainciales
892 3165 908 3189 ,
925 3138 1093 3190 vicarii,
1109 3140 1150 3181 8ι
1165 3138 1242 3183 Vi·

278 3197 463 3245 fitatores
487 3199 828 3250 Provincia-um,
854 3197 918 3241 seu
945 3197 1239 3260 congregatio·

280 3272 377 3305 num
391 3257 599 3302 debebunt
624 3259 663 3302 in
678 3257 756 3301 fine
780 3269 925 3302 eorum
954 3255 1153 3312 regiminis
1169 3258 1240 3300 Su·

279 3317 505 3375 perioribus
519 3316 789 3362 Generalibus
813 3317 855 3359 in
882 3314 1010 3358 forma
1045 3314 1241 3370 probante

282 3374 491 3420 ostendere
514 3404 528 3428 ,
555 3375 667 3434 quod
695 3374 926 3419 executioni
951 3372 1240 3428 presentium-0

284 3434 552 3478 Decretorum
566 3434 706 3479 sedulo
723 3431 1038 3490 invigilaverint,
1049 3433 1091 3475 δι
1104 3433 1151 3475 ad
1166 3445 1240 3475 eo·

284 3505 374 3535 rum
401 3501 583 3537 tenorem
615 3494 656 3536 in
675 3493 859 3536 omnibus
882 3494 920 3534 &
946 3489 1103 3547 lingulis
1125 3492 1238 3533 Con-

284 3549 470 3593 veotibus
494 3580 510 3602 ,
536 3551 600 3596 seu
627 3551 876 3596 Monasteriis
906 3579 921 3602 ‚
947 3549 1012 3592 vel
1039 3549 1238 3593 Domibus

283 3607 551 3663 Regularibus
568 3610 814 3661 Provinciae,
844 3609 910 3651 seu
941 3607 1237 3664 congregatio-

281 3668 341 3710 nis
354 3666 406 3708 de
420 3669 604 3711 omnibus
616 3670 657 3713 ὰ
669 3668 829 3724 lingulis
842 3668 1034 3711 oneribus
1049 3695 1065 3719 ,
1077 3669 1117 3710 &
1130 3667 1236 3710 obli-

277 3724 528 3780 gationibus,
541 3739 587 3768 ae
602 3726 753 3771 infimul
782 3726 1111 3770 fitisfaaionibus
1139 3726 1236 3769 Mis·

277 3783 407 3828 sarum
433 3785 608 3828 exafiam
631 3812 648 3838 ,
671 3787 712 3831 δι
734 3786 971 3843 diligentem
997 3785 1235 3831 rationem-a

2026 212 2193 317 461

1300 352 1528 405 exegerint,
1540 363 1586 391 ac
1598 359 1741 392 eontra
1755 347 2030 404 delinquentes
2059 360 2108 400 ad
2124 361 2257 405 decla.

1280 437 1287 442 -
1300 418 1497 448 rationem
1512 433 1526 456 ,
1537 407 1574 445 8(
1587 406 1870 448 executionem
1886 407 2102 463 respective
2115 430 2256 468 poena.

1301 478 1388 506 rum
1402 464 1443 505 in
1458 463 1634 507 decretis
1658 473 1948 506 contentarum
1976 470 2228 521 procefferint
2241 500 2256 524 ,

1300 521 1406 564 &de
1421 518 1739 573 adimplemento
1763 519 1872 562 circa
1899 536 1945 563 ea
1959 549 1975 572 ,
1998 537 2082 578 quae
2105 527 2146 567 in
2166 540 2262 582 μω-

1301 577 1420 621 miffis
1432 576 1480 618 ad
1501 575 1605 631 ipsos
1623 576 1810 631 spectant,
1824 578 2003 634 legitime
2025 581 2257 636 docuerint,

1300 635 1397 678 alias
1412 635 1462 677 ad
1480 648 1622 677 vocem
1638 636 1806 678 activam
1820 664 1836 689 ,
1858 639 1897 679 &
1915 637 2097 692 pallis-am
2121 640 2160 682 in
2176 643 2263 684 Ca-

1300 693 1436 750 pitulis
1476 692 1745 739 Generalibus
1781 694 2010 741 nullatenus
2036 696 2258 743 admittan-

1301 763 1367 795 tur
1382 778 1398 794 ο

1417 810 1645 861 Caeteritm,
1672 811 1764 868 quia
1791 813 1913 856 etiam
1941 812 1992 856 ad
2010 813 2260 871 quamplures

1298 867 1782 916 Archiconsraternitares
1808 899 1823 923 ,
1859 871 2262 927 confraternitates,

1297 926 1524 972 societates
1543 954 1558 977 ‚
1586 928 1942 984 Congregationes
1962 958 1976 981 ,
2009 930 2265 987 Hospitalia,

1298 984 1460 1028 Altaria
1473 1013 1489 1038 ,
1507 983 1710 1039 Capenas,
1725 988 1917 1034 Oratoria
1931 990 1972 1030 ἃ
1986 989 2200 1040 Ecclelias,
2214 1005 2262 1034 ac

1298 1043 1373 1087 alia
1398 1042 1516 1096 loca,
1545 1043 1724 1099 &opera
1739 1046 1802 1100 pia
1826 1046 2133 1101 quomodolibet
2155 1062 2263 1092 nun·

1298 1110 1442 1159 cupata
1455 1132 1470 1156 ,
1487 1115 1574 1159 quae
1595 1108 1835 1160 cuicumque
1848 1118 1953 1148 cura:
1968 1131 1982 1154 ,
2015 1105 2081 1150 seu
2098 1106 2264 1164 regimi-

1297 1162 1338 1206 ni
1351 1190 1366 1212 ,
1385 1171 1453 1204 aut
1469 1161 1805 1207 administrationi
1817 1192 1833 1214 ,
1857 1162 1919 1207 vel
1936 1161 2148 1208 directioni
2161 1165 2261 1210 Lai..

1296 1233 1435 1263 corum
1450 1218 1665 1276 cujuslibet
1682 1220 1827 1276 gradus
1839 1251 1856 1274 ,
1884 1221 2002 1266 ssatus
2015 1251 2031 1275 ‚
2055 1222 2262 1268 conditio·

1295 1279 1358 1322 nis
1374 1307 1389 1328 ,
1403 1278 1443 1320 δι
1455 1279 1777 1333 praeeminentiae,
1793 1282 1910 1325 etiam
1928 1280 2115 1338 speciali,
2143 1283 2185 1325 δι
2198 1283 2262 1325 in-

1301 1334 1497 1378 dividuali
1527 1346 1623 1381 nota
1657 1337 1874 1392 dignorum
1900 1339 2106 1383 dumtaxat
2127 1366 2144 1390 ‚
2188 1338 2255 1380 vel

1299 1405 1650 1449 quorumcumque
1677 1393 2040 1440 Ecclefiasticorum
2059 1421 2075 1444 ,
2102 1397 2144 1438 ὰ
2173 1397 2263 1439 Lai·

1300 1464 1443 1495 corum
1458 1449 1680 1506 hujusmodi
1698 1452 1854 1495 mistim
1869 1451 2151 1496 commendata
2161 1482 2177 1507 ,
2191 1467 2265 1496 an-

1301 1521 1402 1552 nexa
1415 1534 1432 1558 ,
1444 1507 1510 1552 seu
1528 1501 1912 1568 quomodocumque
1925 1508 2130 1555 cornmiffa
2147 1539 2163 1564 ‚
2194 1512 2260 1556 vel

1302 1566 1497 1609 attributa
1511 1569 1601 1613 sunt
1615 1594 1630 1618 ,
1643 1581 1743 1614 onus
1754 1595 1771 1620 ,
1786 1569 1849 1613 seu
1865 1583 1958 1614 cura
1972 1569 2262 1616 celebrationis

1304 1622 1506 1667 Milsarum
1521 1655 1536 1678 ,
1547 1625 1626 1670 fise
1640 1626 1910 1676 manualium,
1927 1628 2007 1672 five
2020 1628 2070 1672 ad
2087 1638 2169 1673 tem
2226 1643 2261 1682 s,

1304 1683 1367 1726 vel
1380 1684 1421 1724 in
1439 1696 1673 1741 perpetuum
1688 1686 1865 1740 pertinet
1879 1699 1895 1740 3
1910 1687 2015 1731 Hinc
2029 1685 2148 1732 salvis
2177 1702 2264 1732 em·

1303 1754 1373 1799 per
1389 1741 1434 1783 iis
1449 1768 1465 1793 ,
1479 1755 1561 1798 que
1586 1744 1626 1785 in
1646 1742 1882 1798 proeinsertis
1909 1745 2095 1789 Decretis
2125 1747 2263 1791 conti-

1302 1809 1451 1844 nentur
1477 1826 1492 1850 ,
1514 1814 1652 1844 omnes
1683 1802 1724 1844 δι
1752 1806 1995 1859 quicumque
2025 1802 2256 1860 hujusmodi

1302 1858 1812 1903 Archiconsraternitatum
1823 1887 1837 1911 ,
1852 1861 2098 1905 societatum
2114 1887 2130 1910 ,
2143 1865 2262 1905 Con-

1301 1916 1578 1972 gregationum
1591 1946 1607 1971 ,
1628 1917 1897 1973 Hospitalium
1911 1947 1927 1970 ,
1940 1919 2163 1971 Altarium,
2178 1922 2261 1963 Ca·

1300 1974 1501 2032 pellarum
1512 2002 1527 2024 ,
1545 1977 1832 2020 Oratoriorum
1843 1978 1880 2018 ἃ
1898 1977 2169 2022 Ecclefiarum
2184 2005 2199 2029 ,
2213 1991 2259 2021 ae

1301 2033 1475 2078 aliorum
1507 2033 1687 2079 locorum
1702 2062 1717 2085 ,
1740 2036 1780 2077 Gt
1799 2049 1967 2090 operum
1988 2036 2147 2090 piorum
2170 2038 2260 2079 Re-

1300 2094 1464 2143 ssores,
1478 2090 1544 2135 seu
1566 2091 1919 2137 Administratores
1933 2119 1948 2142 ,
1980 2093 2046 2136 vel
2068 2093 2258 2140 Direao·

1300 2163 1361 2194 res
1374 2175 1388 2198 ,
1403 2152 1440 2193 δι
1457 2149 1524 2193 alii
1539 2149 1760 2206 hujusmodi
1778 2149 1984 2197 officiales
1996 2178 2012 2202 ,
2040 2165 2198 2196 necnon
2213 2152 2260 2210 ii,

1298 2208 1349 2252 ad
1362 2221 1462 2263 quos
1475 2222 1570 2253 cura
1590 2208 1764 2252 Tabellae
1780 2237 1793 2261 ,
1814 2209 1854 2253 81.
1873 2207 2073 2253 librorum
2097 2211 2138 2254 in
2156 2221 2256 2267 pro·

1297 2266 1418 2310 millis
1443 2266 1590 2322 spectat
1602 2292 1617 2315 ‚
1632 2267 1857 2319 Tabellam,
1868 2266 1995 2312 libros
2007 2294 2021 2317 ‚
2037 2270 2077 2312 δι
2091 2269 2169 2312 haec
2182 2269 2261 2314 de·

1295 2334 1407 2370 creta
1425 2324 1639 2382 respective
1667 2324 1780 2380 justa
1802 2325 1948 2371 modos
1977 2325 2156 2383 superius
2186 2338 2257 2372 exi

1295 2382 1440 2440 preffos
1455 2412 1470 2436 ,
1485 2384 1667 2426 [imiliter
1681 2385 1857 2427 retinere
1872 2412 1886 2436 ‚
1911 2399 2068 2428 necnon
2090 2387 2140 2430 de
2155 2399 2256 2431 one·

1295 2444 1406 2486 ribus
1419 2470 1434 2493 ,
1462 2455 1507 2484 ac
1537 2441 1876 2486 celebrationibus
1889 2470 1904 2494 ,
1926 2445 1965 2486 &
1996 2443 2256 2501 eleemosynis

1294 2500 1492 2545 dielarum
1511 2499 1711 2543 Miffarum
1732 2501 1893 2557 lingulis
1918 2503 2033 2544 annis
2054 2505 2256 2547 rationem

1294 2560 1457 2614 exigere
1473 2585 1487 2608 ,
1508 2561 1543 2604 &
1561 2557 1779 2614 respeaive
1795 2560 1841 2602 iis
1855 2588 1870 2612 ,
1885 2559 1936 2603 ad
1950 2574 2053 2615 quos
2064 2562 2260 2614 pertinet,

1292 2616 1466 2660 reddere
1490 2617 1559 2660 sub
1583 2619 1712 2673 poenis
1726 2618 1908 2667 arbitrio,
1924 2620 2016 2661 &in
2031 2619 2255 2669 subfidium‚

1296 2676 1716 2720 excommunicationis
1726 2704 1741 2726 ,
1761 2685 1973 2721 teneantur
1985 2705 1998 2717 .

1413 2733 1615 2777 Postremo
1626 2734 1813 2775 omnibus
1824 2734 1866 2775 &
1878 2735 2254 2792 quibuscumque-s

1299 2802 1379 2836 tam
1403 2790 1689 2837 Ecclefiasticis
1713 2792 1886 2849 personis
1907 2792 2252 2850 cujuscumque-a

1298 2848 1469 2895 Ordinis
1482 2876 1497 2900 ,
1509 2847 1629 2894 ssatus
1640 2877 1657 2899 ,
1673 2848 1818 2903 grades
1830 2875 1846 2898 2
1862 2851 2024 2904 Regulae
2035 2880 2050 2902 ,
2066 2855 2259 2906 Congre-

1300 2906 1472 2964 gationis
1482 2932 1497 2954 ,
1510 2906 1727 2950 societatis
1744 2933 1758 2956 ,
1771 2906 2014 2951 conditionis
2028 2933 2042 2956 2
2065 2910 2106 2950 δι
2118 2908 2255 2961 digni-

1301 2964 1397 3009 tatis
1413 2963 1603 3014 exiliant,
1627 2965 1747 3018 quam
1771 2963 1900 3007 Laicis
1915 2979 2168 3020 quocumque
2183 2966 2257 3007 ho-

1302 3036 1403 3067 nore
1416 3050 1432 3074 ,
1445 3035 1492 3064 ac
1506 3021 1703 3077 potestate
1719 3020 1913 3076 predictis
1924 3023 2057 3064 omnia
2068 3024 2109 3065 δι
2122 3022 2257 3078 fingu-

1301 3082 1341 3124 la
1357 3079 1543 3137 proemiffa
1558 3079 1723 3125 decreta
1748 3078 2066 3135 interpretandi,
2095 3094 2255 3123 necnon

1300 3137 1585 3185 Ecclelialiicis
1598 3137 1794 3195 predictis
1808 3151 1949 3193 poenas
1973 3139 2011 3181 in
2025 3138 2255 3195 hujusmodi

1300 3197 1489 3245 Decretis
1505 3195 1737 3246 relaxandi,
1753 3195 1819 3238 sub
1834 3209 1999 3253 quoquo
2014 3198 2135 3240 modo
2146 3197 2254 3239 circa

1300 3253 1487 3312 praemili'a
1498 3253 1910 3312 dispensandi,omnis
1932 3257 1973 3298 δι
1998 3268 2254 3312 quaecumque

1300 3313 1469 3360 facultas
1484 3314 1531 3357 lit
1544 3314 1699 3371 penitus
1717 3314 1927 3357 interdieta
1942 3342 1954 3355 .

1412 3375 1510 3418 Non
1529 3372 1771 3417 obstantibus
1795 3373 1929 3429 quoad
1960 3371 2254 3429 suprascripta„

1297 3430 1430 3475 omnia
1445 3459 1462 3484 ,
1489 3432 1531 3473 δι
1559 3430 1710 3488 lingula
1742 3432 1781 3471 in
1815 3428 2037 3487 hujusmodi
2065 3431 2254 3474 Decretis

1297 3500 1514 3542 contenta,
1535 3490 1928 3540 constitutionibus,
1953 3490 1994 3531 δι
2017 3490 2256 3532 Ordinatio·

1296 3550 1410 3593 nibus
1434 3547 1748 3603 Apostolicis,in
1773 3547 1955 3614 favorem
1969 3561 2255 3604 quarumcum-

1295 3605 2254 3720 isscissta‘issssss‘ssssasszt‘32221‘3232?„‘?„⁵‚⁶321

1292 3724 1468 3769 litiarum
1481 3723 1628 3776 ,etiam
1643 3724 1855 3779 S-Joannis
1877 3716 2252 3777 Hierosolymirani,

1290 3783 1663 3841 C⁰¹¹8¹08²²i⁰¹¹¹¹m
1677 3811 1692 3836 2
1717 3785 1966 3829 Societatum
1979 3812 1995 3836 ,
2015 3794 2063 3823 ac
2086 3772 2249 3874 etgigrtsli·
