2444 4192
895 206 1398 326 Appendix
1430 272 1447 292 .

187 366 343 426 gnitate
370 364 646 411 Ecclefiastica'
684 363 908 410 constituta
948 368 1118 411 munitis
1137 393 1152 416 a

185 428 354 471 eandem
370 426 531 484 prorsus
542 425 661 468 fidem
669 424 820 471 haberi,
835 439 918 480 quar
931 426 1038 469 hisce
1050 440 1151 482 prae-

182 485 359 529 sentibus
369 487 583 531 haberetur
595 511 610 535 ,
641 482 668 525 fi
695 482 818 525 effent
832 484 1022 527 exhibitae
1035 511 1050 535 ‚
1084 481 1153 527 vel

185 545 344 589 ostensae
362 576 375 588 .
1115 576 1118 580 .

303 607 457 650 Datum
483 603 629 645 Romae
651 600 755 657 apud
781 601 964 642 sanetum
980 599 1150 641 Petrum

184 662 256 707 sub
271 663 438 708 Annulo
464 659 679 707 Piscatoris
694 687 708 711 ‚
734 658 803 700 die
825 657 955 713 prima
973 659 1149 700 Decem-

182 723 269 766 bris
286 724 364 766 160
373 717 670 764 1.Pontifieat1'is
683 716 820 763 Nostri
837 717 957 759 Anno
968 714 1153 759 Decimo.

608 837 717 880 tx.

186 959 453 1027 Ampliatio
465 957 596 1020 hujus
613 947 967 1007 constitutionis
981 949 1041 1001 ad
1053 968 1151 1002 om-

253 1046 334 1078 nes
347 1065 363 1089 ,
378 1029 517 1078 etiam
537 1028 735 1076 minores
753 1042 779 1074 2
789 1040 835 1090 5.
847 1024 974 1075 annis
989 1059 1005 1082 ,
1021 1024 1150 1072 dum-

220 1110 222 1113 “
249 1099 394 1150 modo
411 1095 686 1168 vigesimum
699 1097 833 1164 etatis
847 1111 1016 1146 annum
1027 1111 1151 1144 com-

250 1170 482 1238 pleverint
495 1204 510 1217 .

221 1296 332 1351 UR
352 1259 652 1380 BANps'
684 1278 899 1345 PAPA
936 1296 1116 1343 v111.

330 1420 402 1467 Ad
420 1400 657 1492 perpetuos
674 1421 738 1481 Q}
764 1419 1035 1497 nemum&

318 1534 548 1581 Postolatfis
570 1535 751 1583 officium
762 1535 788 1588 ,²
801 1535 867 1579 ‘eui
883 1534 1040 1580 meritis
1056 1533 1157 1579 lieet

338 1596 561 1654 imparibus
575 1624 590 1648 ,
610 1594 849 1653 disponente
874 1596 963 1640 Deo
988 1622 1006 1649 ,
1027 1594 1158 1651 prasi-

184 1659 347 1709 demus,
358 1657 382 1702 a
396 1655 511 1700 uobis
524 1654 714 1710 postulat,
733 1664 795 1707 ut,
810 1656 1006 1711 quantum
1028 1655 1159 1698 Nobis

184 1730 236 1763 ex
261 1716 349 1758 alto
376 1712 618 1757 conceditur
640 1742 654 1766 ,
679 1713 941 1771 delinquendi
965 1712 1159 1757 fiduciam

184 1770 484 1831 compescamus
507 1771 549 1815 in
576 1772 624 1816 iis
639 1769 852 1831 prasertim
866 1799 885 1822 ,
905 1784 1082 1830 quorum
1103 1771 1155 1815 eo

183 1833 383 1888 sacrilega
397 1829 583 1888 proceffit
602 1830 796 1881 audacia,
824 1841 871 1876 ut
889 1829 930 1876 se
955 1829 1158 1876 beneficio

186 1894 354 1938 minoris
381 1890 508 1935 atatis
536 1886 674 1946 spretis
686 1889 934 1949 Apostoiieie
946 1890 1157 1936 Constitu-

129 1997 131 2000 ,
187 1952 364 1996 tionibus
378 1949 628 1995 confoveant
640 1950 684 1994 in
698 1950 852 1994 delictis
867 1977 883 2002 ,
895 1963 1072 2007 quorum
1084 1948 1159 1992 sss-

186 2012 288 2057 tutis
301 2010 416 2069 penis
429 2006 466 2050 se
481 2006 639 2053 idcirco
660 2006 807 2064 iactant
831 2010 998 2052 minime
1029 2007 1159 2064 subja-

187 2084 286 2115 cere
301 2098 315 2112 .
347 2068 459 2113 Alias
472 2068 663 2124 siquidem
687 2072 709 2114 a
725 2067 850 2112 felicis
864 2066 1161 2114 recordationis

190 2130 410 2174 Clemente
438 2129 544 2183 Papa
568 2128 688 2170 vlu.
711 2125 1162 2175 Praedecefforenostro

187 2186 426 2232 emanssrunt
441 2185 570 2229 literae
584 2186 736 2229 tenoris
750 2184 952 2244 sequentis
965 2199 986 2241 ς
1014 2185 1162 2230 videli-

187 2255 281 2292 cet.
313 2245 633 2302 ClemensPnpa
650 2245 771 2290 vm.
797 2245 862 2289 Ad
888 2239 1162 2305 perpetuam„

187 2307 246 2351 rei
262 2304 499 2350 memoriam
512 2330 526 2348 .
553 2305 635 2354 Etli
652 2303 755 2348 alias
763 2303 892 2348 felicis
909 2303 1162 2348 recordnio-

189 2366 251 2409 nis
263 2365 410 2408 Paulus
422 2365 529 2419 Papa
551 2364 627 2406 IV.
643 2360 910 2409 Praedeceffor
923 2365 1059 2408 noster
1072 2363 1164 2407 reli-

188 2423 350 2480 qua,uti
362 2420 516 2479 {ofilio
528 2423 760 2466 collaterali.
778 2427 885 2468 Cum
899 2433 1052 2476 autem,
1063 2420 1162 2465 ficut

185 2479 623 2539 accepimus,uonnulli
634 2481 850 2540 privilegio
861 2483 1026 2526 minoris
1041 2483 1166 2540 etatis

183 2542 304 2586 nimis
317 2539 474 2583 temere
489 2538 651 2590 confisi,
677 2541 718 2583 δε
743 2541 881 2599 legum
904 2543 1161 2597 indulgentia

183 2597 308 2652 freti,
335 2609 457 2656 penas
479 2598 504 2642 ἰ
531 2596 579 2641 d:
601 2596 834 2642 Clementis
857 2599 1161 2644 ivr-decessoris

184 2655 534 2713 constitutionein
547 2653 772 2711 hujusmodi
785 2655 1071 2715 delinquentes
1086 2659 1160 2701 sta·

184 2712 620 2770 tutas‘parvipendere
639 2708 877 2768 proeffimm
892 2729 907 2759 ³
935 2719 1021 2760 Nos
1047 2718 1161 2760 dete·

184 2772 357 2824 stantes,
375 2773 414 2814 &
430 2799 444 2822 ,
457 2769 653 2828 quantum
667 2771 708 2812 in
726 2770 938 2825 nobisest,
965 2774 1160 2822 cohibere

185 2831 370 2875 volentes
384 2831 547 2888 impiam
560 2848 579 2881 ,>
607 2842 652 2872 ac
665 2827 858 2877 nefariam
873 2831 1019 2876 horum
1035 2839 1160 2876 teme·

180 2891 351 2936 ritatem
360 2915 376 2940 ‚
399 2890 468 2946 qui
481 2885 724 2946 atrociffimo
740 2889 818 2933 hoc
834 2887 987 2934 scelere
997 2893 1158 2935 Catho—

185 2949 310 2994 licam
325 2947 541 2992 veritatem
555 2973 569 2996 s
583 2960 670 3003 quae
687 2946 794 2990 solos
808 2950 1073 3006 Presbyteros
1095 2950 1159 2995 di·

186 3010 346 3051 &orum
376 3009 734 3051 sacramentorum
762 3006 958 3052 ministros
982 3007 1059 3051 effe
1078 3008 1157 3053 do-

185 3066 286 3116 cuit,
306 3063 413 3108 facto
424 3066 679 3124 impugnant,
690 3065 868 3123 negocio
879 3065 1112 3125 hujusmodi
1120 3068 1157 3111 in

186 3125 524 3184 congregatione
540 3125 844 3173 venerabilium
867 3127 1060 3171 Fratrum
1086 3141 1159 3170 no-

180 3185 530 3229 ntorum-Sanctae
544 3186 738 3228 Romane
751 3182 1161 3230 Ecclesmcard.Ge-

187 3243 387 3288 neralium
405 3242 694 3301 inquisitorum
708 3256 846 3285 coram
878 3245 994 3288 nobis
1023 3245 1158 3286 habita

189 3301 347 3348 mamre
376 3299 546 3345 discurro
570 3302 854 3353 ,finhaerentes
877 3300 1159 3347 constitutioni

188 3359 406 3417 predictae,
438 3359 605 3418 aliisque
620 3360 798 3404 decretis
824 3375 896 3418 per
914 3360 982 3406 fel.
997 3362 1157 3406 record.

188 3416 365 3463 Paulum
379 3421 456 3462 lv.
483 3421 524 3462 δι
549 3420 708 3464 Sixtum
723 3422 777 3464 V.
791 3422 998 3466 Romanos
1015 3424 1158 3465 Ponti-

188 3477 285 3521 fices
301 3477 607 3523 Prodeeeffores
629 3479 787 3523 nostros
812 3490 961 3524 contra
981 3478 1156 3526 similia-2

190 3542 476 3593 perpetrantes,
482 3537 618 3586 editis,
632 3552 759 3594 eaque
772 3538 897 3582 etiam
908 3540 960 3583 ad
973 3539 1156 3586 effeeum

189 3593 425 3651 praedietum
449 3600 603 3639 matura
617 3596 940 3650 deliberatione,
965 3600 1158 3656 deque.»

188 3651 429 3708 Apostolieae
451 3653 659 3698 Potestatis
685 3657 936 3713 plenitudine
960 3659 1158 3714 amplian-

187 3721 250 3756 tes
260 3739 276 3762 ‚
303 3711 344 3752 &
355 3711 530 3754 extende
537 3720 622 3754 ntes
636 3715 711 3759 hae
727 3715 861 3759 nostra
873 3718 1076 3775 perpetuo
1093 3731 1158 3760 va-

187 3771 314 3815 litura
327 3768 615 3814 constitutione
642 3771 870 3828 statuimus,
902 3777 944 3819 δι
968 3776 1156 3822 decerni·

188 3843 278 3872 mus
294 3855 310 3880 ‚
322 3836 366 3871 ut
379 3826 431 3871 de
445 3837 594 3873 caetero
608 3834 819 3892 perpetuis
833 3831 980 3879 futuris
994 3846 1155 3895 tempo-

1934 247 2120 331 545

1212 367 1327 409 ribus
1342 394 1358 418 ,
1370 363 1439 421 qui
1454 359 1695 419 inposterum
1729 360 1779 404 ad
1794 360 1945 406 sacrum
1961 370 2181 422 Presbytei

1212 423 1322 467 ratiis
1345 423 1542 464 Ordinem
1567 435 1644 462 non
1671 431 1880 474 promotus
1899 424 2050 467 Missam
2072 427 2180 473 celer

1214 485 1332 524 brare
1343 508 1360 532 ,
1381 489 1452 522 aut
1465 478 1797 521 sacramentalem
1811 478 2092 524 confeffionem
2106 491 2178 523 aud

1211 540 1303 582 dire
1318 535 1632 594 praesumpserit,
1657 545 1771 578 atate
1799 538 1949 580 minori
1974 541 2084 579 annis
2114 542 2177 580 vi-

1209 598 1508 654 gintiquinque,
1530 610 1612 638 non
1629 593 1841 638 excusetur
1853 624 1869 649 ‚
1884 597 2095 652 quominus
2121 596 2182 649 ei-j

1207 657 1301 698 dem
1332 654 1559 698 Clementis
1585 653 1861 696 constitutioni
1899 653 2133 712 subjiciatur
2157 684 2174 706 ,

1213 713 1443 771 dummodo
1465 712 1698 768 vigefimum
1733 710 1809 755 suae
1842 714 1968 756 aetatis
1998 727 2182 756 annum...

1214 771 1486 829 compleverit
1501 799 1513 822 ,
1530 772 1689 827 ipseque
1701 784 1783 813 non
1799 781 2008 825 promotus
2031 772 2081 815 fic
2106 771 2183 814 de-

1210 833 1398 889 linquens
1411 830 1526 874 nulla
1543 831 1679 873 habita
1702 829 2026 875 confideratione
2040 830 2183 887 praefa-

1211 901 1260 934 tae
1274 891 1444 933 minoris
1458 890 1587 932 aetatis
1603 917 1617 940 ‚
1644 889 1724 931 live
1738 888 1881 931 Laicus
1895 917 1909 941 ,
1940 890 2019 933 five
2034 891 2176 933 Cleri·

1210 964 1282 993 cus
1312 948 1506 993 secularis
1522 977 1536 999 ,
1558 958 1626 989 aut
1646 946 1818 1004 cujusvis
1835 948 2029 997 Ordinis,
2059 952 2178 991 Con-

1210 1008 1459 1064 gre-gationis
1473 1036 1486 1059 ‚
1499 1007 1717 1050 Societatis
1732 1035 1745 1056 ,
1764 1007 1889 1048 etiam
1905 1006 1954 1048 de
1971 1006 2177 1050 necestita-

1210 1078 1252 1112 te
1267 1067 1536 1123 exprimeudae
1552 1065 1769 1122 Regularis
1787 1094 1800 1117 ,
1813 1075 1879 1106 aut
1898 1065 2013 1119 cujus
2008 1069 2063 1108 vis
2077 1066 2181 1109 alte·

1210 1128 1294 1171 rius
1309 1126 1478 1169 instituti
1492 1154 1507 1178 ,
1524 1127 1643 1169 etiam
1658 1125 1916 1182 quantumvis
1930 1126 2127 1181 exempti,
2142 1126 2183 1165 δι

1212 1185 1457 1244 privilegiati
1477 1213 1490 1236 ,
1528 1182 1730 1240 Nobisque
1755 1186 1795 1226 δι
1823 1184 2063 1239 Apostolicae
2090 1182 2185 1227 Sedi

1212 1245 1444 1288 immediate
1459 1242 1617 1300 subjecti
1632 1270 1646 1293 ,
1660 1257 1816 1287 necnon
1831 1243 2071 1287 Militiarum
2086 1247 2189 1299 qua-t

1213 1317 1480 1358 rumcunque,
1494 1306 1615 1345 etiam
1629 1304 1760 1346 Sancti
1769 1304 1930 1359 joannis
1948 1301 2188 1355 Hierosoly-

1213 1363 1373 1410 mitani,
1392 1361 1725 1412 suerit‚tradatur
1739 1363 1876 1404 Curiae
1889 1360 2060 1405 saeculari
2078 1359 2191 1416 penis

1213 1419 1365 1462 debitis
1381 1419 1617 1476 plectendus
1631 1447 1646 1472 ‚
1671 1419 1802 1475 licque
1819 1422 1852 1460 Sc
1870 1433 1953 1461 non
1971 1420 2094 1461 aliter
2113 1432 2186 1474 per

1215 1475 1475 1533 quoscunque
1489 1480 1641 1520 Sanan
1653 1477 2098 1534 1uquifitionisjudices
2112 1503 2126 1526 ‚
2151 1479 2188 1517 &

1218 1537 1500 1592 lnquifitores‚
1515 1536 1636 1592 etiam
1651 1535 1860 1591 generales
1875 1539 2024 1579 Sanctae
2041 1539 2194 1579 Roma-

1218 1610 1276 1641 na
1291 1594 1473 1639 Ecclefiae
1488 1594 1743 1647 cardinales,
1756 1595 1796 1636 δι
1812 1594 1998 1637 locorum
2014 1596 2192 1638 Ordina-¹

1219 1656 1300 1699 rios
1315 1685 1331 1706 ,
1360 1652 1513 1696 sublata
1528 1655 1585 1697 eis
1601 1684 1616 1707 ,
1643 1655 1682 1696 δι
1706 1668 1845 1697 eorum
1867 1654 2034 1698 cuilibet
2048 1655 2193 1712 quavis

1218 1714 1338 1757 aliter
1353 1712 1560 1770 judicandi
1576 1715 1646 1766 ,δι
1663 1713 1958 1770 interpretandi
1977 1713 2191 1763 facultate,

1219 1774 1256 1816 δι
1282 1772 1526 1816 auctoritate
1554 1772 1724 1829 judicari
1740 1799 1755 1822 ,
1778 1772 1996 1816 &diffiniri
2010 1774 2190 1826 debere,

1219 1847 1268 1875 ac
1281 1833 1444 1875 irritum
1472 1833 1511 1874 δε
1524 1832 1643 1874 ina‘ue
1658 1861 1674 1882 ,
1690 1831 1714 1873 fi
1729 1830 1839 1874 secus
1854 1830 1968 1888 super
1981 1832 2042 1874 his
2055 1834 2078 1876 ὲ
2091 1845 2191 1888 quo-

1219 1905 1341 1948 quam
1357 1891 1499 1947 quavis
1513 1893 1758 1935 auctoritate
1774 1888 1944 1935 scienter
1957 1917 1971 1939 ,
1989 1890 2055 1933 vel
2071 1891 2191 1947 igno-

1219 1961 1361 1997 ranter
1390 1950 1615 2006 contigerit
1646 1950 1870 2000 attentari,
1896 1949 2160 1993 decernimus
2176 1977 2189 1991 .

1219 2010 1434 2068 Qiocirca
1443 2010 1630 2053 omnibus
1655 2010 1697 2051 δι
1708 2007 1868 2064 lingulis
1879 2034 1897 2057 ‚
1925 2007 1973 2051 sd
1987 2022 2087 2064 quos
2101 2007 2190 2063 spe·

1220 2075 1329 2122 etat,
1357 2069 1398 2110 ἃ.
1421 2083 1497 2125 pro
1514 2078 1698 2124 tempore
1710 2066 2017 2124 quomodolibet
2045 2065 2189 2122 speeta-

1221 2131 1287 2173 bit
1302 2156 1319 2180 ,
1333 2129 1373 2170 in
1402 2129 1558 2171 virtute
1575 2125 1713 2169 sanetae
1743 2126 1988 2170 obedientia
2012 2125 2191 2170 districte

1222 2187 1490 2246 praecipiendo
1502 2187 1762 2238 mandamus,
1773 2195 1970 2243 quatenus
1984 2185 2190 2235 statutum,

1222 2249 1436 2292 decretum
1451 2272 1465 2295 a
1488 2248 1528 2289 δι
1555 2245 1881 2290 constitutionem
1898 2245 1999 2287 hanc
2015 2246 2192 2288 nostram

1223 2304 1513 2350 inviolabiliter
1525 2302 1795 2358 observent,&
1806 2303 2009 2347 observari
2028 2303 2190 2347 faciant.

1225 2369 1320 2411 Non
1338 2365 1588 2408 obstantibus
1610 2364 1962 2408 constitutionibus
1976 2394 1991 2415 ,
2018 2364 2059 2405 δι
2081 2364 2192 2406 ordi-

1225 2426 1458 2468 nationibus
1484 2422 1731 2481 Apostolicis
1758 2453 1773 2476 ‚
1816 2438 1862 2465 ac
1889 2424 1929 2465 in
1957 2423 2155 2466 Conciliis
2171 2452 2187 2473 ‚

1224 2486 1350 2529 etiam
1363 2485 1614 2540 generalibus
1630 2483 1779 2530 editis,
1803 2482 1927 2525 etiam
1955 2484 1995 2524 in
2021 2494 2194 2539 corpore

1215 2545 1322 2602 Juris
1345 2544 1487 2587 clausis
1515 2573 1529 2597 ‚
1560 2556 1721 2587 necnon
1755 2542 1934 2599 Legibus
1956 2572 1970 2595 ‚
1993 2543 2164 2584 statutis
2181 2569 2197 2593 ,

1225 2604 1412 2646 Decretis
1428 2634 1446 2657 ‚
1471 2601 1879 2654 consuetudinibus,
1900 2603 1938 2644 δι
1968 2601 2195 2656 Privilegiis

1220 2663 1270 2703 ad
1286 2661 1470 2705 favorem
1486 2663 1693 2705 minorum
1711 2662 2032 2717 vigintiquinque
2053 2661 2163 2702 annis
2175 2689 2191 2711 ‚

1220 2720 1564 2777 quomodolibet,
1589 2721 1631 2760 8ι
1645 2720 1892 2776 ubicumque
1903 2719 2092 2763 locorum
2107 2718 2197 2762 edi-

1220 2782 1364 2831 rimie
1373 2779 1476 2821 aliis
1492 2780 1535 2821 in
1549 2778 1726 2832 ipsorum
1741 2776 1925 2823 favorem
1938 2778 2195 2829 facientibus,

1218 2835 1454 2892 Apostoliea
1486 2835 1610 2877 etism
1640 2833 1973 2884 confirmatione,
2006 2850 2054 2879 ac
2082 2834 2194 2891 jura·

1217 2903 1360 2939 mento
1387 2922 1403 2947 ,
1441 2891 1513 2936 seu
1538 2892 1683 2949 quavis
1704 2890 1895 2937 firmitate
1923 2893 2004 2937 alia
2025 2896 2195 2943 robora-

1218 2956 1272 2998 tis
1284 2979 1297 2991 ·
1325 2953 1484 3012 Quibus
1501 2952 1689 2995 omnibus
1705 2953 1745 2994 &
1764 2951 1930 3009 lingulis
1942 2952 2108 2996 illorum
2125 2963 2191 2996 te-

1216 3026 1340 3058 nores
1371 3011 1629 3068 praesentibus
1646 3025 1720 3067 pro
1735 3010 1973 3055 sufficienter
1983 3012 2193 3068 expreffis‚

1217 3075 1259 3116 δι
1284 3070 1334 3114 ad
1355 3074 1520 3115 verbum
1534 3069 1693 3114 insertis
1704 3071 1894 3114 habentes
1908 3098 1922 3119 ,
1938 3070 2192 3127 specialiter,

1222 3134 1260 3174 &
1275 3127 1459 3186 expresse
1474 3130 1720 3187 derogamus
1734 3159 1750 3182 ,
1773 3129 2008 3187 caeterisque
2022 3139 2191 3174 contra-

1223 3192 1296 3235 riis
1320 3190 1540 3247 qnibuscun
1573 3204 1622 3242 ue
1646 3218 1658 3231 .
1692 3191 1896 3233 Volumus
1921 3200 2087 3239 autem,
2119 3190 2190 3230 ha-

1221 3263 1312 3293 rum
1327 3251 1545 3301 literarum
1558 3248 1893 3305 publicationem,
1909 3251 1945 3292 &
1963 3249 2190 3292 affixionem

1219 3308 1305 3352 fieri
1331 3307 1444 3365 juxta
1473 3306 1650 3352 formam
1674 3310 1714 3350 in
1746 3307 1934 3363 praedicta
1957 3308 2190 3351 Clementis

1218 3366 1510 3411 constitutione
1520 3366 1815 3426 praescriptam,
1840 3366 1981 3424 easque
2009 3366 2192 3422 publica·

1217 3436 1276 3468 tas
1288 3451 1305 3476 2
1318 3428 1361 3469 Ge
1375 3426 1509 3470 affixas
1527 3440 1668 3472 omnes
1683 3428 1787 3469 intra
1807 3426 1981 3478 Urbem,
2002 3429 2043 3469 δι
2057 3436 2187 3475 extra,

1218 3495 1302 3529 tam
1320 3486 1426 3528 citra
1440 3513 1454 3534 ‚
1478 3489 1597 3543 quim
1610 3485 1719 3528 ultra
1735 3495 1892 3528 montes
1907 3489 2091 3538 &·mare,
2105 3486 2189 3541 post

1218 3554 1375 3600 tempus
1389 3546 1429 3586 in
1444 3545 1524 3602 ipsa
1538 3545 1765 3588 Clementis
1781 3545 2072 3589 constitutione
2088 3557 2186 3600 prae·

1217 3603 1344 3648 fixum
1358 3606 1509 3648 aroare
1521 3606 1588 3656 ,δι
1602 3602 1762 3646 afficere
1774 3632 1789 3655 ,
1807 3618 1853 3646 ac
1866 3604 1890 3646 fi
1906 3605 2077 3649 cuilibet
2089 3614 2183 3657 per·

1218 3663 1410 3706 sonaliter
1425 3663 1614 3706 intimatae
1641 3659 1801 3704 fuissent
1813 3692 1830 3704 .,
1860 3663 2096 3708 Mandamus
2107 3672 2181 3713 pa-

1217 3724 1318 3765 riter
1333 3750 1348 3773 ,
1371 3731 1418 3765 ut
1443 3722 1658 3767 earundem
1674 3723 1929 3779 transumptis
1943 3754 1957 3775 ‚
1973 3723 2092 3764 etiam
2107 3718 2183 3757 im-

1212 3780 1367 3837 pressis,
1382 3795 1580 3838 manuque
1594 3781 1757 3825 Notarii
1774 3782 1925 3838 publici
1937 3775 2179 3830 subscriptis,

1213 3840 1541 3897 &figilloofficii
1557 3842 1710 3887 sanetae
1733 3839 1919 3897 Romanae
1947 3834 2178 3892 Inquifitio-

1630 3900 1668 3942 Z
1684 3911 1705 3941 z
1721 3910 1744 3939 z

2033 3894 2094 3936 nis
2111 3920 2126 3944 ,
