2444 4192
730 105 892 192 Sub
951 111 1326 197 Clemente
1391 109 1575 198 VII
1586 108 1642 191 I.

239 259 424 307 conceffis
437 285 454 310 ,
476 257 667 311 degentes
695 263 807 297 extra
820 261 1059 305 Conventus
1073 263 1184 306 clau·

237 320 340 370 stra,
357 315 409 359 ad
433 328 480 357 ea
495 313 788 369 quamprimum
811 328 1052 360 revocentur
1068 346 1083 368 ,
1110 335 1182 362 nec

235 378 288 422 de
302 385 473 424 entem,
504 371 572 415 nifi
595 386 643 415 ex
657 370 881 428 graviffima
896 374 1010 415 causa
1033 378 1057 419 a
1081 377 1184 419 Sede

234 432 466 491 apostolica
475 430 683 487 probanda
698 457 716 482 ,
737 428 959 486 hujusmodi
973 431 1184 475 facultates

224 489 407 538 -eoncedi
421 489 568 546 poffint
581 518 594 531 .

288 564 314 605 3
319 565 358 605 3.
421 547 540 593 Nulli
552 546 807 605 imposterum
820 545 871 590 ad
886 546 1100 597 Habitum,
1114 555 1184 587 aut

230 608 513 668 profeffionem
530 610 800 660 admittantur
812 635 828 657 ,
851 604 918 647 nifi
937 606 975 647 in
988 608 1183 648 Conven-

230 670 340 713 tibus
363 681 434 725 per
459 667 607 716 sedem
636 664 913 721 Apostolicam
939 664 979 708 in
1003 662 1184 721 qualibet

230 727 448 774 Provincia
460 723 704 782 deputandis
714 753 727 767 .

291 798 359 841 34.
417 785 576 827 Curent
599 784 825 839 Superiores
839 809 855 833 ,
878 789 922 824 ut
937 780 1188 826 constitutio

229 842 480 888 interdicens
496 842 728 897 largitiones
741 855 956 884 munerum
971 867 986 888 a
1012 841 1055 883 δι
1084 852 1183 896 prae-

227 902 406 947 scribens
421 897 706 958 hospitalitatis
720 899 891 943 sormam
923 900 972 942 ab
998 899 1183 941 omnibus

228 961 272 1004 in
284 958 472 1016 quolibet
485 964 705 1004 Conventu
727 956 1022 1003 inviolabiliter
1043 956 1180 1001 obser-

226 1029 347 1063 vetur
363 1048 376 1060 .

286 1092 360 1134 35.
419 1077 622 1122 Utomnis
637 1075 862 1120 officiorum
883 1074 1053 1119 ambitus
1064 1089 1182 1118 occa·

226 1136 284 1180 fio
297 1134 568 1192 praeludatur
583 1163 598 1186 ,
631 1144 804 1176 careant
820 1148 958 1178 omnes
970 1135 994 1176 a
1007 1134 1156 1177 directa
1168 1162 1183 1184 ‚

225 1195 296 1238 vel
309 1193 501 1237 indirecta
515 1203 687 1241 vocum,
714 1191 778 1233 seu
799 1191 1071 1246 suffragiorum
1086 1206 1182 1247 pro-

222 1250 434 1298 curatione
447 1277 462 1303 ,
474 1257 556 1293 tam
572 1261 649 1303 pro
665 1249 703 1288 se
716 1247 805 1304 ipfis
821 1275 836 1300 ,
849 1252 970 1305 quam
988 1262 1061 1305 pro
1073 1250 1180 1299 aliis,

223 1323 310 1358 rum
333 1309 377 1352 in
390 1306 590 1365 Capitulis
605 1306 813 1354 locorum,
829 1314 916 1349 tum
940 1306 981 1347 in
1011 1307 1183 1358 caeteris,

227 1367 444 1430 praesertim
460 1362 729 1411 Generalibus
743 1364 947 1421 Capitulis
962 1393 976 1416 ‚
992 1373 1060 1407 aut
1074 1368 1182 1408 Con-

256 1425 551 1483 regationibus,
574 1424 637 1468 seu
651 1422 773 1466 alibi.
800 1425 1042 1480 Quicunque
1071 1423 1179 1467 secus

245 1485 432 1537 eccrint,
462 1493 603 1542 praeter
616 1481 715 1524 alias
730 1494 872 1536 poenas
887 1510 902 1532 ‚
931 1484 969 1523 δι
1000 1480 1180 1525 censuras

226 1546 415 1588 haetenus
438 1550 582 1586 contra
598 1534 826 1598 hujusmodi
840 1539 1062 1582 ambientes
1077 1540 1181 1582 infli-

227 1605 308 1646 Ctas
324 1630 339 1655 ,
367 1615 462 1658 quas
489 1602 532 1643 in
555 1598 623 1642 suo
647 1599 795 1641 robore
811 1611 1046 1653 permanere
1062 1598 1180 1641 volu-

225 1661 315 1704 mus
329 1686 344 1709 ‚
358 1660 399 1703 in
414 1670 578 1716 poenam
594 1655 831 1710 privationis
851 1656 1180 1711 officiorum,quae

224 1719 443 1769 obtinent,
469 1730 522 1761 eo
538 1713 622 1772 ipso
635 1712 845 1764 incidant,
866 1716 906 1756 δι
933 1715 983 1758 ad
1012 1712 1180 1759 futura...

221 1789 470 1835 Quaque
483 1775 635 1832 pariter
649 1772 846 1817 inhabiles
861 1774 1081 1817 habeantur
1091 1802 1105 1825 ,
1123 1772 1179 1814 su·

226 1829 1182 1940 aainsessis}messanenses?22

183 1952 186 1957 ’
229 1968 305 2012 pro
325 1950 523 2008 qualitate
537 1946 603 1994 cul
659 1961 747 1990 rum
773 1948 930 2002 gravius
956 1952 1076 1992 etiam
1098 1947 1183 2002 ple-

229 2016 390 2057 ctantur
403 2036 416 2051 .
444 2010 572 2052 Porro
613 2004 842 2061 upradietas
869 2020 1009 2050 omnes
1040 2020 1182 2061 poenas

229 2071 282 2116 ad
307 2067 522 2124 complices
545 2095 562 2119 ,
587 2078 632 2107 ae
669 2064 900 2121 fimpliciter
924 2064 1116 2116 scientes,
1144 2066 1184 2108 δι

228 2142 310 2173 non
321 2124 546 2171 revelantes
559 2122 809 2166 extendimus
825 2151 837 2163 .

287 2185 357 2241 36.
417 2185 465 2226 In
480 2182 742 2236 Super-iorum
754 2206 770 2230 ‚
783 2181 824 2221 δε
840 2179 1084 2225 officialium
1095 2195 1181 2222 om·

229 2243 344 2291 nium
357 2238 622 2286 electionibus
633 2235 760 2282 forma
780 2239 1004 2295 prescripta
1029 2242 1051 2284 a
1070 2241 1182 2282 sacro

221 2296 743 2348 ConcilioTrid.&Ordinis
756 2296 1109 2342 constitutionibus
1124 2298 1181 2339 in·

226 2360 474 2405 violabiliter
500 2354 680 2400 servetur
702 2383 717 2408 ‚
734 2354 951 2413 jurentque
978 2357 1181 2402 Eleaores

226 2417 437 2464 secundum
467 2416 685 2462 veritatem
713 2412 904 2471 cujusque
935 2414 1181 2460 constieutiae

225 2477 465 2536 probiores,
489 2488 535 2519 ac
547 2473 674 2529 magis
702 2472 868 2519 idoneos
897 2474 935 2519 se
947 2476 1145 2520 electuros
1164 2502 1179 2525 ,

226 2551 275 2581 ae
287 2543 498 2594 propterea
511 2533 736 2590 priusquam
766 2531 817 2575 ad
841 2533 1081 2578 electionem
1105 2533 1176 2574 de-

222 2595 407 2641 veniatur
419 2619 434 2643 ‚
445 2593 486 2637 in
503 2591 641 2649 primis
654 2592 695 2635 Gt
707 2601 799 2637 ante
812 2595 948 2637 orunia
964 2593 1178 2648 praelegan-

224 2664 292 2698 tur
309 2651 627 2698 constitutiones
641 2650 692 2694 de
705 2651 913 2708 qualitate,
925 2654 966 2696 δι
981 2650 1177 2708 requisitis

179 2718 182 2721 ’
226 2711 533 2767 eligendorum.
564 2707 628 2752 Ad
640 2707 772 2751 officia
786 2737 801 2760 ‚
820 2710 995 2766 gradus,
1018 2714 1060 2755 δι
1075 2714 1178 2755 Prae-

225 2771 376 2814 laturas
393 2765 453 2809 illi
468 2766 668 2823 precipue
682 2765 887 2821 eligantur
901 2796 916 2820 ,
927 2770 994 2824 qui
1019 2767 1179 2824 poffint,

227 2831 267 2872 δι
297 2824 580 2871 consueverint
594 2823 774 2880 Regulas
788 2824 980 2877 Ordinis,
1002 2828 1040 2869 δι
1067 2828 1181 2868 Con-

227 2885 452 2930 stitutioues
462 2879 680 2927 observare
691 2910 706 2934 ,
730 2882 944 2935 prastrtim
956 2899 1042 2941 quae
1055 2885 1179 2940 perti-

229 2953 330 2989 nent
353 2943 404 2986 ad
417 2941 625 2986 servitium
639 2939 794 2993 Chori,
823 2956 868 2985 ac
896 2942 1082 2989 vestitum
1097 2975 1114 2996 ‚
1142 2945 1182 2986 δι

230 3005 380 3048 vietum
393 3011 648 3045 communem
658 3027 671 3040 .

287 3074 358 3116 37.
418 3058 634 3116 Eligantur
657 3056 697 3099 in
720 3057 914 3114 Capitulo
944 3058 1138 3103 Generali
1163 3089 1180 3111 ,

229 3121 298 3165 vel
313 3117 558 3163 Provinciali
572 3115 728 3170 aliquot
742 3128 886 3172 graves
902 3144 917 3168 ,
942 3119 983 3161 δι
998 3116 1116 3172 periti
1129 3131 1179 3161 ex

229 3179 432 3224 Fratribus
443 3174 660 3234 cujuslibet
675 3176 894 3219 Provinciae
905 3203 921 3227 ‚
931 3174 1068 3219 saltem
1083 3185 1181 3228 tres,

220 3237 302 3292 :qni
331 3236 611 3280 admittendos
641 3232 692 3276 ad
716 3234 1039 3290 pradicationem
1066 3236 1179 3279 verbi

233 3295 311 3339 Dei
322 3323 341 3348 ‚
352 3295 422 3340 vel
433 3294 484 3339 ad
499 3291 716 3339 audiendas
729 3291 1011 3343 confeffiones‚
1023 3293 1183 3338 etiam..

233 3351 404 3463 m:
415 3351 1105 3456 ffiifflessimissssi⁶¹⁰¹5ffiffi⁰⁸
1118 3353 1184 3454 {¹31

240 3467 383 3512 bentur
396 3496 415 3521 2
434 3471 479 3514 ἃ
488 3470 552 3517 >ad
566 3424 1021 3527 hujusmodi’ministelria
1034 3426 1185 3512 adgnit-

240 3530 408 3569 tantur..
422 3529 590 3573 ⁴{inrum
601 3528 721 3573 etiam
734 3542 839 3571 curae
861 3527 908 3571 fit
933 3528 1154 3571 examinare
1169 3557 1184 3580 ,

237 3582 491 3637 &probam
516 3595 599 3630 tam
626 3587 762 3642 quoad
785 3587 1035 3639 doetrinam3
1065 3586 1182 3640 quim

237 3639 370 3696 quoad
385 3654 545 3694 mores,
567 3646 871 3700 promovendos
900 3647 950 3689 ad
980 3647 1181 3702 quoscun-

236 3712 314 3755 que
329 3698 530 3752 Ordine&
554 3700 595 3744 in
619 3717 701 3759 quo
730 3703 910 3749 {erretur
931 3702 1179 3748 decretum

1984 141 2020 217 3
2044 149 2080 191 2
2093 146 2145 221 7

1243 262 1583 316 congregationis
1601 262 1870 311 interpretum
1885 259 1997 302 Sacri
2018 269 2197 310 Concilii

1245 318 1473 361 Tridentini
1487 345 1501 365 ,
1516 319 1589 358 hac
1602 315 1655 357 de
1670 313 1784 357 causa
1798 328 1926 369 nuper
1943 318 2097 363 editum
2112 351 2126 372 ‚
2160 328 2200 366 &

1245 374 1550 430 promulgatum
1565 400 1578 411 .

1302 431 1372 484 38.
1433 428 1543 470 nlud
1556 440 1682 482 porro
1697 429 1932 483 Superiores
1961 445 2099 474 omnes
2131 436 2197 478 in„

1247 488 1425 531 Domino
1437 485 1712 534 admonemus,
1729 495 1771 528 ut
1787 501 1983 530 memores
2000 488 2071 531 lint
2085 493 2206 534 ratio-

1244 547 1441 600 nis,quam
1460 543 1499 586 in
1516 542 1726 586 noviffimo
1739 543 1806 588 die
1820 545 2018 588 reddituri
2030 547 2116 590 sunt
2130 563 2203 603 pro

1243 617 1368 661 grege
1383 602 1452 644 fibi
1467 600 1676 644 commisso
1687 629 1702 653 2
1716 617 1762 645 ac
1775 615 1988 660 propterca
2001 607 2110 647 omni
2124 607 2204 648 stu-

1244 663 1316 705 dio
1329 662 1543 716 invigilent
1557 687 1570 709 ,
1589 671 1649 713 ut,
1663 676 1746 718 quae
1769 665 1808 706 in
1825 664 2059 706 eorumdem
2078 665 2201 705 Ordi-

1249 736 1342 763 num
1358 720 1528 775 Regulis
1542 749 1557 771 ,
1584 722 1624 761 &
1647 721 2012 765 Constitutionibus
2042 721 2094 764 de
2108 736 2201 764 ora-

1248 781 1361 822 tione
1378 779 1570 827 mentali,
1589 778 1769 830 mentio,
1785 780 1950 837 jejuniis
1964 809 1980 833 ,
2006 781 2201 837 Capitulo

1244 838 1477 894 culparum,
1508 836 1674 893 aliisque
1702 838 1965 893 spiritualibus
1990 840 2198 884 exercitiis

1244 896 1470 954 prudenter
1483 924 1496 945 ,
1523 910 1567 936 ac
1587 897 1651 951 pie
1668 895 1815 941 fincita
1829 898 1920 942 suot
1938 926 1951 949 ,
1975 911 2021 939 ea
2038 899 2170 941 omnia
2184 925 2198 945 ,

1241 960 1278 1000 Sc
1295 956 1444 1012 lingula
1459 954 1509 997 ad
1526 967 1701 1009 unguem
1732 957 2017 1008 observentur,
2046 957 2202 1000 intelli-

1241 1026 1417 1072 gantque
1435 1016 1551 1070 super
1584 1014 1646 1055 his
1675 1015 1801 1058 veluti
1825 1015 2093 1058 fundamentis
2113 1029 2199 1058 om-

1244 1076 1351 1117 nium
1365 1074 1621 1130 Religionum
1644 1072 1809 1116 aedificia
1836 1075 2098 1117 construenda
2116 1102 2130 1125 ,
2161 1076 2201 1115 δε

1243 1133 1471 1188 amplianda
1497 1131 1600 1181 esse,
1630 1146 1716 1188 quae
1743 1143 1788 1176 ut
1808 1131 2034 1176 faciliorem
2048 1135 2200 1176 exitum
2225 1131 2229 1136 ’

1242 1191 1496 1242 sortiantur,
1527 1193 1564 1233 δι
1596 1188 1745 1233 fruetus
1769 1193 1974 1235 uberiores
2006 1193 2045 1235 in
2062 1193 2201 1235 animis

1242 1251 1426 1291 Fratrum
1449 1249 1676 1304 producant
1702 1277 1716 1300 ,
1746 1251 1865 1294 valde
1892 1262 2202 1305 opportunum.)

1240 1308 1319 1349 erit
1334 1335 1350 1358 ,
1364 1307 1389 1349 fi
1409 1309 1449 1349 in
1461 1306 1643 1362 quolibet
1660 1311 1881 1352 Conventu
1894 1335 1909 1358 ,
1924 1307 2084 1363 lingulis
2102 1307 2199 1350 heb-

1240 1364 1425 1408 domadis
1439 1365 1636 1406 habeatur
1648 1364 1775 1406 sermo
1804 1365 1856 1409 de
1882 1365 2064 1422 religiosa
2085 1364 2201 1409 disci-

1238 1424 1348 1481 plina
1360 1451 1375 1474 ,
1389 1422 1644 1481 regularique
1657 1423 1910 1469 observantia
1923 1453 1936 1467 .

1301 1496 1368 1540 39.
1432 1481 1530 1538 Quo
1550 1482 1643 1524 vero
1658 1484 1793 1527 omnia
1806 1484 1998 1529 ordinate
2009 1496 2201 1540 peragan-

1242 1547 1336 1591 tur,
1363 1539 1781 1595 appendaturtabella
1805 1544 1843 1586 in
1868 1543 1964 1586 loco
1978 1545 2196 1598 conspicuo

1243 1597 1547 1654 uniuscujusque
1563 1598 1827 1651 Conventus,
1859 1601 1898 1643 in
1926 1615 2005 1658 qua
2021 1600 2197 1643 districte

1241 1659 1480 1707 adnotetur,
1494 1655 1589 1712 quid
1605 1655 1768 1714 lingulis
1784 1658 1892 1702 boris
1905 1660 2092 1717 cujusque
2115 1660 2196 1702 diei

1241 1717 1416 1772 quilibet
1444 1717 1581 1758 Frater
1609 1717 1789 1769 praestare
1818 1717 1989 1770 debeat,
2016 1729 2060 1760 ut
2085 1730 2200 1761 certo

1239 1788 1401 1830 quoque
1437 1774 1544 1828 figno
1575 1776 1833 1827 praemonitus
1847 1802 1862 1825 s
1893 1778 2045 1832 majore
2076 1778 2198 1818 animi

1241 1832 1528 1888 preparatione
1555 1831 1626 1873 suo
1647 1835 1802 1876 muneri
1816 1833 2044 1878 satisfacere
2057 1833 2194 1889 poffit.

1239 1895 1337 1948 Qae
1365 1889 1533 1933 Ordinis
1549 1890 1900 1943 Constitutioues,
1933 1893 1991 1935 his
2018 1892 2201 1935 Decretis

1242 1964 1322 1992 non
1354 1946 1615 1991 adversantur
1635 1974 1652 1997 ,
1693 1949 1888 1994 inviolate
1933 1951 2201 1996 custodienda

1243 2016 1360 2050 erunt
1375 2034 1387 2046 .

1301 2077 1373 2118 40.
1433 2063 1595 2121 Qibus
1609 2064 1753 2107 horum
1772 2067 2045 2111 Decretorum
2059 2068 2202 2123 capiti-

1244 2126 1314 2166 bus
1327 2133 1439 2165 certa
1455 2136 1575 2178 poena
1592 2122 1813 2178 praescripta
1828 2140 1909 2169 non
1926 2126 1982 2169 est
1997 2155 2011 2176 ‚
2025 2127 2196 2170 arbitrio
2260 2136 2263 2141 '

1242 2180 1457 2224 Generalis
1471 2210 1486 2230 ,
1503 2181 1564 2223 vel
1581 2180 1749 2223 alterius
1766 2183 1987 2228 immediati
2002 2185 2197 2240 Superio-

1242 2240 1293 2281 ris
1310 2239 1514 2292 infligatur
1529 2265 1540 2277 ·
1575 2239 1631 2280 Ut
1645 2251 1781 2284 autem
1796 2243 1876 2286 haec
1892 2242 2102 2299 Decreta(
2117 2243 2194 2285 do-

1241 2312 1316 2342 nec
1339 2299 1418 2340 alia
1433 2326 1447 2348 ‚
1461 2312 1543 2354 quae
1561 2297 1784 2352 pleniorem
1798 2300 2127 2345 reformationem
2140 2300 2198 2343 fa-

1240 2358 1350 2400 cient
1367 2385 1382 2408 ,
1396 2356 1606 2412 edantur)
1633 2359 1683 2399 ab
1695 2360 1877 2403 omnibus
1888 2360 2093 2404 observari
2104 2360 2196 2417 pos·

1242 2414 1315 2458 fint
1330 2444 1344 2467 ,
1363 2414 1538 2458 districte
1552 2417 1803 2473 precipimus
1821 2420 2089 2464 Generalibus
2103 2448 2117 2471 ,
2150 2435 2193 2462 ac

1238 2475 1424 2518 omnibus
1444 2474 1530 2518 aliis
1551 2475 1850 2532 quibuscunque
1874 2480 2159 2532 Superioribus
2178 2506 2192 2527 ‚

1238 2535 1288 2575 ad
1300 2547 1399 2587 quos
1414 2533 1492 2575 hoc
1510 2533 1657 2588 spectat
1671 2562 1687 2586 ,
1700 2544 1745 2578 ut
1758 2547 1902 2579 curent
1915 2565 1930 2587 ,
1943 2551 1987 2579 ac
2006 2535 2196 2590 efficiant,

1238 2607 1284 2636 ea
1312 2592 1447 2634 omnia
1473 2592 1579 2635 inter
1602 2593 1699 2636 alias
1729 2596 1954 2638 eorundem
1965 2595 2194 2641 ordinum-0

1238 2652 1556 2696 constitutiones
1586 2654 1785 2707 perpetuo
1812 2653 2006 2698 valituras
2030 2654 2190 2709 redigi,

1237 2709 1450 2755 interdie'li
1464 2711 1633 2754 omnino
1656 2725 1799 2755 eorum
1814 2711 1973 2767 lingulis
1999 2711 2193 2756 facultate

1236 2770 1325 2814 illas
1336 2768 1603 2819 declarandi,
1628 2771 1669 2812 δι
1694 2769 1884 2815 adversus
1909 2785 1974 2815 ms
1987 2786 2193 2827 unquam-s

1238 2826 1520 2882 dispensandi.
1549 2826 1743 2879 Alioquin
1758 2827 1884 2872 sciant
1911 2828 1949 2872 se
1975 2830 2013 2872 in
2029 2844 2191 2886 poenam

1239 2883 1511 2930 Generalntfis
1523 2914 1538 2937 ,
1563 2886 1603 2926 δι
1623 2884 1845 2927 officiorum
1859 2885 2095 2940 privationis
2110 2915 2125 2938 ,
2146 2904 2191 2935 ac

1243 2943 1505 2987 inhabilitatis
1519 2951 1722 3000 perpetua
1731 2942 1781 2984 ad
1795 2942 1872 2985 alia
1883 2957 2044 3000 quoque
2056 2959 2194 2988 munc-

1243 3016 1288 3044 ra
1302 3002 1387 3058 ipso
1402 3000 1506 3044 fano
1517 3027 1532 3048 ‚
1560 3002 1601 3042 &
1612 2998 1692 3042 fine
1706 2999 1788 3044 ulla
1799 3002 2038 3058 exceptione
2054 3017 2098 3046 re
2105 3002 2128 3045 s
2119 3018 2191 3059 pe—

1239 3061 1342 3102 euve
1354 3057 1532 3103 incidisse
1547 3086 1559 3098 .

1296 3132 1346 3174 41
1360 3147 1373 3160 .
1432 3121 1494 3159 Ne
1524 3117 1619 3160 vero
1640 3125 1836 3173 praetextu
1862 3118 1995 3162 dilatae
2010 3119 2189 3174 publica·

1241 3177 1359 3219 tionis
1367 3191 1505 3220 eorum
1520 3175 1751 3218 observatio
1763 3204 1777 3226 ,
1803 3178 2092 3233 quoquomodo
2104 3177 2184 3221 dis.

1240 3234 1336 3278 ferri
1352 3236 1466 3292 possit
1480 3263 1494 3285 ,
1506 3244 1575 3279 aut
1589 3233 1802 3290 impediri,
1826 3236 2025 3285 volumus,
2042 3246 2086 3280 ut
2106 3238 2188 3292 post

1243 3294 1406 3337 illorum
1435 3292 1744 3350 publicationem
1771 3293 1811 3339 in
1836 3297 2055 3337 Conventu
2082 3325 2097 3346 ,
2125 3298 2186 3339 vel

1243 3353 1491 3396 Monallerio
1501 3352 1723 3407 cujuslibet
1744 3353 1908 3396 Ordinis
1933 3353 1984 3396 de
2003 3354 2116 3397 Urbe
2130 3353 2187 3396 fa-

1240 3414 1345 3455 etam
1361 3441 1376 3463 ‚
1390 3410 1652 3462 Generalem,
1664 3409 1838 3465 aliosque
1852 3412 2052 3455 Ordinum
2061 3418 2188 3470 Supe-

1241 3469 1388 3522 riores,
1399 3466 1902 3526 caeterosquequoscunque
1913 3473 2073 3515 Fratres
2089 3487 2184 3528 prae-

1241 3527 1372 3571 sentes
1385 3556 1400 3579 ,
1413 3527 1541 3573 statim
1557 3541 1570 3571 :
1585 3527 1760 3580 reliquos
1773 3540 1872 3573 vero
1893 3528 2071 3574 absentes
2086 3534 2181 3574 citra

1242 3596 1394 3628 montes
1409 3613 1424 3637 ,
1436 3586 1549 3627 unius
1563 3585 1704 3628 mensis
1719 3584 1856 3635 ,ultra
1868 3598 2047 3640 montes,
2062 3591 2179 3632 trium

1241 3642 1427 3687 mensium
1442 3642 1636 3698 spatioita
1649 3645 1803 3687 arerent
1816 3671 1830 3695 2
1853 3661 1901 3691 ae
1915 3649 1942 3690 fi
1952 3661 2091 3690 eorum
2107 3648 2179 3688 fin·

1240 3702 1344 3759 gulis
1358 3700 1622 3761 personaliter
1636 3702 1817 3747 intimata
1832 3703 1988 3751 fuissent
2000 3733 2012 3744 ·

1966 3775 2036 3816 42.
2067 3762 2127 3800 In·
