2444 4192
307 214 475 322 548

237 365 387 416 futuris
400 398 416 421 ‚
430 371 498 415 vel
510 370 687 415 occultis
700 369 823 413 rebus
833 393 847 417 ‚
863 373 932 409 aut
945 367 1056 411 factis
1073 368 1213 424 exqui-

238 442 333 473 runt
350 461 366 484 ‚
388 442 436 475 ut
450 434 595 475 merito
606 432 659 473 ab
672 432 755 476 eis,
787 439 890 485 quos
907 429 1110 471 Dominus
1133 441 1208 472 ιη.)

234 491 464 548 Evangelio
488 504 623 533 tacere
646 488 895 545 imperavit,
922 501 1072 539 vanas,
1099 501 1212 530 men-

235 549 432 607 dacesque
446 549 621 595 referant
636 546 905 604 responliones
915 576 927 588 .
943 548 1028 590 Alii
1043 560 1207 603 quoque

231 611 534 666 praestigiatores
550 637 565 660 ,
577 606 826 664 frequentius
847 609 946 652 sero
961 605 1208 650 mulierculae

232 670 415 723 quadam
430 667 770 724 superstitionibus
782 665 934 710 deditae
945 666 986 710 in
1008 667 1170 722 phyalis
1189 691 1205 715 ‚

232 728 303 769 seu
318 727 482 770 vasculis
498 728 641 771 vitreis
654 740 756 784 aqua
770 724 900 782 plenis
910 752 927 775 ‚
941 725 1004 770 vel
1019 726 1059 768 in
1074 727 1210 781 specu·

231 785 281 828 lo
296 787 468 830 accenfis
489 786 695 836 candelis,
717 785 844 829 etiam
867 783 1088 829 benedictis
1102 812 1117 836 ,
1138 784 1208 828 sub

233 845 398 888 nomine
415 846 563 902 Angeli
588 846 722 890 Sanffl
736 874 751 898 ,
773 846 815 887 δι
833 844 960 896 Albi,
986 842 1207 888 Diabolum

232 906 416 948 omnium
445 905 643 950 malorum
675 903 850 948 satorem
880 903 1080 961 supplices
1106 903 1207 945 ado-

236 972 371 1006 rantes
383 994 399 1017 ,
414 966 478 1008 rel
494 965 534 1008 in
549 964 771 1022 unguibus,
801 973 872 1008 aut
892 965 1028 1021 palma
1044 960 1181 1006 maniis
1192 988 1207 1011 ‚

233 1023 472 1082 quandoque
498 1025 622 1068 etiam
646 1024 744 1069 oleo
768 1023 972 1080 perunctis
999 1020 1206 1066 eundem-2

233 1084 412 1127 omnium
429 1084 681 1127 fallaciarum
694 1084 972 1127 Architectura
988 1090 1109 1124 orant
1119 1107 1135 1130 ,
1161 1090 1207 1122 ut

229 1144 414 1187 fimilitcr
427 1142 566 1187 futura
580 1170 596 1193 ‚
611 1143 676 1186 vel
691 1142 861 1188 occulta
873 1143 1021 1199 quavis
1035 1140 1206 1195 speetra,

228 1207 270 1247 δι
282 1214 519 1260 apparentes
534 1203 727 1259 imagines
739 1228 755 1251 ‚
786 1204 851 1246 seu
866 1200 1128 1259 phantasticas
1143 1197 1205 1240 vi-

227 1263 357 1307 fiones
375 1263 445 1307 fibi
460 1261 673 1313 ostendat,
697 1271 769 1304 aut
800 1262 851 1303 ab
871 1260 1020 1304 eodem
1048 1268 1205 1316 patre-2

229 1323 432 1366 mendacii
447 1320 622 1365 Diabolo
633 1320 723 1364 aliis
739 1320 1076 1364 inmutationibus
1091 1346 1107 1370 ‚
1132 1325 1204 1360 aut

227 1383 350 1424 variis
366 1379 642 1437 superstitiofis
654 1378 1003 1423 observationibus
1016 1405 1033 1429 ‚
1046 1377 1204 1420 futuro-

224 1457 316 1486 rum
357 1441 400 1482 δι
432 1440 689 1483 occultorum
725 1436 956 1493 hujusmodi
985 1437 1201 1480 veritatem

226 1509 407 1559 quarunt
418 1525 434 1548 ‚
460 1499 502 1540 δι
532 1496 760 1540 bominibus
772 1496 998 1548 praedicere
1023 1500 1200 1531 conten-

223 1562 329 1603 dum
343 1588 356 1598 .
388 1560 583 1610 Quorum
598 1550 809 1600 omnium,
835 1562 937 1606 quos
964 1552 1081 1602 supra
1097 1559 1196 1588 cnu-

226 1614 474 1661 meravimus
490 1607 736 1662 ,confimilis
759 1606 947 1665 impietas
959 1618 1096 1664 parem
1111 1604 1197 1647 cxi·

222 1689 311 1719 tum
325 1668 477 1720 babet‘,
496 1668 684 1711 nimirum
696 1692 712 1716 ,
736 1667 845 1723 quod
865 1665 1079 1710 Doemonis
1094 1676 1195 1721 ρης-

224 1734 346 1790 ssigiis
361 1760 376 1783 ,
388 1745 435 1772 ac
449 1728 557 1771 dolis
570 1752 585 1776 ,
596 1737 683 1770 tum
698 1727 767 1782 qui
781 1726 968 1769 divinant
984 1754 1001 1778 ,
1024 1735 1114 1768 tum
1126 1722 1197 1779 qui

223 1790 518 1837 divinationem
534 1795 750 1842 expetunt,
761 1785 865 1828 illusi
876 1814 894 1839 ‚
911 1800 958 1828 ac
986 1781 1110 1827 delufi
1125 1782 1202 1826 mi-

222 1850 393 1896 serrime
419 1847 681 1903 reperiuntur
708 1874 718 1886 .
749 1847 893 1901 ltaque
917 1858 1011 1888 cum
1038 1842 1197 1886 futuros

222 1920 395 1956 eventus
428 1907 469 1950 in
490 1904 617 1963 seipfis
631 1903 917 1954 confidente,
939 1915 1197 1960 antequam..-

221 1971 323 2016 fisnt
339 1997 354 2020 ‚
382 1968 430 2010 sit
457 1965 537 2009 Dei
564 1965 775 2020 proprium
799 1992 815 2017 ,
841 1962 948 2007 illud
979 1959 1197 2007 necelsario

221 2026 507 2084 consequitur,
518 2033 564 2067 ut
577 2022 786 2078 Astrologi
801 2051 818 2076 ,
845 2025 885 2066 &
901 2022 971 2065 alii
984 2019 1164 2080 predicti
1178 2048 1195 2072 ,

220 2089 290 2145 qui
306 2082 530 2139 hujusmodi
546 2080 680 2126 futura
692 2081 963 2137 praenunciare
976 2110 992 2134 ,
1007 2089 1076 2123 aut
1091 2094 1195 2136 prae-

219 2146 385 2190 noscere
394 2156 639 2199 quocunque
652 2141 777 2184 modo
787 2168 802 2190 ‚
815 2140 885 2185 nifi
900 2143 992 2185 Deo
1004 2139 1196 2183 revelan-

221 2218 266 2250 te
280 2234 296 2258 ‚
320 2204 473 2247 audent
487 2227 503 2251 ‚
531 2200 679 2257 injuste
706 2228 723 2254 ,
750 2211 876 2259 atque
905 2200 1165 2257 impudenter
1177 2227 1196 2251 ,

220 2263 335 2322 quod
351 2264 427 2306 Dei
440 2260 512 2312 est,
525 2261 595 2305 fibi
607 2257 870 2314 affumant‚&
882 2261 1071 2318 usurpent
1086 2287 1099 2301 .
1130 2257 1197 2302 Sic

219 2323 267 2369 fit
278 2353 292 2376 ,
303 2333 368 2375 ut,
380 2321 480 2364 dum
492 2322 545 2365 ab
554 2321 628 2372 eis,
640 2319 750 2376 quod
766 2319 888 2365 solius
902 2319 958 2364 est
966 2317 1198 2369 creatoris,

218 2394 436 2442 perperam
448 2381 644 2424 creaturis
659 2381 854 2425 tribuitur
867 2409 881 2432 ,
898 2380 1046 2423 Divina
1062 2376 1198 2434 Maie-

218 2444 295 2487 stas
305 2440 485 2497 graviter
509 2438 680 2484 laedatur
695 2468 711 2490 ,
722 2437 818 2485 fidei
835 2440 1048 2496 integritas
1063 2436 1194 2482 viole-

218 2512 287 2545 tur
298 2502 363 2550 ,dt
374 2499 578 2542 animabus
591 2498 770 2555 pretioib
782 2498 933 2545 christi
946 2497 1193 2555 sanguine-s

219 2558 447 2616 redemptis
458 2586 475 2611 ,
506 2558 626 2619 pestis
641 2586 657 2612 ,
685 2569 807 2619 atque
837 2558 1009 2604 exitium
1037 2557 1192 2614 impor-

218 2628 334 2662 ιαυῖ
349 2642 362 2658 s

274 2676 315 2727 §-
331 2692 371 2720 2-
437 2676 493 2719 Et
507 2676 604 2719 lieet
620 2676 861 2732 iampridem
873 2675 1027 2732 regulis
1041 2673 1194 2719 Indicis

220 2734 442 2780 Librorum
471 2733 771 2787 prohibitorum
810 2748 860 2778 ex
888 2736 1072 2776 Decreto
1093 2728 1193 2773 sacri

219 2792 418 2850 generalis
459 2791 689 2835 Tridentini
737 2791 920 2837 Concilii
960 2787 1153 2837 consecti,
1177 2815 1194 2840 ,

220 2851 322 2894 illud
352 2851 457 2893 inter
480 2860 623 2893 enters
647 2849 915 2893 constitutum
942 2847 1065 2891 fuerit
1089 2872 1105 2897 ‚
1146 2855 1192 2889 ut

221 2909 414 2967 Episcopi
431 2907 656 2965 diligenter
670 2908 937 2964 providerent
954 2933 969 2957 ,
990 2920 1039 2949 nc
1056 2903 1191 2961 hujus-

219 2968 329 3012 modi
344 2967 582 3025 astrologia
594 2967 804 3024 judiciaria
819 2967 912 3013 libri
928 2995 943 3020 ,
969 2966 1161 3010 tractatus
1177 2991 1193 3015 s

217 3030 258 3071 δι
279 3026 435 3070 indices
450 3026 685 3083 legerentur
696 3054 713 3078 ‚
738 3026 802 3072 vel
822 3027 1068 3071 haberentur
1082 3053 1098 3077 ,
1123 3022 1193 3081 qui

218 3087 270 3131 de
285 3085 429 3129 suturis
458 3086 788 3144 contingentibus
817 3084 1055 3132 suceeffibus
1067 3113 1083 3137 ‚
1112 3082 1194 3127 ior·

217 3147 380 3190 tuitisre
395 3143 573 3197 edibus,
592 3157 661 3190 sut
688 3146 736 3189 iis
751 3147 1003 3196 actionibus,
1025 3157 1111 3201 quc
1142 3144 1193 3187 ab

218 3206 389 3248 bumana
423 3203 637 3250 voluntate
654 3206 829 3263 pendent
842 3234 857 3260 ‚
889 3205 1005 3250 certo
1034 3202 1190 3261 aliquid

215 3275 457 3309 eventurum
483 3262 684 3309 affirmare
710 3266 861 3310 audent
874 3293 889 3317 ‚
918 3261 1110 3320 perminis
1128 3272 1189 3306 ta·

216 3336 310 3365 men
341 3323 447 3380 judic
455 3323 500 3367 iis
512 3350 529 3374 ⁴.
556 3326 598 3369 dt
626 3324 876 3371 naturalibus
894 3321 1189 3367 observationi-

217 3381 294 3425 bus
307 3410 321 3433 ‚
335 3395 419 3439 quoe
430 3383 757 3440 navigationibus
775 3414 790 3436 ,
804 3384 1060 3443 agricultura:
1071 3408 1087 3433 ,
1109 3380 1188 3425 live

214 3442 380 3484 medice
396 3443 496 3485 artis
510 3441 691 3498 juranda
704 3445 832 3501 grstia
847 3443 1076 3498 conscripta
1093 3436 1188 3485 fuis-

216 3497 331 3543 sent:
366 3502 510 3545 Libros
540 3502 639 3546 vcro
650 3516 792 3547 omnes
806 3531 822 3554 ,
850 3503 891 3547 δι
917 3500 1063 3557 scripta
1077 3503 1187 3545 Geo-

215 3558 375 3602 fflflfltfit
387 3585 401 3607 ν
419 3561 725 3615 Hydromsntiae
736 3591 752 3614 ‚
765 3561 1055 3607 Chiromantioe
1066 3589 1081 3612 ,
1101 3562 1186 3603 Ne-

215 3619 448 3660 emuniit
459 3647 475 3671 ‚
502 3618 596 3670 five,
612 3622 650 3664 in
664 3621 808 3680 quibus
827 3631 923 3666 cont
931 3621 1090 3665 incntur
1107 3619 1189 3663 ior-

216 3674 358 3733 tilessb
367 3699 383 3724 s
400 3675 618 3731 veneficis,
629 3682 790 3737 auguria
801 3709 818 3736 ‚
829 3681 1002 3738 suspicis
1015 3707 1032 3733 ,
1048 3679 1189 3724 incan-

218 3736 392 3779 tationes
405 3737 504 3780 srtis
518 3740 680 3793 magice
694 3769 708 3790 ,
724 3740 882 3796 prorsus
896 3739 1073 3794 reiicbdt
1087 3740 1186 3783 abo·

216 3794 294 3839 ieri
306 3804 497 3839 cuntem
509 3825 521 3838 .
556 3799 650 3839 Non
667 3809 801 3844 tamen
815 3813 1000 3844 errorum
1014 3827 1029 3850 ,
1045 3811 1187 3843 corm-

214 3852 419 3912 ptelsrum
436 3883 451 3909 ‚
479 3853 721 3901 defletorum
738 3886 753 3912 ‚
780 3860 821 3902 dt
834 3857 1024 3902 abusuum
1039 3857 1187 3917 prndi-

967 208 1543 328 Appendix.

1273 370 1430 411 &orum
1455 367 1721 424 extirpationi
1745 369 1865 424 ustlue
1902 369 2006 411 adeo
2046 371 2248 426 provisum

1272 427 1327 470 est
1344 453 1358 475 2
1371 429 1468 485 quin
1483 427 1606 471 etiam
1621 428 1752 470 adhuc
1771 429 1811 470 in
1829 428 2037 471 nonnullis
2051 431 2150 473 locis
2165 461 2179 484 ‚
2206 433 2245 474 &

1272 487 1378 543 apud
1390 488 1584 545 plurimos
1601 489 1795 531 curiosius
1812 487 1976 541 vigeant
1992 515 2007 538 ,
2021 501 2112 530 cum
2129 492 2246 534 valde

1269 544 1506 603 frequenter
1518 547 1688 591 deteffis
1715 546 1871 590 diaboli
1887 546 2036 588 insidiis
2053 573 2067 597 ‚
2090 547 2247 591 divina-

1268 608 1428 651 tionum
1444 635 1460 658 ,
1487 607 1787 661 sortilegiorum
1802 634 1816 656 ,
1839 607 1876 646 δι
1891 605 2095 647 variarum
2111 605 2251 663 super.

1266 666 1475 711 stitionum
1487 666 1623 709 omnia
1634 665 1755 724 plena
1771 662 1847 707 effe
1872 664 1914 707 in
1942 663 2029 708 dies
2046 664 2251 722 detegan-

1272 736 1368 770 tur.

1326 786 1365 836 §.
1383 800 1425 841 3.
1485 788 1575 828 Nos
1602 784 1726 838 igitur
1744 814 1760 837 ,
1776 784 1842 839 qui
1857 797 1932 839 pro
1947 783 2084 826 nostro
2101 783 2241 827 Pasto-

1267 845 1365 887 ralis
1376 844 1500 887 officii
1517 858 1683 886 munere
1697 842 1791 886 fidei
1806 843 2083 900 integritatem
2105 843 2248 886 invio-

1268 904 1396 946 latam
1417 902 1656 946 conservare
1685 903 1880 946 debemus
1900 931 1914 954 ‚
1943 903 1982 944 δι
2015 902 2247 946 animarum

1267 960 1384 1005 saluti
1401 963 1631 1018 prospicere
1643 986 1657 1010 ‚
1691 961 1886 1018 quantum
1911 960 2048 1005 divina
2075 962 2240 1016 gratia...

1268 1020 1473 1078 adjutrice
1486 1018 1689 1077 possumus
1706 1046 1721 1070 2
1751 1034 1800 1062 ex
1830 1032 2007 1077 paternae
2037 1021 2245 1064 charitatis

1267 1080 1489 1124 visceribus
1514 1089 1701 1135 optamus
1726 1106 1741 1128 ‚
1764 1079 2003 1123 damnantes
2022 1081 2063 1122 δι
2096 1094 2245 1136 repro-

1266 1140 1409 1183 bantes
1421 1153 1544 1182 omne
1557 1152 1677 1196 genus
1694 1137 1990 1182 divinationum
2005 1166 2020 1190 ,
2050 1153 2139 1196 quae
2159 1140 2249 1181 dia-

1264 1198 1366 1242 bolo
1395 1202 1556 1242 auctore
1588 1198 1638 1240 ad
1671 1198 1873 1242 Fidelium
1904 1199 2195 1254 deceptionem
2218 1196 2243 1241 ὶ

1266 1258 1464 1316 praedietis
1479 1257 1646 1301 curiofis
1661 1286 1676 1310 ‚
1709 1258 1774 1300 vel
1805 1257 1974 1316 perditis
2006 1257 2241 1300 hominibus

1264 1318 1351 1361 fieri
1367 1318 1521 1361 solent:
1554 1317 1782 1373 Cupientes
1796 1327 1990 1374 praeterea
2003 1316 2176 1358 sanctam
2193 1317 2244 1358 il-

1264 1377 1344 1420 lam
1369 1375 1604 1419 Christianae
1637 1375 1866 1431 Religionis
1902 1374 2201 1430 simplicitatem
2222 1400 2238 1424 ,

1259 1435 1482 1489 praesertim
1499 1459 1514 1480 ,
1536 1434 1601 1473 ubi
1621 1435 1755 1486 agitur
1777 1432 1829 1473 de
1845 1433 1994 1474 summa
2022 1434 2240 1475 Creatoris

1263 1491 1345 1540 Dei·
1358 1490 1554 1544 potestate
1569 1487 1785 1543 ‚sapientia
1801 1517 1816 1541 ,
1829 1490 1870 1532 δι
1883 1488 2143 1546 providentia
2156 1516 2171 1538 s
2188 1491 2239 1534 ab

1260 1548 1371 1592 omni
1391 1547 1546 1590 erroris
1579 1547 1667 1590 labe
1679 1577 1696 1599 ‚
1730 1547 1930 1604 integram
1959 1558 2082 1605 atque
2101 1549 2235 1593 incor-

1260 1616 1424 1663 ruptam
1439 1634 1455 1658 ,
1469 1616 1515 1649 ut
1530 1620 1602 1662 par
1614 1606 1671 1649 est
1684 1635 1698 1659 ,
1714 1607 1909 1651 retineri:
1926 1610 2122 1652 Volentes
2134 1622 2239 1665 quo·

1260 1680 1341 1724 que
1355 1665 1549 1720 praedistae
1566 1664 1669 1709 falsae
1683 1666 1948 1715 credulitati,
1964 1683 2011 1710 ac
2031 1667 2241 1724 hujusmo-

1260 1726 1304 1769 di
1318 1725 1552 1768 illicitsrum
1567 1726 1865 1769 divinationum
1878 1758 1895 1779 ‚
1921 1728 1962 1770 δι
1988 1726 2241 1783 superstitio·

1262 1799 1362 1830 num
1392 1784 1623 1828 detestabili
1652 1775 1783 1830 studt⁰o
1797 1815 1813 1839 ‚
1840 1787 1881 1830 δι
1907 1787 2148 1830 execrandis
2167 1787 2242 1829 fla·

1260 1845 1370 1902 gitiis
1386 1874 1401 1896 ‚
1416 1855 1537 1902 atque
1552 1844 1850 1901 impuritatibus
1867 1859 2104 1899 occurrere,
2126 1855 2171 1887 ut
2187 1845 2241 1888 de

1257 1904 1492 1948 Christiano
1506 1903 1661 1959 populo
1676 1906 1826 1948 merito
1852 1904 1937 1948 dici
1952 1903 2069 1961 possit
2084 1935 2100 1959 ‚
2122 1903 2235 1962 quod

1257 1963 1310 2007 de
1323 1965 1493 2021 antiquo
1505 1963 1582 2006 Dei
1596 1963 1752 2020 populo
1764 1963 1956 2020 scriptum
1971 1964 2027 2007 est
2040 1978 2054 2007 t
2072 1969 2167 2009 Non
2181 1962 2238 2007 est

1255 2024 1465 2080 augurium
1478 2024 1518 2064 in
1530 2022 1675 2079 Jacob,
1689 2036 1820 2081 neque
1833 2023 2036 2067 divinatio
2046 2025 2086 2068 in
2098 2021 2236 2068 lsrael.

1255 2085 1345 2126 Hac
1368 2083 1567 2140 perpetuo
1583 2082 1756 2126 valitura
1767 2083 2074 2128 Constitutione
2086 2112 2102 2136 ‚
2119 2087 2235 2139 Apo·

1255 2142 1393 2186 stolica
1408 2141 1651 2186 auctoritate
1666 2142 1873 2187 statuimus
1888 2171 1903 2195 ‚
1916 2145 1958 2187 δι
1970 2143 2204 2187 mandamus
2214 2167 2231 2193 ,

1259 2212 1305 2247 ut
1319 2213 1401 2245 tam
1416 2210 1562 2246 eontra
1578 2200 1831 2258 Astrologos‚
1843 2203 2173 2253 Mathematicos‚
2192 2201 2236 2245 δι

1260 2261 1363 2307 alios
1379 2262 1654 2318 quoscumque
1673 2260 1786 2305 dieta
1810 2261 2034 2319 judiciarie
2049 2260 2236 2306 Astrolo-

1257 2322 1329 2374 giae
1341 2331 1473 2365 artem
1484 2348 1500 2374 ,
1515 2329 1784 2377 preterquam
1798 2321 1910 2364 circa
1923 2322 2234 2378 agriculturam,

1254 2381 1574 2439 navigationem,
1586 2382 1626 2423 δι
1642 2394 1731 2423 rem
1744 2379 1961 2433 medicam,
1971 2381 2012 2423 in
2027 2380 2231 2439 posterum

1254 2450 1492 2484 exercentes
1506 2468 1521 2491 ,
1533 2452 1602 2484 aut
1619 2437 1812 2484 facientes
1831 2438 1980 2498 judicia
1993 2468 2007 2492 ‚
2039 2439 2234 2484 nativita-

1253 2510 1315 2544 tes
1326 2499 1535 2543 hominum
1549 2527 1564 2552 ,
1591 2499 1733 2556 quibus
1761 2499 1813 2543 de
1829 2499 1972 2544 futuris
1986 2499 2233 2556 contingen-

1255 2560 1364 2605 tibus
1385 2587 1400 2612 ,
1415 2557 1650 2604 succeilibus
1661 2585 1677 2609 ,
1690 2558 1952 2615 fortuitisque
1967 2560 2138 2610 casibus,
2152 2565 2225 2600 aut

1255 2619 1479 2662 aetionibus
1491 2631 1541 2660 ex
1552 2618 1724 2659 bumana
1735 2615 1949 2659 voluntate
1958 2615 2229 2672 pendentibus

1254 2673 1408 2731 aliquid
1424 2684 1663 2719 eventurum
1673 2672 1875 2717 affirmare
1887 2675 2037 2718 audent
2051 2701 2067 2727 ,
2084 2674 2234 2717 etiam-

1254 2734 1279 2776 fi
1296 2732 1336 2776 id
1355 2730 1392 2775 se
1402 2746 1486 2775 non
1501 2733 1618 2776 certo
1631 2731 1831 2775 affirmare
1842 2730 2013 2776 afferant
2026 2758 2041 2783 ,
2056 2742 2124 2776 aut
2139 2746 2233 2789 pro·

1254 2792 1479 2841 testentur,
1509 2790 1629 2848 quam
1655 2800 1804 2835 contra
1828 2791 1932 2836 alios
1946 2785 2157 2849 utriusque
2171 2790 2232 2837 se·
2283 2842 2292 2851 ‚

1253 2849 1350 2900 siis,
1365 2849 1434 2905 qui
1453 2846 1693 2907 supradictas
1711 2850 1921 2895 damnatas
1936 2882 1950 2904 ,
1967 2865 2116 2902 sanas,
2149 2849 2231 2895 sal·

1254 2909 1390 2958 laces,
1419 2909 1460 2952 δι
1482 2908 1722 2966 perniciosas
1738 2910 1949 2955 divinandi
1977 2918 2115 2962 artes,
2145 2910 2226 2955 stre

1254 2968 1440 3012 scientias
1455 2978 1648 3014 exercent
1663 2996 1678 3021 ,
1692 2966 1935 3027 profitentur
1949 2998 1964 3022 ‚
1990 2971 2031 3014 dt
2049 2969 2234 3023 docent,

1254 3038 1322 3071 aut
1334 3026 1494 3071 discunt
1506 3053 1523 3078 ‚
1548 3028 1670 3085 quive
1696 3028 1922 3075 hu‘usmodi
1940 3029 2104 3075 illicitas
2122 3029 2232 3074 disi-i

1252 3087 1440 3132 nationes
1453 3113 1468 3139 ‚
1483 3086 1691 3146 sortilegia
1700 3115 1715 3140 2
1753 3088 2034 3147 uperstitiones
2045 3115 2060 3141 ,
2080 3086 2227 3134 venefi-

1253 3148 1316 3191 cis
1332 3174 1347 3199 ‚
1374 3147 1696 3203 incantatione&
1721 3162 1768 3194 sc
1784 3146 1973 3206 proemiffa
1988 3147 2226 3194 detestanda

1252 3206 1403 3251 scelera
1414 3235 1430 3259 ,
1446 3206 1487 3249 dt
1501 3206 1649 3250 delicta
1662 3234 1676 3258 ‚
1700 3218 1744 3251 ut
1760 3204 1973 3265 prefertur
1984 3235 2001 3263 ‚
2033 3205 2228 3257 faciunt,

1250 3274 1320 3309 aut
1334 3266 1373 3308 in
1388 3266 1446 3309 eis
1460 3263 1499 3309 se
1513 3268 1825 3321 quomodolibet
1842 3267 2138 3317 intromittunt,
2153 3280 2226 3310 eu-

1249 3323 1477 3383 juscumquc
1492 3323 1707 3381 dignitatis
1724 3355 1739 3379 ‚
1754 3325 1900 3384 gradt‘ls
1915 3355 1929 3380 ‚
1953 3329 1992 3371 dt
2005 3324 2219 3371 conditio·

1250 3384 1308 3428 nis
1326 3383 1496 3429 existant
1508 3394 1617 3435 ‚tam
1635 3385 1852 3445 Episcopi,
1874 3388 1916 3431 dt
1929 3385 2085 3432 Proelsti
2099 3411 2115 3435 ‚
2143 3390 2222 3429 su·

1250 3443 1432 3501 periores
1446 3474 1461 3497 ‚
1477 3457 1525 3488 sc
1539 3444 1607 3488 slii
1622 3445 1833 3491 Ordinarii
1849 3446 2034 3492 locorum
2057 3472 2073 3497 ‚
2096 3443 2219 3502 quim

1250 3502 1508 3561 inquisitores
1526 3504 1720 3550 heretice
1732 3502 1945 3562 pravitatis
1958 3503 2108 3561 ubique
2119 3514 2222 3561 gen-

1249 3563 1351 3607 tium
1365 3563 1578 3619 deputati,
1605 3565 1755 3609 etiamsi
1780 3565 1821 3609 in
1849 3562 2047 3621 plerisque
2077 3575 2127 3607 ex
2159 3560 2221 3607 his

1246 3621 1398 3667 cafibus
1412 3631 1530 3667 antes
1544 3636 1625 3666 non
1641 3621 1916 3681 procedebant
1931 3651 1945 3674 ‚
1976 3630 2047 3667 sut
2066 3634 2218 3679 proce·

1246 3682 1347 3726 dere
1360 3696 1438 3726 non
1455 3681 1671 3735 valebant,
1686 3680 1920 3737 diligentius
1938 3682 2139 3740 inquirant
2155 3681 2222 3731 ,ds

1248 3740 1475 3797 procedant
1490 3768 1504 3793 ,
1528 3750 1651 3798 atque
1672 3740 1714 3783 in
1739 3755 1789 3783 co
1805 3740 1979 3787 severitis
1996 3740 2220 3786 Canoniess

1248 3800 1404 3857 poenis,
1431 3799 1575 3845 &aliis
1589 3812 1732 3845 eorum
1753 3802 1930 3846 arbitrio
1961 3800 2221 3847 animadver-

1249 3868 1337 3904 tant
1352 3886 1365 3902 ο

2068 3918 2106 3970 s·
2124 3931 2167 3972 4·
