2444 4192
773 231 935 348 Sub
993 233 1449 321 Alexandro
1508 234 1560 316 I
1579 236 1682 321 V.

213 385 398 435 ,entium
414 383 678 442 indulgemus
691 409 706 435 ,
714 391 765 450 tit
781 384 945 427 fratres
959 384 1054 428 dicti
1070 386 1203 428 Ordi-

210 446 1204 558 zzzqf‘stzfi’sa‘fss‘sgssfssssz13203‘2‘232222512222

213 563 459 609 beneficium
482 565 623 614 ‚vobis
637 574 758 616 ,eum
770 562 1003 616 expedierit
1017 589 1033 612 ,
1055 563 1201 616 juxta..

212 622 366 668 indulti
391 622 551 679 praefati
565 632 781 669 tenorem,
797 621 962 666 valeant
977 624 1197 675 impartiri}

208 696 268 727 ne
290 683 345 735 ii,
360 685 430 740 qui
446 684 553 727 inter
576 695 646 726 vos
660 680 820 737 praeelle
840 679 1062 724 noscuntur
1078 710 1092 732 ,
1123 681 1198 724 de-

214 742 379 788 terioris
410 742 686 793 conditionis,
711 740 836 796 quim
861 741 993 784 caeteri
1008 739 1200 784 censean-

213 811 286 847 tur
308 832 322 845 .
350 801 468 846 Nulli
491 816 594 859 ergo
625 801 794 847 omnino
826 800 1037 844 bominum
1069 800 1194 844 liceat

206 862 396 920 paginam
415 861 556 904 nostrae
569 859 831 903 concessionis
857 857 1084 916 infringere
1100 887 1115 910 ,
1130 858 1196 903 vel

209 923 259 966 vei
277 919 374 965 ausu
388 919 608 964 temerario
618 920 699 963 &e-

326 980 475 1022 Datunt
504 977 951 1035 Anagniae‚undecimo
981 978 1192 1025 Kalendas

211 1038 392 1098 Augusti
413 1036 679 1084 Pontificatfis
703 1039 827 1084 nostri
841 1040 966 1085 Anno
988 1041 1196 1086 secundo.

266 1158 419 1217 specul.
435 1158 586 1203 Minor.
598 1160 764 1202 truffa-
781 1156 852 1210 fol.
865 1172 954 1206 120.
964 1159 1190 1215 Rodrzquez

322 1218 457 1333 2:11&
438 1215 550 1333 314}
551 1221 584 1321 88
583 1220 678 1319 ..ιοι
689 1235 724 1262 ι.
739 1220 942 1276 Wadde'ng
959 1224 1191 1274 tom.4.An·

205 1513 438 1568 Libellum
470 1516 718 1568 Guilielmi
737 1516 793 1567 de
810 1518 982 1570 SanCto
998 1524 1198 1578 Amore,

291 1588 581 1640 intitulatum
603 1589 834 1640 Tanatus
859 1590 1013 1644 brevis
1041 1591 1093 1642 de
1123 1606 1196 1659 pe·

283 1660 434 1709 riculis
450 1660 771 1727 noviffi'morum
788 1677 1019 1730 temporum
1040 1699 1055 1722 ,
1085 1666 1194 1713 San-

214 1731 223 1795 '¹
280 1728 365 1780 ἂι
393 1731 535 1792 sedi,
566 1730 615 1783 ἃ
635 1732 897 1784 Ordinibus
921 1734 1192 1785 Praedicato-

273 1818 382 1852 rum
401 1837 417 1860 ‚
433 1800 482 1854 dt
505 1804 751 1855 Minorum
777 1803 1052 1870 injuriosum
1069 1841 1088 1867 ,
1103 1824 1191 1859 ceu

271 1868 517 1925 scelestum
541 1875 732 1927 damnat
747 1911 761 1928 .

206 1957 212 1966 ’
275 1994 704 2049 ALEXANDER
744 2001 1123 2058 Ertscows

395 2113 570 2157 Suavus
602 2113 856 2158 Seavoxuu
891 2116 974 2158 Dn
991 2141 1005 2156 .

353 2223 427 2266 Ad
440 2230 683 2279 perpetuam
708 2220 771 2263 νεὶ
791 2223 1046 2264 neminu-

325 2340 511 2385 Omanus
526 2337 719 2384 Pontifex
733 2339 787 2384 de
815 2339 957 2383 summi
977 2336 1195 2395 Apostola-

202 2342 330 2470 R<
354 2399 420 2445 tiis
437 2400 600 2458 specula
619 2401 723 2444 Urbi
737 2401 807 2453 ,δι
820 2402 925 2441 Orbi
942 2400 1087 2442 debita
1099 2396 1191 2452 ‚ser-

194 2472 329 2506 vitute
356 2461 641 2519 prospiciens,
667 2461 774 2506 curis
811 2469 1042 2515 occupatur
1072 2461 1190 2500 innu-

205 2522 364 2573 meris,
388 2522 428 2564 ει
457 2522 777 2578 cogitationibus
804 2531 964 2573 rapitur
990 2516 1156 2562 infinitis
1172 2545 1189 2569 ‚

198 2582 300 2639 quia
330 2581 581 2624 eminentior
594 2582 755 2624 eaeteris
778 2579 906 2624 sedes
920 2579 1026 2632 eius,
1039 2577 1190 2621 sollici·

204 2638 371 2684 tudines
403 2639 472 2683 fibi
488 2642 826 2684 vehementiores
847 2639 1081 2683 accumulat
1108 2667 1122 2689 ‚
1152 2638 1194 2678 δι

202 2699 322 2758 ipfius
355 2701 577 2744 auctoritas
618 2702 760 2758 potior
785 2726 801 2750 ,
831 2700 1119 2743 meditationes
1153 2700 1192 2740 ei

200 2758 452 2815 multiplicat
468 2759 688 2815 ampliores
699 2791 709 2801 .
725 2762 826 2815 Quo
839 2759 946 2803 enim
958 2757 1080 2802 altius
1095 2771 1191 2813 proe-

201 2818 336 2870 fidet,
360 2820 413 2862 eb
441 2818 631 2877 longius,
658 2820 857 2876 latiusque
882 2817 1160 2873 circumspicit
1176 2846 1191 2869 ,

201 2881 246 2925 δε
259 2880 415 2938 quanto
439 2879 532 2935 plus
549 2880 696 2936 potest,
711 2882 830 2924 tanto
841 2878 1001 2934 majoris
1017 2877 1190 2934 vigilan-

206 2939 276 2984 tiae
303 2937 374 2982 fibi
412 2937 568 2982 sarcina
604 2940 868 2983 incumbente
897 2939 989 2996 plus
1022 2935 1192 2994 pensat,

193 2999 389 3060 quoniam
405 2999 586 3043 maximae
600 2996 799 3054 dignitati
816 2997 1015 3054 potiffima
1033 2998 1187 3042 sollici-

197 3058 307 3105 tudo
330 3059 514 3103 eniteret
530 3087 546 3112 ,
578 3059 620 3101 δι
645 3058 840 3102 altiorem
858 3059 1056 3102 bonorem
1080 3070 1184 3100 onus

201 3119 364 3176 gravius
389 3119 615 3162 comitatur
638 3143 655 3167 ,
683 3132 863 3176 curaque
884 3116 1087 3174 profusior
1119 3131 1188 3160 ar·

199 3177 459 3223 dentioribus
473 3177 642 3221 stimulis
667 3190 850 3222 mentem
882 3189 1031 3232 urget.
1065 3176 1187 3221 Unde

197 3252 293 3285 cum
320 3237 409 3281 aliis
432 3238 613 3294 plebium
626 3234 810 3281 fidelium
833 3238 1077 3291 pastoribus,
1091 3237 1186 3293 qui-

199 3298 273 3344 bus
288 3310 388 3353 grex
411 3296 651 3342 Dominicus
671 3296 981 3355 particulariter
995 3301 1052 3341 est
1067 3309 1185 3339 com-

198 3356 333 3400 missus
346 3356 591 3410 ,immineat
605 3356 659 3401 de
683 3356 843 3402 suarum
872 3356 1180 3401 Fcclefiarum)

205 3416 428 3461 eminentia
441 3445 456 3469 ,
471 3415 622 3475 vigilan
630 3426 694 3461 ter
713 3419 763 3461 ad
779 3419 867 3460 suas
882 3430 982 3461 oves
1001 3414 1186 3465 attende-

206 3488 279 3528 re,
298 3475 502 3520 incumbit
515 3477 657 3535 utique
686 3480 877 3522 Romano
900 3475 1090 3525 Praesuli,
1119 3473 1186 3516 cui

209 3534 262 3579 σθ
278 3548 375 3592 grex
401 3534 484 3592 ipse
498 3537 753 3592 generaliter
776 3535 982 3584 creditus,
997 3535 1051 3579 de
1063 3532 1187 3575 subli-

211 3593 545 3640 miEcclefiarum
560 3599 718 3640 vertice
732 3625 747 3648 ,
773 3595 879 3640 Sede
896 3588 1053 3639 scilicet
1070 3595 1186 3647 Apo·

209 3650 350 3719 stolica
371 3682 386 3707 ,
415 3655 652 3713 propenfit‘ts
678 3655 730 3699 ad
757 3650 1184 3706 illum‚&inssantitis

210 3711 382 3761 intueri,
410 3715 504 3773 quia
527 3730 618 3758 cum
644 3717 685 3758 hi
720 3713 794 3759 suis
814 3716 1000 3758 limitatis
1022 3712 1183 3771 populis

207 3767 362 3825 praesmt
377 3797 394 3820 2
415 3774 555 3829 finguli
570 3775 736 3831 quidem
754 3774 937 3830 fingatis,
962 3775 1028 3818 hic
1044 3776 1180 3818 fine,

204 3827 453 3873 distrifflone
465 3833 658 3879 Praelatus
673 3836 728 3879 est
748 3832 942 3878 Pontifex
968 3831 1180 3884 univerfis,

1265 390 1305 429 δι
1320 386 1462 430 cultor
1478 417 1493 438 ‚
1506 391 1688 432 &totius
1707 390 1833 433 ovilis
1846 394 2089 452 Catholici,
2112 403 2252 446 Pano-¹

1263 460 1437 501 rumque
1466 462 1648 490 oninium
1678 459 1864 491 nummus
1889 454 2054 498 Pastor:
2086 462 2251 502 lucum,

1265 506 1390 548 bente
1422 520 1598 563 namque
1626 506 1693 548 fibi
1737 512 1923 562 generali
1970 514 2252 564 sollicitudine

1264 565 1383 619 super
1409 580 1551 610 omnes
1565 596 1580 619 ‚
1595 581 1688 609 cum
1703 580 1754 609 ex
1778 571 1855 610 hoc
1868 572 1939 611 suae
1955 575 2104 614 mentis
2120 577 2245 619 intui.

1262 636 1349 667 tum
1384 640 1456 681 per
1482 630 1626 670 cunsta
1653 625 1882 670 diffundere
1915 640 2132 683 teneatur,
2167 633 2248 677 stu-

1258 694 1327 740 pet
1343 686 1661 742 nimirumipfius
1676 690 1831 729 animus
1849 689 1927 738 ,ἀ
1940 688 2010 732 sub
2043 702 2127 733 tam
2155 705 2248 745 gra-

1261 745 1319 786 vis
1344 746 1385 787 &
1411 745 1589 788 difficilis
1605 760 1708 788 curae
1724 747 1908 802 pondere
1931 749 2240 804 contremiscit,

1257 804 1368 859 quod
1386 802 1492 860 poise
1517 804 1705 856 sufferre,
1732 816 1778 848 ut
1792 809 2015 858 convenit,
2041 809 2105 867 jus
2122 820 2248 858 natu·⁴

1259 877 1314 907 rae
1326 866 1504 907 oceiduae
1520 866 1589 908 vix
1615 863 1790 908 confidit
1805 894 1819 907 .

1375 926 1442 968 Ad
1460 938 1553 968 eum
1571 939 1745 982 namque
1763 927 1926 982 negotia
1954 926 2135 984 undique
2149 937 2253 979 con-j

1258 986 1679 1040 fluunt,perveniunt
1706 984 1794 1028 lites
1811 986 1962 1038 ‚dubia
1987 986 2252 1041 deferuntur,

1256 1048 1298 1089 δι
1330 1044 1584 1097 destinantur
1615 1045 1817 1102 implicita
1846 1048 1887 1091 δι
1911 1047 2103 1105 perplexa
2128 1073 2144 1096 ,
2178 1062 2253 1092 nec

1261 1119 1453 1163 umquam
1470 1107 1616 1148 horum
1641 1106 1812 1149 influens
1829 1115 1991 1150 torrens
2017 1103 2155 1154 cessat,
2178 1120 2253 1150 nec

1261 1165 1380 1222 hujus
1397 1166 1474 1207 alti
1489 1165 1619 1222 pelagi
1648 1165 1793 1209 validae
1819 1168 1858 1209 &
1885 1166 2032 1211 infeste
2049 1166 2250 1224 procelle

1256 1224 1499 1283 quiescunt3
1527 1224 1596 1268 sed
1636 1227 1723 1275 his,
1744 1240 1831 1282 quae
1866 1241 1970 1269 nunc
1998 1225 2250 1278 imminent,

1255 1285 1488 1341 expeditis,
1505 1299 1599 1328 mox
1620 1284 1701 1328 alia
1723 1284 2037 1342 subsequuntur.
2072 1289 2165 1330 Nec
2181 1293 2248 1328 tot

1258 1345 1530 1401 implexarum
1558 1345 1819 1401 questionum
1843 1345 1974 1398 nodi,
2004 1344 2252 1394 decifione)

1258 1405 1496 1459 Apostolica
1512 1404 1612 1447 solvi
1640 1402 1800 1459 poliunt
1818 1406 1945 1461 ,quin
1974 1406 2016 1447 δι
2040 1404 2127 1446 aliae
2145 1404 2254 1446 irre-

1259 1465 1345 1508 titae
1374 1464 1413 1504 &
1443 1463 1602 1505 nodosae
1623 1461 1906 1518 superveniant
1934 1491 1949 1514 ,
1976 1462 2247 1505 deliberatio·

1257 1538 1310 1567 ne
1329 1533 1488 1565 matura
1509 1552 1525 1574 ,
1539 1523 1580 1564 δι
1593 1522 1809 1564 consoluta
1822 1521 2067 1567 definitione
2085 1521 2249 1565 solven-

1255 1583 1341 1626 dae.
1371 1584 1557 1630 lmo,ex
1581 1595 1666 1638 quo
1688 1580 1741 1624 de
1767 1580 2008 1624 instantibus
2027 1609 2040 1632 ,
2066 1580 2250 1623 difficili·

1255 1644 1331 1686 bus
1345 1669 1360 1690 ,
1385 1643 1426 1684 δι
1445 1640 1895 1693 obscuris,dubietatis
1922 1640 2139 1698 caliginem
2155 1653 2249 1685 ver·

1255 1704 1311 1746 bo
1328 1701 1401 1745 sua:
1417 1701 1715 1744 declarationis
1738 1701 1964 1754 amoverit,
1992 1701 2124 1743 statim
2139 1713 2247 1742 nova

1252 1765 1293 1807 δι
1309 1760 1490 1806 recentia
1512 1762 1757 1804 turbulenta
1790 1762 1986 1818 ingruunt
2006 1759 2249 1815 Apostolico

1256 1820 1527 1867 dilucidanda
1547 1821 1723 1864 oraculo
1737 1848 1751 1871 ,
1764 1822 1805 1863 δι
1818 1821 2015 1875 ambiguis
2027 1850 2043 1871 ,
2057 1833 2103 1861 ac
2120 1820 2253 1863 incer·

1255 1883 1310 1926 tis
1338 1881 1545 1924 mentibus
1572 1880 1689 1924 clara:
1726 1879 1967 1923 differtionis
1999 1879 2157 1922 lumine
2189 1890 2255 1920 re·

1254 1939 1492 1987 serenanda.
1505 1945 1731 1996 Propterea
1748 1939 1845 1982 inest
1867 1942 2059 1980 Romano
2082 1935 2256 1979 Antisti-

1252 2002 1285 2046 ti
1302 2000 1545 2047 sollicitudo
1586 2000 1801 2050 sinendo,
1832 1999 1952 2042 labor
1980 1997 2057 2041 fine
2083 1998 2252 2054 quiete,

1250 2059 1476 2114 occupatio
1503 2062 1587 2103 line
1613 2062 1856 2111 vacatione,
1891 2058 2133 2101 exercitium
2167 2055 2250 2098 line

1253 2118 1679 2171 tranquillo,ingens
1706 2121 1749 2162 dc
1778 2117 1919 2161 sedula
1948 2115 2252 2167 meditatio,&

1258 2173 1396 2225 vigilia
1414 2174 1494 2214 fine
1523 2173 1664 2214 somno
1681 2202 1693 2224 ,
1722 2188 1798 2217 nec
1824 2174 1875 2215 ad
1891 2173 2100 2217 modicum
2116 2175 2245 2216 etiam

1260 2227 1327 2266 sua
1359 2228 1601 2279 quotidiana
1638 2231 1976 2274 intermissionem
2019 2231 2143 2275 habet
2176 2230 2243 2273 in-

1256 2282 1404 2326 stantia
1419 2309 1433 2332 ‚
1452 2296 1541 2339 qut
1554 2296 1630 2325 nec
1645 2284 1857 2326 omittitur
1883 2287 2024 2340 aliquo
2039 2299 2250 2344 tempore,

1258 2356 1333 2386 nec
1350 2341 1520 2400 aliquod
1539 2340 1619 2398 ipsa
1636 2353 1795 2399 tempus
1809 2344 1963 2387 omittit
1980 2356 1993 2386 t
2009 2358 2129 2403 urget
2144 2360 2250 2393 con·,

1256 2404 1370 2446 tinne
1385 2428 1400 2450 ,
1411 2403 1509 2459 quia
1533 2403 1743 2458 cogitandi
1761 2404 1932 2446 materia
1947 2404 2103 2460 semper
2119 2405 2250 2459 adest,

1251 2476 1325 2506 nec
1347 2461 1523 2507 succell‘u
1548 2462 1749 2518 temporis
1764 2461 1941 2514 delinit,
1966 2461 2031 2506 sed
2064 2479 2160 2508 cum
2193 2465 2248 2508 il-

1256 2523 1334 2565 lius
1351 2522 1626 2565 diuturnitate
1641 2521 1867 2576 perdurat,
1879 2522 1974 2578 quia
1995 2536 2071 2566 nec
2086 2523 2242 2567 decur-

1253 2580 1299 2626 su
1314 2594 1547 2639 temporum
1562 2579 1763 2625 deficiunt
1783 2582 1949 2638 negotia
1964 2610 1978 2634 ‚
2005 2579 2073 2624 sed
2088 2581 2244 2630 affidub

1258 2642 1339 2687 illis
1357 2642 1671 2686 succedentibus
1686 2641 1949 2684 renascuntur
1964 2668 1977 2684 .

1377 2706 1484 2746 Nam
1508 2703 1550 2744 δι
1578 2701 1699 2744 honis
1722 2702 1912 2760 antiquus
1925 2730 1941 2755 ,
1957 2711 2126 2756 argutus
2143 2704 2239 2759 qui-s

1251 2763 1350 2808 dem
1375 2762 1587 2805 infidiator
1610 2790 1624 2813 ‚
1651 2760 1904 2820 callidosque
1929 2762 2129 2818 deceptor
2154 2762 2242 2805 ani-

1251 2838 1441 2874 marum,
1470 2821 1723 2865 vehementis
1757 2822 1799 2863 δι
1823 2821 2010 2865 ardentis
2040 2820 2242 2865 sollicitu-

1252 2882 1357 2926 dinis
1380 2884 1537 2926 causam
1553 2883 1705 2938 praebet
1719 2911 1734 2932 ,
1751 2882 1931 2924 humanae
1956 2880 2106 2936 quippe
2128 2882 2242 2938 pacis

1251 2943 1421 2987 emulus
1435 2970 1450 2991 ,
1479 2942 1665 2985 fraterna
1698 2941 1860 2984 invidus
1875 2940 2089 2983 charitatis
2103 2970 2118 2991 ,
2132 2941 2242 2984 divi-

1249 3017 1395 3046 norum
1412 3005 1592 3052 abactor,
1605 2999 1814 3055 dissipator
1832 3000 2030 3042 unionum
2047 3001 2113 3051 ,δι
2130 3010 2241 3043 tran-

1248 3062 1369 3120 quilli
1388 3061 1509 3106 ssatus
1523 3059 1707 3103 fidelium
1732 3060 1873 3102 anxius
1889 3061 2128 3113 persecutor
2140 3088 2156 3111 ‚
2173 3060 2237 3102 in·

1249 3121 1415 3167 terserit
1442 3121 1540 3164 odia
1555 3133 1773 3170 ‚rancores
1797 3117 1972 3174 ingerit,
1989 3116 2144 3162 livores
2168 3133 2236 3162 ac·

1257 3182 1400 3226 cendit
1415 3190 1581 3233 ‚movet
1600 3179 1722 3229 lites,
1751 3178 1883 3235 jurgia
1910 3177 2071 3220 suscitat
2092 3209 2106 3230 ,
2137 3191 2237 3221 con-

1248 3242 1457 3287 tentiones
1472 3238 1609 3282 irritat
1625 3264 1640 3288 ,
1653 3249 1773 3293 parat.
1784 3238 2001 3281 seditiones
2014 3266 2029 3290 ‚
2041 3238 2078 3278 ὃ(
2089 3235 2235 3280 dissen-

1246 3306 1374 3346 tiones
1389 3308 1582 3356 procurat
1597 3325 1612 3346 ,
1626 3297 1851 3341 &illorum
1876 3298 1999 3339 etiam
2015 3326 2031 3349 ,
2045 3297 2115 3353 qui
2141 3310 2235 3353 per·

1246 3361 1442 3406 fectiores
1458 3387 1474 3411 ,
1495 3359 1533 3400 δι
1550 3356 1751 3400 firmiores
1778 3355 1853 3401 effe
1878 3355 2128 3410 creduntur,
2166 3357 2228 3398 in·

1250 3420 1417 3467 terdum
1450 3417 1580 3461 corda
1607 3415 1838 3465 subvertit,
1869 3417 1910 3457 ἃ.
1935 3415 1991 3458 ibi
2007 3415 2137 3471 magis
2156 3415 2231 3456 im-

1248 3480 1411 3539 pietatis
1438 3479 1511 3521 luae
1526 3478 1733 3519 machinas
1755 3477 1914 3532 erigere
1930 3505 1946 3527 ,
1974 3489 2020 3520 ae
2038 3475 2230 3531 nequitiae

1249 3538 1360 3584 faces
1375 3537 1604 3581 accendere
1617 3537 1761 3579 nititur
1774 3565 1789 3587 ‚
1805 3535 1876 3578 ubi
1900 3533 1994 3579 fore
2023 3535 2116 3593 plus
2130 3533 2229 3576 aesti-

1247 3611 1331 3643 mat
1363 3596 1630 3652 malignitatis
1658 3594 1733 3638 suae
1757 3594 1970 3638 conamina
2003 3594 2224 3639 obfutura.

1244 3661 1349 3719 Jacit
1377 3658 1537 3710 iniquus
1555 3657 1720 3712 laqueos
1733 3683 1748 3708 ‚
1763 3654 1930 3711 pedicas
1954 3655 2100 3714 objicit
2119 3684 2135 3706 ‚
2150 3665 2225 3709 po·

1243 3720 1305 3763 nit
1325 3715 1588 3765 tendiculas,
1615 3723 1662 3759 ut
1689 3714 1978 3770 prudentiores
2005 3716 2125 3758 etiam
2158 3713 2223 3753 in-

1241 3777 1434 3833 tercipiat
1465 3802 1480 3826 ,
1509 3776 1551 3817 &
1579 3774 1763 3831 captivet
1789 3806 1802 3817 .
1832 3776 1942 3818 Hinc
1971 3773 2223 3816 turbationes

1240 3838 1431 3880 oriuntur
1445 3862 1460 3884 ,
1484 3833 1656 3889 surgunt
1671 3834 1895 3877 inimicitiae
1908 3864 1925 3885 ,
1950 3832 2109 3875 diffidia
2123 3840 2221 3882 pro·

157 3898 164 3906 '
202 3886 608 3969 Dominicaexsquidem
627 3896 767 3939 Vineae
782 3893 928 3939 Custos
951 3892 1174 3950 generalis,
1234 3897 1395 3954 deant,
1413 3897 1454 3939 δι
1471 3893 1657 3954 scandala
1673 3904 1936 3950 generantur,
1954 3891 2065 3936 unde
2078 3888 2128 3931 fic
2143 3885 2220 3937 lam

2092 3942 2158 3986 sae-
