2444 4192
774 229 935 319 Sub
996 231 1330 316 Honorio
1390 232 1436 312 I
1453 230 1570 314 II.

372 445 744 506 CAPUT
815 448 924 496 11.

153 587 248 649 ⁸De
267 596 357 657 his,
368 598 441 664 qui
463 592 614 644 volunt
629 590 773 639 vitam
789 583 918 634 islam
934 584 1135 650 accipere,

317 666 374 716 &⁹
403 663 583 734 qualiter
618 662 747 726 recipi
774 655 945 705 debeant
962 690 977 706 .

161 819 164 822 ⁴
246 807 271 849 1
291 802 358 864 qui
375 802 575 849 voluerint
590 802 692 844 banc
709 798 835 842 vitam
851 796 1034 852 accipere
1050 822 1065 846 ,
1094 794 1134 836 δι

164 807 238 922 S
269 864 446 909 venerint
475 860 524 904 ad
553 862 716 904 Fratres
743 856 899 901 nostros
925 883 940 907 ‚
966 856 1131 897 mittant

168 935 240 964 eos
265 922 316 965 ad
332 921 424 966 suos
440 918 641 965 Ministros
658 914 964 960 provinciales:
989 914 1131 970 quibus

165 977 454 1033 solummodo,
481 980 617 1023 &non
643 974 760 1026 aliis,
792 972 1012 1030 recipiendi
1038 973 1136 1015 Fra-

161 1043 246 1081 tres
262 1037 421 1082 licentia
444 1035 723 1080 concedatur.
738 1033 909 1076 Ministri
927 1032 1022 1075 vero
1046 1043 1138 1073 exa-

163 1096 319 1141 minent
333 1111 404 1140 eos
419 1096 470 1140 de
490 1094 570 1139 fide
587 1093 804 1135 Catholica
819 1119 834 1143 ,
861 1093 901 1134 δι
927 1091 980 1133 de
997 1089 1134 1133 Eccle-

147 1154 326 1199 ssaflicis
346 1155 612 1199 Sacramentis
628 1180 642 1203 ‚
664 1152 700 1192 δι
728 1154 754 1193 fi
780 1153 859 1193 haec
888 1152 1025 1192 omnia
1050 1162 1135 1190 cre·

164 1212 266 1269 dant
283 1241 296 1266 ‚
312 1215 354 1256 δι
374 1213 560 1257 velintea
576 1210 751 1254 fideliter
779 1207 966 1252 confiteri
979 1234 993 1254 ‚
1020 1208 1059 1248 δι
1073 1204 1134 1248 ufi-

164 1286 244 1330 que
267 1271 307 1315 in
323 1271 439 1316 finem
464 1269 631 1314 firmiter
643 1268 855 1311 observare
870 1297 884 1318 ,
897 1270 933 1310 δι
951 1267 974 1308 li
992 1278 1135 1307 uxores

165 1344 248 1376 non
261 1331 406 1376 habent
421 1359 435 1382 ,
451 1329 512 1374 vel
528 1329 551 1372 si
571 1329 737 1372 habeant
751 1357 766 1379 ,
788 1329 823 1370 δι
841 1328 920 1383 jam
936 1325 1132 1367 Monaste-

163 1390 571 1434 riumintraveuerint
600 1400 773 1431 uxores:
797 1385 865 1431 vel
893 1386 1133 1428 licentiam,

165 1446 419 1494 eir'dederint
434 1447 673 1491 auctoritate
687 1443 910 1488 Dioecesani
930 1442 1132 1498 Episcopi:

161 1515 270 1551 voto
291 1507 551 1552 continentiae
574 1505 653 1561 jam
667 1502 802 1549 emisso
818 1532 831 1554 ,
857 1505 897 1546 δι
921 1501 1028 1544 illius
1058 1501 1131 1543 lint

167 1567 292 1611 etatis
305 1579 478 1615 uxores,
502 1563 613 1621 quod
637 1578 718 1608 non
736 1561 850 1618 possit
876 1563 927 1606 de
951 1564 1007 1604 eis
1033 1559 1133 1603 oriri

165 1623 364 1680 suspicio,
388 1624 527 1668 dicant
552 1623 635 1666 illis
663 1625 827 1668 verbum
853 1621 983 1664 sanai
1000 1622 1134 1662 Evan-

164 1683 260 1741 getii
273 1710 290 1734 ‚
302 1684 410 1741 quod
429 1682 574 1725 vadant
590 1710 605 1733 ,
632 1683 672 1724 δι
689 1682 861 1725 vendant
890 1680 1027 1722 omnia
1043 1675 1107 1719 sua
1122 1705 1138 1728 ,

167 1743 209 1787 ἃ
235 1756 280 1787 ea
306 1740 484 1785 studeant
516 1740 758 1796 pauperibus
783 1752 981 1795 erogare·
1007 1739 1136 1794 Quod

165 1799 197 1846 fi
212 1797 340 1847 facere
361 1813 441 1844 non
457 1803 662 1856 potuerint
677 1827 692 1852 ,
706 1796 847 1842 sufficit
870 1800 925 1840 eis
940 1798 1047 1840 bona
1065 1809 1136 1838 vo-

165 1858 298 1905 luntas
312 1889 324 1901 .
346 1861 406 1903 ›Et
431 1870 596 1904 caveant
623 1860 781 1902 Fratres
795 1886 811 1910 ,
836 1858 876 1899 dc
896 1869 1041 1902 eorum
1056 1855 1135 1898 Mi-

163 1918 283 1972 -aistti
308 1917 360 1962 ne
376 1915 524 1961 soliciti
552 1916 624 1960 [int
638 1918 690 1961 de
703 1921 820 1960 rebus
840 1918 915 1960 suis
930 1927 1137 1972 tempora·

168 1975 280 2021 libus
291 2003 307 2026 ⁵
318 1987 366 2020 ut
381 1975 506 2019 libere
520 1974 668 2021 faciant
683 1977 735 2020 de
751 1978 865 2021 rebus
893 1975 971 2019 suis
984 2003 999 2027 ,
1026 1974 1139 2029 quic-

178 2031 276 2088 quid
304 2032 498 2074 Dominus
526 2033 776 2086 inspiraverit
799 2036 856 2076 eis
883 2061 896 2075 .
938 2035 981 2076 bi
1008 2043 1141 2075 tamen

163 2089 387 2135 ‘consilium
421 2089 646 2145 requiratur
669 2117 686 2138 ,
737 2087 942 2130 licentiam
972 2087 1145 2126 habeant

171 2145 552 2193 Ministri'mittendl
579 2154 648 2183 eos
674 2145 725 2183 ad
751 2144 907 2193 aliquos
931 2144 1059 2179 Deum
1087 2142 1142 2178 ti-

173 2211 541 2256 mentes‚quorum
568 2196 736 2240 consilio
762 2197 869 2237 bona
895 2194 963 2237 sua
991 2205 1140 2248 paupe·

172 2262 284 2309 ribus
306 2269 524 2315 erogentur
537 2283 549 2298 .
565 2254 706 2301 Postea
719 2252 948 2298 concedant
974 2252 1030 2294 eis
1043 2263 1136 2306 pan·

174 2332 249 2367 nos
263 2316 516 2378 probationis
529 2344 546 2370 ,
573 2314 763 2359 videlicet
778 2314 877 2356 duas
894 2311 1051 2355 tunicas
1065 2310 1143 2350 tine

171 2379 356 2436 caputio,
367 2379 405 2420 Β
416 2374 679 2432 cingulum&
696 2373 881 2421 brachas,
896 2372 933 2414 δι
949 2381 1144 2426 capparo-

176 2451 268 2484 nem
293 2435 410 2494 usque
435 2435 485 2478 ad
508 2433 740 2489 cingulumz
765 2431 834 2473 nist
860 2429 1005 2474 eisdem
1022 2427 1141 2469 Mini-

174 2496 266 2543 θεὴ
289 2495 397 2540 aliud
424 2493 636 2539 secundum
671 2493 803 2535 Deum
840 2489 1059 2546 aliquando
1084 2486 1142 2530 vi·

177 2555 322 2603 dentur
334 2579 346 2593 .
370 2553 505 2597 finito
519 2553 616 2596 vero
632 2564 741 2595 anno
754 2547 1024 2607 probationis,
1040 2545 1142 2590 reci-

177 2614 341 2674 piantur
355 2612 406 2656 ad
434 2611 708 2655 obedientiam
734 2637 749 2661 ,
773 2610 1055 2666 promittentes
1082 2606 1141 2648 vi-

177 2673 381 2717 tam'issam
407 2669 583 2728 semper,
611 2670 652 2713 dr
676 2668 876 2727 Regulam
901 2665 1144 2710 observare.

176 2734 238 2778 Et
252 2730 368 2776 nullo
383 2730 512 2773 modo*
534 2728 672 2772 licebit
699 2727 757 2770 eis
779 2726 831 2771 de
846 2727 916 2770 ista
933 2724 1147 2782 Religione

178 2790 292 2836 exire
305 2819 318 2842 ,
329 2789 441 2847 juxta
467 2786 657 2831 mandata
674 2786 836 2829 Domini
860 2788 974 2844 Papae
992 2813 1007 2836 ,
1021 2786 1145 2840 quin-.-

177 2848 395 2895 secundum
419 2849 602 2892 Sanctum
626 2844 907 2902 Evangelium,
921 2857 1042 2888 nemo
1056 2843 1148 2886 mit·

184 2916 273 2953 tens
285 2919 447 2952 manum
472 2905 524 2949 ad
546 2905 797 2957 aratrum,&
810 2903 1001 2962 aspiciens
1019 2913 1150 2953 retro,

184 2977 301 3025 aptus
325 2965 381 3012 est
407 2978 532 3021 regno
561 2964 662 3008 Dei.
679 2965 729 3007 Et
745 2963 833 3012 illi,
860 2965 927 3020 qui
943 2963 1022 3018 jam
1048 2975 1148 3018 pro-

120 3067 121 3070 ,
178 3022 370 3071 ‘miserunt
383 3022 655 3069 obedientiam
671 3052 685 3075 ,
711 3023 880 3066 habeant
898 3037 1015 3065 unam
1042 3020 1148 3064 tuni·

186 3097 275 3128 cam
287 3097 380 3126 eum
392 3081 585 3139 caputio,
598 3083 635 3124 &
657 3081 774 3125 aliam
793 3081 871 3126 fine
882 3083 1064 3136 caputio,
1077 3080 1146 3134 qui

186 3142 390 3189 voluerint
415 3142 636 3184 haberet&
652 3141 720 3196 qui
750 3139 970 3185 necestitate
991 3152 1146 3196 cogun-

53 3199 122 3248 arr-⁴2v
183 3209 284 3255 tur,
305 3199 447 3260 poffint
464 3211 630 3256 portare
644 3199 917 3243 calceamenta
931 3229 942 3241 .
974 3201 1027 3242 Et
1057 3200 1151 3240 Fra-

59 3225 138 3325 ᾄῇ
184 3268 271 3315 tres
289 3272 428 3304 omnes
444 3258 683 3303 vestimentis
700 3259 842 3301 vilibus
859 3258 1096 3307 induantur,
1113 3258 1151 3299 &

106 3319 138 3379 ἓξ
182 3317 390 3377 -poffintea
405 3316 602 3374 repeti'are
614 3316 666 3360 de
690 3315 813 3360 saccis
829 3345 843 3368 ,
870 3319 910 3359 δι
933 3317 1019 3359 aliis
1036 3314 1155 3372 petiis

128 3379 288 3430 '’²1³''e-um
325 3375 600 3421 benedictione
626 3377 698 3420 Dei
733 3405 746 3417 .
779 3378 897 3435 Qos
934 3388 1084 3418 moneo
1115 3375 1157 3415 δι

152 3422 400 3494 ‘zffihottoss
414 3449 464 3479 ne
487 3433 706 3492 despiciant
722 3464 736 3487 ,
752 3449 879 3491 neque
892 3434 1068 3490 judicent
1083 3434 1159 3476 ho·

173 3492 319 3555 Qu
329 3521 346 3547 ,
356 3501 460 3550 'quos
474 3493 648 3539 viderint
666 3495 854 3538 mollibus
886 3493 1128 3537 vestimentis
1141 3520 1156 3544 ,

188 3600 189 3603 Ἴ
232 3551 456 3597 “coloratis
478 3551 672 3604 indutos,
696 3554 753 3596 uti
780 3554 880 3595 cibis
895 3582 911 3604 ,
931 3553 969 3594 δι
991 3552 1153 3606 potibus

304 3615 306 3619 '
326 3611 378 3654 tis
392 3639 407 3664 ,
420 3611 484 3655 sed
498 3612 623 3670 magis
647 3611 908 3671 unusquisque
919 3610 1074 3670 judicet
1088 3639 1103 3665 ,
1115 3611 1156 3654 δι

311 3667 344 3679 ἰ·

311 3720 324 3750 ,ἲ
368 3679 386 3711 t
397 3668 662 3729 semetipsum.

322 3852 484 3947 Tom'jn

1385 443 1767 498 CABUT
1833 448 1969 499 111.

1195 585 1267 636 De
1285 583 1458 636 Divino
1482 584 1636 653 Offi'cio
1649 621 1666 644 ,
1696 591 1750 635 ἐς
1768 585 1944 653 Jejunio
1962 623 1977 645 ,
2010 590 2066 637 (α’
2084 612 2179 659 quo.

1225 657 1342 707 modo
1359 655 1535 706 Fratres
1547 655 1720 707 debeant
1737 663 1802 706 ire
1811 674 1891 726 per
1911 658 2143 712 Mundum.

1302 798 1434 844 Lerici
1451 797 1599 842 faciant
1619 801 1811 844 Divinum
1826 803 2014 848 Officium
2032 802 2174 848 secun-

1327 860 1424 901 dum
1438 858 1625 902 ordinem
1642 862 1792 902 Sane‘tae
1817 861 2007 906 Romanae
2036 864 2178 907 Eccle-

1197 920 1282 976 fiae(
1301 927 1474 974 excepto
1504 917 1735 976 Psalterio)
1765 934 1811 962 ex
1826 936 1908 977 quo
1938 924 2086 966 habere
2102 937 2179 979 po-

1199 988 1336 1022 terunt
1354 976 1558 1020 Breviaria
1574 1007 1585 1018 .
1603 977 1715 1021 Laici
1744 981 1843 1021 νει-ὸ
1858 981 1997 1025 dicant
2029 982 2179 1037 viginti

1198 1048 1374 1093 quatuor
1392 1038 1514 1079 Pater
1538 1036 1671 1080 noster
1689 1066 1703 1089 ,
1727 1052 1806 1093 pro
1833 1042 2040 1083 Matutino
2056 1070 2071 1092 ,
2104 1052 2180 1097 pro

1200 1095 1406 1139 Laudibus
1421 1096 1601 1151 quinque
1613 1123 1627 1145 ,
1644 1109 1721 1152 pro
1735 1098 1869 1141 Prima
1886 1128 1902 1150 ,
1919 1100 2060 1142 Tertia
2076 1127 2090 1148 ,
2109 1102 2182 1142 Se-

1197 1166 1266 1196 xta
1283 1183 1296 1207 ,
1313 1156 1353 1196 Bt
1384 1157 1529 1201 Nona,
1558 1168 1634 1210 pro
1661 1156 1841 1212 qualibet
1870 1157 2027 1202 istarum
2054 1159 2182 1200 hora-

1198 1228 1285 1257 rum
1305 1214 1452 1270 septem
1465 1239 1479 1262 ‚
1495 1227 1572 1268 pro
1590 1214 1775 1271 Vesperis
1796 1225 1929 1259 autem
1944 1216 2180 1269 duodecim,

1198 1287 1274 1329 pro
1289 1271 1577 1326 Completorio
1601 1272 1748 1328 septem
1764 1304 1780 1325 ,
1806 1276 1846 1316 δι
1865 1285 1982 1318 orent
2009 1290 2087 1332 pro
2103 1278 2179 1319 De.

1197 1332 1370 1379 funem,
1399 1332 1440 1372 δι
1457 1329 1638 1387 jejunent
1664 1334 1687 1376 a
1715 1334 1831 1376 Festo
1856 1335 2052 1376 Omnium
2080 1334 2180 1376 San-

1196 1394 1355 1433 (iorum
1370 1416 1384 1438 ,
1399 1387 1520 1445 usque
1538 1392 1588 1432 ad
1604 1391 1875 1435 Nativitatem
1891 1392 2077 1444 Domini3
2093 1395 2179 1434 san-

1192 1453 1295 1492 ctam
1312 1448 1411 1490 verb
1426 1448 1786 1504 Quadragefimam
1801 1475 1815 1494 a
1843 1463 1928 1505 quae
1956 1451 2102 1506 incipit
2131 1451 2180 1492 ab

1197 1507 1421 1563 Epiphania
1439 1535 1450 1557 ,
1464 1504 1584 1562 usque
1600 1509 1649 1548 ad
1665 1508 1884 1551 continuos
1908 1508 2179 1564 quadraginta

1195 1567 1279 1610 dies
1293 1593 1306 1614 ,
1322 1578 1440 1620 quam
1461 1567 1661 1609 Dominus
1678 1564 1748 1608 suo
1761 1566 1896 1609 sancio
1911 1566 2063 1620 ieiunio
2077 1582 2179 1612 con-

1198 1624 1365 1670 secravit
1384 1653 1398 1675 ,
1411 1627 1478 1681 qui
1497 1625 1731 1668 voluntarie
1746 1640 1833 1668 eam
1864 1625 2044 1682 jejunant
2063 1656 2076 1679 ,
2114 1629 2180 1670 be-

1198 1684 1349 1727 nedien‘
1383 1684 1491 1727 finta
1515 1685 1723 1733 Domino,
1750 1686 1873 1741 &qui
1889 1686 2063 1734 nolunt,
2098 1699 2178 1727 non

1200 1746 1272 1787 sint
1290 1742 1440 1784 aurien
1453 1756 1466 1785 :
1480 1740 1543 1785 sed
1561 1744 1681 1786 aliam
1698 1744 1817 1799 usque
1832 1744 1882 1786 ad
1901 1744 2180 1788 Resurrectio—

1199 1817 1288 1847 nem
1307 1802 1476 1844 Domini
1503 1802 1710 1857 jejunenr3
1740 1803 1840 1845 Aliis
1870 1815 2182 1859 autemtempoq

1200 1864 1312 1906 ribus
1327 1874 1408 1904 non
1425 1873 1639 1905 teneantur
1653 1889 1668 1912 ,
1683 1864 1751 1905 nisi
1773 1862 1880 1905 sexta
1907 1862 2008 1906 serii
2024 1860 2181 1920 jejuna·

1199 1937 1244 1966 re
1269 1950 1281 1963 .
1320 1921 1524 1977 Tempore
1556 1923 1652 1966 νει-ὸ
1689 1919 1902 1965 maniseliae
1941 1919 2181 1966 neceffitatis

1200 1994 1284 2025 non
1314 1990 1527 2022 teneantur
1556 1983 1719 2026 Fratres
1752 1980 1909 2038 jejunio
1936 1979 2150 2037 corporali
2168 2007 2181 2020 .

1201 2036 1389 2083 Consulo
1406 2042 1503 2082 vero
1516 2067 1531 2090 ,
1545 2053 1696 2084 moneo
1709 2069 1724 2086 ,
1740 2042 1777 2083 δι
1793 2043 1993 2084 exhortor
2021 2043 2182 2083 Fratres

1203 2107 1317 2133 meos
1340 2097 1381 2133 in
1405 2099 1584 2138 Domino
1602 2097 1695 2151 Jesu
1725 2100 1894 2142 Christo
1916 2129 1932 2152 ,
1950 2110 1996 2142 ut
2018 2098 2183 2156 quando

1203 2148 1356 2190 vadunt
1372 2162 1440 2199 per
1454 2150 1652 2193 mundum
1680 2165 1762 2192 non
1780 2154 1967 2207 litigent,
1997 2168 2185 2208 neque.»

1200 2202 1453 2242 contendant
1481 2206 1644 2250 verbis,
1658 2220 1732 2245 nec
1757 2210 1861 2246 alios
1881 2210 2062 2260 judicent
2077 2239 2092 2260 ‚
2120 2209 2185 2253 sed

1205 2261 1279 2300 tint
1295 2260 1411 2299 mites
1426 2284 1440 2308 ,
1457 2257 1612 2309 pacifici
1626 2288 1641 2309 ,
1673 2259 1839 2303 modesti
1853 2291 1868 2313 ,
1899 2265 2091 2308 mansueti
2106 2294 2121 2316 ,
2143 2270 2185 2308 δι

1205 2317 1406 2361 humiles,
1435 2316 1597 2360 honeste
1626 2317 1837 2376 loquentes
1863 2323 2052 2365 omnibus
2078 2322 2182 2367 ficut

1202 2375 1347 2426 decer,
1368 2376 1402 2416 ἃ
1421 2387 1502 2416 non
1528 2376 1702 2419 debeant
1727 2379 1934 2433 equitare,
1962 2381 2030 2423 nili
2060 2386 2185 2426 mani-

1203 2434 1297 2478 feni
1326 2431 1577 2485 necessitate,
1605 2435 1667 2477 vel
1699 2434 1932 2482 infirmitate
1953 2453 2186 2495 cogantur.

1203 2497 1254 2537 ln
1280 2505 1578 2550 quamcumque
1599 2492 1772 2536 domum
1798 2498 2068 2545 intraverint,
2099 2502 2183 2554 pri-

1204 2567 1314 2597 mum
1339 2551 1505 2594 dicantr
1534 2555 1615 2594 Pax
1645 2553 1737 2596 huic
1763 2552 1931 2598 domui.
1960 2555 2012 2598 Et
2043 2558 2183 2602 secun·

1202 2612 1301 2656 dum
1328 2614 1518 2654 Sanctum
1549 2614 1812 2669 Evangelium
1837 2615 1889 2657 de
1911 2617 2101 2658 omnibus
2128 2620 2186 2659 ci-

1206 2674 1267 2717 bis
1282 2672 1379 2728 ,qui
1398 2683 1661 2728 apponuntur
1682 2674 1738 2715 eis
1768 2671 1889 2737 liceat
1916 2676 2181 2719 manducare.

1418 2803 1794 2858 CAPUT
1865 2807 1982 2856 lv.

1244 2940 1387 3016 Qod
1409 2942 1583 2992 Fratres
1597 2960 1677 2992 non
1692 2946 1896 3008 recipiant
1908 2949 2120 3010 pecuniam
2136 2980 2149 2994 .

1303 3082 1485 3138 Raecipio
1509 3081 1680 3125 firmiter
1717 3082 1927 3126 Fratribus
1961 3083 2155 3127 universis
2173 3111 2190 3135 ‚

1324 3152 1368 3182 ut
1401 3143 1518 3183 nullo
1550 3143 1676 3184 modo
1706 3142 1890 3185 denarios
1914 3166 1930 3190 2
1971 3142 2033 3185 vel
2066 3157 2184 3198 pecu-

1213 3213 1318 3240 niam
1348 3200 1540 3253 recipiant
1557 3226 1573 3249 2
1599 3214 1669 3255 per
1692 3199 1758 3250 se,
1782 3202 1843 3243 vel
1873 3214 1943 3254 per
1972 3201 2187 3256 interpoli-

1213 3268 1298 3299 tam
1335 3256 1544 3312 personam
1570 3286 1585 3309 ,
1622 3269 1754 3302 tamen
1783 3273 1857 3313 pro
1896 3259 2185 3302 neceffitatibus

1216 3314 1467 3358 infirmorum
1483 3344 1496 3366 ,
1523 3319 1563 3358 δι
1595 3316 1683 3358 aliis
1711 3320 1919 3363 Fratribus
1943 3317 2185 3371 induendis,

1215 3389 1287 3430 per
1302 3374 1455 3417 amicos
1485 3375 1707 3430 spirituales
1734 3406 1747 3427 ,
1774 3376 1940 3418 Ministri
1970 3379 2186 3426 tantum—‚2

1220 3434 1471 3477 &Custodes
1497 3433 1714 3478 sollicitam
1736 3450 1875 3478 curam
1893 3446 2032 3490 gerant
2048 3434 2187 3478 secun·

1219 3492 1315 3538 dum
1338 3492 1429 3535 loca
1457 3522 1471 3545 ,
1492 3495 1534 3536 δι
1554 3505 1737 3548 tempora
1752 3524 1767 3544 ,
1796 3496 1835 3535 δι
1860 3493 2026 3548 frigidas
2055 3498 2186 3548 regio-

1215 3567 1318 3600 nes,
1350 3550 1449 3594 sicut
1480 3552 1698 3595 necessitati
1728 3553 1905 3596 viderint
1931 3552 2185 3608 expedirQ:

1215 3625 1267 3654 eo
1291 3611 1441 3666 semper
1465 3609 1605 3663 salvo,
1627 3611 1818 3665 ut(ficut
1834 3612 1981 3654 dicium
2005 3611 2092 3668 est)
2117 3612 2186 3652 dc-

1215 3669 1353 3726 narios
1365 3698 1382 3722 ,
1409 3668 1470 3713 vel
1486 3669 1696 3727 pecuniam
1709 3685 1790 3715 non
1807 3672 2031 3728 recipiant.

1648 3906 1683 3948 A
1715 3920 1740 3950 2
1929 3900 2122 3946 CAPUT
