2410 4178
246 290 395 412 psa
452 275 767 401 Josephi
796 341 821 377 ‚
885 275 1358 365 Patriarchae
1402 274 1692 393 Jacobi
1752 274 1967 370 Filii,
2033 273 2247 386 histo-

260 417 378 491 ria
435 394 803 508 extemplo
856 392 1060 477 hunc
1109 395 1555 506 indigitavit
1617 460 1632 475 .
1699 393 2190 480 Pharaonem
2224 462 2246 493 ,

232 520 382 636 seu
425 515 741 632 AEgypti
768 509 1087 624 Regem,
1116 506 1436 624 Jofiphi
1463 509 1659 621 fidei
1711 513 1799 599 δέ
1839 513 1987 593 oris
2015 516 2244 626 impe-

254 644 360 722 rio
393 637 830 752 gratiarum
893 622 1520 741 dispensationem
1558 632 1677 713 ita
1720 627 2247 743 concredidtffi’

229 752 490 868 sacris
523 756 603 835 in
634 747 951 864 paginis
998 741 1067 828 le
1118 749 1364 845 imus,
1401 768 1532 845 ut,
1580 750 1715 862 qui
1745 754 2113 863 „gratiam
2163 751 2243 829 in

254 869 471 957 Aula
504 887 896 983 quareret,
939 859 1050 977 Jo
1084 859 1362 978 ephum
1416 861 1631 946 adire
1682 863 1801 947 illo
1822 863 2240 977 juberetur

254 987 611 1071 tri-verbio
636 1050 657 1083 ‚
693 985 814 1063 lte
850 981 959 1061 ad
989 983 1322 1078 JOSEPH.
1362 978 1549 1062 Non
1581 984 1794 1092 regia
1818 979 2073 1092 juffio‚
2090 978 2248 1092 sed

252 1134 346 1188 ex
408 1098 567 1216 ipsa
619 1095 927 1210 htssoriae
969 1096 1329 1214 pradiclae
1380 1099 1736 1180 memoria
1778 1094 2090 1210 nascens
2133 1103 2242 1182 in-

245 1243 516 1303 ternus
524 1211 880 1327 stimulus
913 1213 1023 1300 ad
1060 1212 1208 1307 Te,
1246 1213 1437 1298 Divi
1465 1212 1949 1299 Patriarchae
1973 1216 2238 1298 FRAN-

247 1361 445 1416 c1sc31
504 1332 907 1449 digniffime
955 1330 1101 1419 Fili
1133 1399 1154 1429 ,
1187 1331 1525 1427 JOSEPHE
1561 1396 1583 1432 ‚
1621 1360 1740 1417 me
1776 1330 2056 1417 direxit
2079 1402 2101 1431 ‚
2143 1333 2235 1421 δέ

244 1479 339 1536 ex
399 1447 561 1566 ipsa
614 1453 933 1564 perenni
986 1452 1434 1565 gratiarum
1491 1453 1709 1564 copia
1743 1515 1765 1546 ,
1826 1477 2063 1565 quam
2127 1448 2240 1535 ad
2331 1472 2334 1476 ’

234 1590 503 1686 preces
544 1591 729 1652 tuas
765 1567 928 1651 Rex
965 1570 1259 1684 Regum
1297 1567 1514 1652 Deus
1549 1563 1779 1681 effuse
1827 1564 2231 1682 dispensat,

246 1714 365 1770 me
397 1685 489 1771 de
522 1710 652 1771 tuo
677 1689 1112 1801 patrocinio
1145 1684 1475 1770 reddidit
1510 1688 1592 1768 eo
1626 1688 2018 1783 tutiorem,
2053 1713 2231 1769 cum

228 1801 500 1918 figura
561 1801 886 1887 accedat
924 1809 1123 1889 ratio
1170 1805 1766 1889 Fraternitatis.
1835 1806 2034 1888 Eam
2095 1800 2232 1916 cffi’

239 1917 475 2036 hujus
499 1924 1088 2036 praerogativam
1138 1915 1507 2034 noscimus
1536 1986 1555 2016 ,
1586 1945 1711 2016 ut,
1753 1919 1886 2004 ubi
1920 1920 2011 2005 de
2041 1945 2229 2033 gra-

242 2042 359 2125 tia
415 2037 829 2123 obtinenda
882 2043 1147 2149 agitur
1193 2105 1216 2137 ‚
1277 2042 1552 2118 certior
1600 2036 2059 2149 potiffimum
2118 2039 2230 2119 in-

241 2179 358 2241 ter
404 2156 716 2238 Fratres
750 2156 1219 2261 reperiatur.
1243 2147 1510 2260 Judas
1547 2149 1773 2260 ipfius
1813 2149 2228 2263 AEgyptia-

240 2274 310 2354 ci
351 2264 665 2384 Josephi
699 2265 970 2351 Frater
988 2333 1009 2363 ,
1052 2264 1236 2349 dum
1292 2262 1508 2378 apud
1536 2262 1856 2379 reliquos
1890 2268 2226 2364 fratres,

241 2383 335 2471 de
373 2409 611 2471 morte
657 2380 832 2468 huic
881 2378 1277 2497 inferenda
1324 2386 1527 2466 inter
1556 2378 1652 2497 se
1708 2379 2175 2496 conferentes
2199 2450 2222 2485 ‚

229 2508 582 2620 gratiam
616 2495 1196 2614 vitaeservandae
1235 2495 1571 2615 quastvit
1593 2564 1615 2600 ‚
1664 2495 1995 2615 allegato
2042 2502 2226 2586 Fra-

246 2623 639 2706 ternitatis
689 2616 910 2705 titulo
957 2646 1130 2703 eam
1172 2611 1511 2733 poposcit
1555 2683 1576 2715 ,
1634 2614 1890 2701 dicens
1947 2682 1969 2718 ,
2030 2620 2220 2699 Fra-

244 2759 377 2818 ter
421 2740 634 2817 enim
686 2734 774 2820 &
809 2763 1007 2819 caro
1054 2735 1330 2819 nostra
1370 2733 1523 2833 est,
1564 2762 1660 2820 ac
1682 2730 2020 2847 feliciter
2046 2762 2219 2821 eam

245 2857 691 2966 impetravit
711 2917 730 2938 .
770 2851 1002 2937 Porro
1023 2920 1043 2951 ,
1060 2850 1148 2967 si
1173 2853 1654 2938 Fraterm'tas
1686 2855 1764 2935 t'n
1788 2849 2222 2966 carnefitn-

245 2966 438 3053 data
466 3034 487 3069 ‚
535 2993 701 3054 tam
745 2968 1141 3084 efficaciter
1164 2973 1480 3085 gratias
1519 2990 1880 3088 operatur
1898 3033 1921 3071 ,
1962 2974 2225 3056 certio·-

242 3114 358 3167 res
405 3084 580 3170 illas
619 3114 713 3171 ex
772 3086 1330 3188 Fraternitate‚
1372 3113 1531 3200 qua
1577 3118 1671 3175 ex
1708 3082 1998 3205 spiritu
2054 3087 2178 3175 ef?
2196 3147 2221 3186 ,

219 3201 537 3316 sperare
587 3201 944 3289 debemus
998 3270 1013 3287 .
1086 3202 1199 3290 Te
1264 3209 1463 3289 inter
1486 3257 1539 3265 —
1571 3206 1782 3291 Dive
1829 3205 2222 3302 Josssmuz,

242 3346 336 3403 ac
354 3346 516 3402 ⁴-mc
555 3318 896 3434 (indigni
945 3349 1172 3407 imum
1210 3318 1422 3432 licet)
1455 3321 2049 3408 fraternitatem
2057 3315 2222 3436 spi-

244 3436 441 3517 ritus
481 3442 732 3549 vigere
769 3441 851 3552 ip
881 3466 932 3523 a
953 3435 1197 3550 sacra
1254 3437 1549 3546 Regula
1587 3505 1611 3542 ,
1668 3443 1749 3523 in
1787 3466 1944 3554 qua
1995 3440 2217 3524 Sera·-

232 3547 507 3667 phicus
565 3544 844 3652 Pater,
895 3553 1130 3668 hujus
1184 3552 1626 3670 Profeffores
1661 3557 1985 3639 Fratres
2025 3583 2218 3641 nun-

246 3685 478 3780 cupat
500 3727 521 3765 ,
541 3689 908 3784 patenter
950 3670 1296 3760 exhibet.
1362 3674 1549 3760 Non
1586 3668 1817 3789 otiosa
1871 3670 2020 3759 hac
2071 3670 2213 3780 est,
