2444 4192
393 150 572 235 240

328 283 581 354 Privilegia
611 289 705 338 FF.
741 289 984 340 Minomm
1002 325 1018 349 ,
1055 295 1103 341 S.
1121 292 1287 349 Clarae,

871 129 1033 218 Sub
1095 128 1480 218 Clemente
1546 131 1642 220 V
1653 130 1700 217 I
1714 130 1766 217 I.

1347 286 1437 331 aliis
1472 285 1692 332 Ordinibus
1717 284 2022 343 quibuscunque
2040 299 2124 330 non
2155 286 2318 330 Mendi-

392 352 443 406 ἀ
462 359 625 407 Tertio
641 362 691 407 s·
710 363 763 410 P·
781 359 1007 411 Francisci
1026 362 1285 413 Ordinibus
1346 345 1529 391 cantibus
1544 374 1559 399 ,
1586 346 1899 404 quomodolibet
1923 347 2110 389 conceffis
2125 373 2140 398 ,
2163 349 2203 389 δι
2217 360 2318 390 con-

1354 403 1543 448 cedendis
1554 433 1570 457 ,
1585 408 1644 449 uti
1657 435 1673 458 ,
1685 404 1765 447 frui
1781 430 1796 453 ,
1819 405 1858 444 δι
1873 403 2047 457 gaudere
2063 404 2169 461 pofl'e
2192 418 2315 462 atque

391 426 866 493 eonceffa,praesertim
883 431 942 481 de
966 450 1057 483 non
1080 431 1292 484 solvenda
1354 464 1504 508 debere
1517 468 1558 507 5„
1571 479 1667 507 omn
1673 465 1760 505 ibus
1774 463 1814 502 δι
1825 475 1895 515 per
1913 465 2253 520 omnia,perinde‚
2266 479 2314 506 ac

388 496 571 575 Quarta
587 493 1112 580 funerali3confirmatz&
1131 502 1289 554 iisdem
1351 526 1379 566 fi
1393 522 1449 566 ej,
1469 523 1694 580 specialiter
1724 519 1907 562 conceffa
1937 518 2122 573 suiflent,
2144 525 2184 565 δι
2200 527 2316 567 Con-

387 580 545 613 omnia
591 568 836 636 privilegia
870 584 972 620 tum
1012 575 1287 625 Ordinum.2
1348 582 1571 625 stitutiones
1598 583 1639 624 in
1665 578 1813 621 ultimo
1828 579 2019 621 Generali
2040 581 2238 636 Capitulo
2251 582 2313 624 di-

386 634 760 686 Mendicantium
786 672 802 695 ,
840 651 945 688 tum
978 659 1071 692 non
1104 646 1286 695 Mendi-

389 708 593 755 cantium
619 709 935 760 communicat
946 744 962 760 .

334 849 725 902 CLEMENS
776 853 1262 911 EPISCOPUS

499 980 675 1023 Sznvus
706 982 962 1026 Seavoauns
994 983 1075 1025 Dei
1090 1013 1103 1026 .

445 1096 515 1139 Ad
527 1105 761 1153 perpetuans
786 1095 849 1142 rei
874 1101 1121 1144 memoriam.

429 1225 510 1268 Um
524 1226 663 1272 uberes
686 1224 863 1283 fruetus,
882 1243 985 1288 quos
1011 1229 1134 1273 Ordo
1159 1229 1272 1273 sacer

456 1284 700 1331 dileetorum
718 1289 915 1332 Filiorum
932 1292 1119 1333 Fratrum
1135 1289 1270 1332 Mino·

302 1354 396 1384 rum
427 1344 645 1400 Regularis
672 1348 949 1390 Observantiae
975 1349 1014 1390 in
1042 1360 1141 1404 agro
1157 1346 1269 1390 Mili·

299 1402 426 1443 tantis
440 1402 624 1446 Ecclefiae
649 1418 744 1447 cum
771 1407 1066 1462 propagatione
1083 1406 1268 1462 Religio-

300 1459 452 1512 nis,ac
464 1460 694 1506 defentione
727 1465 768 1506 dr.
790 1476 1012 1522 augmento
1040 1465 1150 1508 Fidei
1180 1469 1267 1508 Ca·

299 1518 468 1561 tholicoe
480 1548 495 1571 ,
507 1534 554 1563 ac
571 1521 697 1564 salute
710 1523 1049 1566 christifidelium
1072 1521 1263 1577 produxit

296 1576 505 1629 bastenus,
518 1580 559 1619 δι
574 1580 613 1620 in
629 1579 716 1621 dies
729 1580 921 1634 producit
936 1580 1186 1635 ,diligenter
1198 1590 1262 1624 at-

296 1636 520 1688 tendimus,
533 1638 717 1692 dignum,
729 1638 825 1694 quin
841 1638 977 1695 potius
998 1638 1261 1691 debitum,re-

294 1701 503 1750 putamus,
517 1705 560 1737 ut
574 1694 659 1752 ejus
674 1695 816 1739 statum
843 1697 1078 1753 prosperum
1099 1698 1141 1739 δι
1153 1707 1261 1741 tran·

292 1752 465 1809 quillum
478 1756 590 1796 omui
604 1754 816 1811 diligentia
829 1770 1112 1813 procuremus,
1128 1755 1259 1801 illius-

290 1823 373 1866 que
387 1811 613 1869 Religiosas
628 1813 820 1857 Personas
841 1813 1079 1870 specialibus
1105 1812 1259 1859 favori·

293 1870 368 1912 bus
380 1897 395 1922 ,
407 1870 448 1911 δι
465 1872 602 1926 gratiis
621 1870 919 1930 prosequamur.
937 1876 1043 1917 Hinc
1058 1874 1133 1922 est,
1146 1875 1254 1932 quod

293 1930 411 1980 Nos,
437 1940 553 1972 motu
577 1932 774 1986 proprio,
797 1933 836 1974 Bt
863 1946 910 1975 ex
926 1944 1041 1975 certa
1055 1932 1254 1978 scientia..

289 1999 434 2029 tenore
458 1988 710 2041 presentium
735 2017 750 2040 ,
776 1990 914 2032 omnia
938 1992 978 2031 δι
1005 1990 1154 2044 fingula
1173 1991 1254 2047 pri.

288 2044 784 2099 vilegia,immuuitates‚
807 2047 1125 2102 exemptiones,
1160 2062 1258 2105 prae·

285 2103 426 2144 sertim
449 2115 531 2144 non
560 2101 743 2146 solvendi
783 2104 962 2148 Clericis
1000 2104 1255 2152 saecularibus

287 2162 493 2218 Quartam
522 2162 780 2207 Funeralium
791 2191 807 2216 ,
836 2163 972 2221 quoad
1002 2167 1166 2211 Fratres
1180 2167 1252 2210 itu

285 2218 521 2277 poffeffione
532 2234 611 2264 non
627 2220 1014 2283 solvendiQuartam
1030 2222 1255 2279 hujusmodi

282 2277 499 2323 existentes
514 2308 529 2333 ,
541 2280 581 2321 δι
594 2281 798 2333 omnia,&
812 2280 965 2339 singula
989 2280 1148 2327 indulta
1159 2313 1173 2336 ,
1196 2284 1252 2326 in·

278 2336 529 2394 dulgentias,
544 2351 808 2394 peccatorum
825 2340 1134 2394 remiffiones,&
1153 2355 1248 2398 gra-

279 2397 357 2441 tias
368 2397 477 2440 dicto
491 2398 697 2441 Minorum
710 2427 725 2451 ,
738 2399 780 2441 δι
794 2402 834 2444 5.
850 2398 980 2445 Clarae
998 2429 1015 2453 ,
1035 2414 1081 2443 ac
1100 2402 1246 2446 Tertio

280 2458 335 2498 de
351 2457 602 2499 Paenitentia
615 2469 849 2514 nuncupato
871 2460 1097 2504 Ordinibus
1109 2488 1125 2514 ,
1151 2459 1245 2505 illo·

277 2527 452 2569 rumque
468 2514 676 2558 Fratribus
687 2542 701 2566 ,
717 2517 984 2569 Monialibus,
1010 2519 1246 2573 Sororibus,

277 2573 321 2615 dt
334 2569 542 2628 utriusque
556 2571 669 2617 sestis
686 2573 888 2628 Personis,
902 2589 948 2619 ac
970 2575 1239 2630 Monasteriis,

278 2630 484 2675 Domibus
495 2658 512 2683 ,
527 2630 715 2676 Ecclefiis
728 2660 744 2683 ,
756 2633 795 2675 dt
810 2634 914 2678 locis
926 2633 1240 2692 quibuscunque,

276 2691 401 2732 etiam
416 2700 490 2744 per
505 2689 669 2731 modum
684 2691 922 2735 extenfionis
936 2719 951 2743 ,
965 2694 1032 2737 seu
1052 2706 1240 2738 commu·

275 2748 493 2791 nicationis
508 2776 522 2799 ‚
536 2748 574 2790 δι
590 2746 690 2791 aliss
702 2750 1020 2806 quomodolibet
1034 2765 1104 2807 per
1150 2752 1238 2797 uos-

273 2819 434 2864 cunque
451 2806 658 2849 Romanos
679 2807 913 2861 Pontifices,
931 2810 1091 2855 Proedec
1146 2827 1237 2857 ores

273 2866 429 2909 nostros
444 2893 459 2916 ,
470 2878 516 2908 ac
535 2868 620 2907 Nos
636 2893 652 2916 ,
678 2868 718 2909 e:
734 2869 878 2911 sedem
894 2870 1123 2924 pudieam
1136 2887 1236 2916 con·

273 2922 373 2967 cess'a
386 2950 401 2974 ,
430 2926 670 2967 auctoritate
688 2926 918 2982 Apostolica
931 2958 946 2981 ,
972 2940 1115 2975 tenore
1140 2946 1235 2988 prt-

270 2981 439 3027 sentium
452 2987 737 3038 approbamus,
751 2986 787 3028 bt
806 2988 1062 3041 innovamus,
1083 3006 1128 3035 ac
1144 3004 1234 3045 per·

326 3052 400 3084 tuae
414 3039 616 3085 firmitatis
631 3045 756 3088 robur
767 3046 954 3090 obtinere
965 3075 980 3100 ,
1009 3050 1047 3091 δι
1059 3049 1235 3093 inviola-

302 3101 409 3145 uliter
421 3093 624 3145 observari
637 3102 786 3148 debere
801 3132 817 3156 ,
840 3104 1022 3165 ipffisque
1043 3109 1232 3160 Fratres,

273 3159 468 3203 Monisles
481 3163 678 3212 ,Sorores
693 3191 709 3217 ,
725 3161 911 3208 Personas
924 3194 939 3217 ,
965 3167 1229 3220 Monasseria,

270 3218 830 3274 &montinicus-,acatia
854 3224 946 3269 loca
971 3225 1229 3279 huiusmodi,

270 3280 453 3322 omnibus
467 3308 481 3332 ,
493 3279 536 3322 δι
548 3280 709 3337 lingulis
733 3281 956 3340 privilegii·
968 3314 982 3338 ,
998 3286 1229 3331 immunita·

269 3341 375 3382 tibus
391 3364 404 3385 ,
417 3342 536 3382 cse'm
566 3340 745 3384 tionibus
758 3342 1104 3393 ,couceffionibus
1122 3373 1137 3398 ,
1170 3346 1230 3388 in·

267 3397 393 3439 dultia
408 3424 422 3446 ,
437 3397 531 3440 indu
553 3399 703 3456 gentiis
716 3428 731 3453 ,
745 3410 1006 3455 peccatorum
1034 3402 1228 3447 remitlio-

269 3458 388 3497 nibus
403 3480 417 3503 ,
437 3455 475 3497 dt
487 3459 628 3511 gratiis
641 3485 656 3510 ,
666 3456 869 3512 quibusvis
881 3461 1227 3520 Congregationi-

268 3516 341 3558 bus
354 3512 553 3556 dictorum
580 3518 780 3563 ordinum
794 3545 810 3571 ,
830 3519 1084 3579 aliorumque
1106 3519 1228 3564 Ordi-

1346 644 1399 685 eti
1424 640 1590 682 Ordinis
1615 637 1824 680 Minorum
1850 636 2065 692 Regularis
2078 638 2310 684 Observan-

1347 701 1413 742 tiae
1426 699 1466 740 in
1481 695 1690 739 Provincia
1706 698 1880 751 Burgen.
1898 697 2030 750 Regni
2054 697 2236 742 Castellae
2249 698 2312 742 fa-

1346 761 1423 799 aas
1437 783 1452 805 ,
1484 757 1640 811 plenam
1666 755 1826 797 roboris
1848 753 2081 799 firmitatem
2093 756 2307 810 obtinere,

1345 818 1386 858 &
1398 817 1447 857 ab
1462 813 1671 866 omnibus,
1694 813 1878 870 quandiu
1902 827 1976 869 per
2001 814 2115 859 aliud
2131 815 2306 869 Capitu-

1340 877 1425 919 lum
1450 871 1657 915 Generale
1683 873 1782 916 dicti
1805 871 1971 915 Ordinis
2003 883 2162 917 mutata:
2186 886 2303 918 nonu

1340 932 1493 976 fuerint
1520 961 1537 984 ,
1564 930 1859 975 inviolabiliter
1884 932 2088 976 observari
2125 932 2303 976 debere:

1337 1005 1495 1036 necnon
1526 991 1728 1048 Regulam
1748 988 1870 1046 ipsam
1898 1005 1969 1047 per
1993 991 2302 1035 S-Franciscum

1334 1064 1410 1109 pro
1429 1050 1633 1092 Fratribus
1647 1049 1812 1093 Ordinis
1827 1050 2033 1093 Minorum
2050 1050 2271 1094 institutam
2284 1077 2301 1102 ,

1333 1109 1658 1162 observabilem,
1685 1108 1966 1158 meritoriam,
1992 1108 2204 1152 fundatam
2234 1106 2298 1153 su·

1332 1184 1407 1227 per
1421 1171 1587 1212 Sacrum
1603 1166 1872 1225 Evangelium
1901 1168 2072 1212 existere
2087 1195 2102 1217 ,
2125 1169 2166 1211 &
2178 1165 2300 1226 quos-

1332 1242 1494 1285 cunque
1506 1254 1521 1277 ,
1535 1226 1806 1284 cujuscunque
1819 1224 1935 1270 statiis
1948 1255 1965 1278 ,
1977 1227 2207 1283 dignitatis,
2227 1235 2294 1269 aut

1331 1287 1603 1338 conditionis,
1613 1284 1851 1337 scribentes,
1863 1296 1934 1328 aut
1946 1284 2096 1329 afferen
2104 1298 2163 1330 tes
2181 1316 2196 1339 ,
2206 1287 2298 1330 Re-

1328 1346 1467 1402 gulam
1480 1344 1601 1401 ipsam
1616 1359 1693 1387 non
1708 1345 2041 1397 meritoriam‚vel
2062 1345 2296 1389 inobserva-

1326 1405 1475 1456 bilem,
1497 1404 1566 1447 seu
1587 1409 1711 1448 Sacro
1728 1403 1953 1457 Evangelio
1976 1416 2289 1460 repugnantem,

1324 1465 1366 1505 δι
1380 1465 1419 1506 in
1437 1465 1516 1505 hoc
1530 1458 1942 1505 corumassertionem
1953 1462 2185 1514 ‘hujusmodi
2203 1475 2287 1505 non

1324 1520 1400 1564 effe
1416 1520 1633 1564 tenendam
1650 1547 1665 1571 ,
1686 1533 1757 1562 nec
1779 1518 2078 1563 admittendam
2090 1549 2106 1572 ,
2119 1520 2294 1567 auetori-

1323 1590 1437 1632 tate‚
1460 1581 1502 1622 δι
1525 1588 1673 1622 tenore
1696 1577 1895 1635 praemiffis
1917 1577 2172 1624 decernimus
2192 1609 2210 1634 ,
2239 1592 2287 1622 ac

1323 1639 1515 1682 volumus
1531 1666 1547 1690 ,
1566 1638 1608 1679 δι
1632 1635 1870 1682 mandamus
1883 1664 1899 1686 ·,
1926 1637 2106 1694 ipsosque
2131 1639 2290 1683 Fratres

1321 1697 1373 1741 ab
1397 1696 1701 1754 inquilitoribus
1731 1696 1930 1739 haereticae
1954 1698 2169 1752 pravitatis
2198 1696 2289 1739 exi-

1322 1755 1468 1799 mimus
1481 1783 1496 1808 ,
1513 1757 1554 1798 δι
1567 1754 1636 1798 sub
1649 1754 1811 1805 nostra,
1834 1756 1876 1798 δι
1901 1754 2140 1811 Apostolicoe
2168 1755 2283 1800 Sedis

1320 1815 1577 1872 protectione
1589 1812 1820 1870 suscipimus
1832 1841 1848 1867 ,
1864 1812 2031 1870 ipfisque
2060 1815 2284 1871 Inquisito-

1318 1875 1428 1918 ribus
1442 1900 1457 1924 ,
1474 1873 1542 1916 sub
1556 1873 1989 1916 excommunicationis
2003 1871 2195 1915 sententia
2212 1901 2227 1924 ,
2244 1872 2287 1915 δι

1313 1932 1544 1975 officiorum
1569 1931 1732 1973 suorum
1754 1929 1984 1985 privatione
2029 1930 2283 1982 inhibemus,

1314 2003 1366 2030 ne
1378 1991 1431 2031 de
1445 1989 1560 2031 dietis
1577 1988 1784 2031 Fratribus
1795 2013 1811 2037 ,
1842 1988 1964 2031 etiam
1979 1987 2132 2031 ratione
2145 1989 2283 2033 crimi-

1315 2046 1376 2092 nis
1415 2047 1567 2091 haerelis
1602 2047 1911 2103 quomodolibet
1936 2046 2214 2092 intromittere
2239 2048 2284 2091 se

1318 2107 1582 2165 presumant3
1607 2107 1739 2161 licque
1765 2120 1838 2162 per
1870 2106 2128 2166 quoscunque
2149 2136 2164 2160 ,
2197 2118 2282 2152 tam

1309 2165 1521 2208 ordinaria
1534 2189 1551 2213 ,
1567 2167 1688 2220 quam
1702 2165 1890 2220 delegata
1901 2190 1915 2214 ‚
1931 2166 1971 2207 &
1991 2167 2117 2208 mixta
2138 2169 2278 2211 aueto-

1316 2223 1439 2267 ritate
1470 2218 1683 2279 fungentes
1709 2220 1887 2278 judices,
1916 2222 2155 2279 &personas
2183 2225 2273 2269 ubi-

1314 2296 1393 2340 que
1407 2281 1582 2341 judicari
1597 2309 1611 2333 ,
1622 2279 1813 2338 cognosci
1826 2310 1841 2334 ,
1867 2292 1989 2338 atque
2001 2282 2135 2325 decidi
2150 2282 2277 2326 debe-

1312 2358 1357 2386 re
1370 2368 1384 2391 ‚
1411 2338 1567 2386 sublati
1581 2343 1639 2383 eis
1655 2367 1670 2391 ,
1690 2341 1731 2383 δι
1745 2354 1887 2384 eorum
1903 2339 2103 2392 cuilibet,
2131 2343 2273 2399 quavis

1308 2402 1430 2445 aliter
1444 2399 1680 2458 judicandi,
1695 2399 1968 2455 cognoscendi
1983 2425 2000 2450 ,
2022 2401 2064 2442 δι
2075 2399 2274 2444 deciden-

1306 2462 1348 2504 di
1370 2458 1588 2503 facultate:
1609 2470 1770 2501 necnon
1801 2459 1961 2503 irritum
1977 2485 1991 2510 ,
2005 2460 2045 2502 δι
2067 2461 2212 2512 inane,
2242 2459 2270 2504 si

1303 2518 1413 2563 secus
1427 2517 1544 2573 super
1557 2515 1646 2566 bis,
1667 2518 1689 2559 s
1712 2531 1915 2575 quoquam
1929 2547 1945 2569 ,
1971 2521 2115 2574 quavis
2133 2521 2271 2562 aucto-

1301 2579 1427 2621 ritate
1441 2603 1456 2627 ,
1474 2574 1644 2618 scientcr
1659 2602 1672 2627 ,
1699 2575 1763 2618 vel
1781 2577 2016 2631 ignoranter
2043 2579 2264 2633 contigerit

1305 2633 1530 2686 attentari,
1546 2634 1667 2676 etiam
1690 2633 1946 2676 decernimus
1959 2663 1971 2676 .
1991 2635 2043 2677 Et
2059 2636 2268 2679 nihilomi-

1300 2708 1373 2738 nus
1402 2691 1636 2736 Venerabili
1661 2691 1790 2735 Fratri
1813 2693 2133 2748 Arehiepiscopo
2163 2694 2261 2737 Flo-

1300 2752 1463 2797 rentino
1488 2780 1504 2804 ,
1533 2764 1580 2794 ac
1608 2749 1763 2794 dilecto
1793 2750 1901 2794 Filio
1929 2751 2097 2794 vicario
2125 2754 2262 2799 nostro

1299 2813 1339 2855 in
1375 2811 1514 2862 Urbe,
1545 2822 1653 2853 nuuc
1678 2809 1717 2852 &
1735 2822 1812 2864 pro
1840 2820 2026 2860 tempore
2055 2810 2264 2859 exilienti·

1298 2872 1372 2915 bus
1389 2869 1679 2914 committimus
1691 2893 1706 2917 2
1732 2868 1771 2910 &
1785 2866 2020 2912 mandamus
2033 2897 2047 2920 ,
2060 2881 2260 2925 quatenus

1299 2930 1368 2986 ipti
1383 2955 1398 2979 ‚
1413 2928 1485 2973 vel
1498 2928 1581 2971 duo
1594 2955 1610 2979 ,
1626 2936 1696 2970 aut
1717 2939 1815 2969 unus
1834 2938 1974 2970 eorum
1988 2958 2004 2981 ,
2021 2941 2093 2985 per
2106 2927 2172 2981 se,
2195 2930 2262 2975 vel

1297 2988 1421 3032 alium
1433 3013 1447 3038 ,
1464 2988 1527 3031 scu
1541 2986 1645 3030 alios
1658 3012 1672 3036 ‚
1685 2985 1928 3029 auctoritate
1940 2987 2088 3038 nostra,
2109 2986 2259 3034 saciant

1296 3047 1508 3105 presentes
1525 3045 1710 3096 litteras,
1736 3045 1899 3088 &ineis
1924 3057 2117 3091 contenta
2147 3061 2255 3104 quoe-

1290 3101 2255 3209 {issisti}”ffizfiiflffisz‘ff‘lizsslflss‘r‘s

1538 3193 1556 3216 a
1730 3188 1745 3213 2
1940 3188 1955 3212 2
2187 3193 2201 3217 s

1292 3229 1464 3269 Sorores
1479 3252 1492 3276 ,
1511 3238 1559 3268 ac
1574 3222 1766 3268 Personas
1782 3219 1988 3266 Minorum
2003 3247 2018 3275 ,
2045 3221 2086 3265 δι
2098 3222 2143 3265 S.
2157 3223 2253 3267 Cla·-

1291 3299 1341 3329 rae
1358 3313 1373 3337 ,
1388 3298 1431 3327 ac
1449 3281 1584 3328 Tertii
1597 3280 1768 3327 Ordinis
1780 3278 2057 3337 predictorum
2068 3310 2083 3333 ,
2094 3283 2132 3323 Sc
2145 3282 2248 3327 alios

1289 3341 1555 3401 quest-unque
1580 3369 1597 3394 ,
1648 3353 1718 3384 uos
1773 3336 2058 3383 uomodolibet
2083 3353 2249 3386 concer—

1290 3412 1419 3454 nunt,
1433 3395 1603 3458 pacifice
1640 3399 1727 3453 rui,
1814 3397 2020 3452 gaudere,
2044 3413 2117 3443 nec
2149 3413 2246 3458 per·

1290 3462 1452 3504 mittant
1473 3472 1715 3519 quemquam
1730 3483 1746 3509 ,
1776 3466 1917 3498 contra
1935 3465 2124 3502 tenorem
2146 3473 2248 3517 prat·

1291 3519 1459 3564 sentium
1484 3517 1611 3563 modo
1633 3514 1768 3574 aliquo
1781 3513 1968 3571 impediri
1984 3544 1998 3569 ,
2013 3517 2214 3563 molestari
2227 3548 2244 3573 ,

266 3584 362 3617 num
395 3572 716 3621 uendieanuum
742 3605 758 3630 ,
780 3579 1092 3635 quomodolibet
1122 3594 1225 3625 con·
1285 3591 1352 3622 aut
1377 3577 1586 3637 inquietari
1608 3603 1625 3630 ,
1655 3572 1974 3620 contradictores
2003 3576 2244 3634 quoslibet,

267 3627 406 3679 celiis,
426 3629 464 3670 at
493 3634 792 3687 concedendis.
818 3652 970 3684 necnon
993 3639 1116 3683 etiam
1165 3638 1224 3683 ui·
1282 3640 1323 3682 ὰ
1340 3633 1673 3690 rebelles,ctiam
1687 3646 1758 3689 per
1769 3632 2033 3689 privationem
2047 3650 2244 3694 quorum·

268 3689 399 3754 bussis
423 3685 709 3739 facultatibus,
734 3697 774 3736 dt
789 3699 953 3750 gratiis,
977 3698 1049 3742 sua·
1071 3713 1144 3756 pro
1164 3695 1224 3741 es-

265 3750 363 3794 iioni
378 3747 598 3804 aeguum·
612 3750 886 3799 Observantia·
898 3771 978 3801 non
995 3757 1226 3807 contrariis,

1285 3709 1442 3753 cunque
1465 3690 1752 3740 beneficiorum
1766 3690 1928 3737 suorum
1943 3693 2241 3740 Ecclefiastico·

1285 3770 1375 3803 rum
1389 3783 1403 3810 ,
1416 3754 1455 3797 δι
1473 3749 1733 3799 inhabilitatis
1748 3751 1799 3796 ad
1813 3751 1881 3796 illa
1892 3753 1954 3807 ,bt
1971 3752 2049 3798 alia
2063 3753 2233 3812 inposte-

2090 3826 2179 3859 rum
