2444 4192
844 149 1006 234 Sub
1068 151 1383 238 ‘Urbano
1451 149 1717 239 VIII.

269 300 487 351 tationibus
501 325 516 347 ,
535 305 602 339 aut
617 293 702 338 aliis
717 296 932 336 contrariis
947 297 1216 352 dispositioni-

265 364 336 405 bus
365 370 439 412 pro
468 367 648 410 tempore
685 350 991 406 quomodolibet
1023 354 1213 399 faciendis

263 412 555 470 comprehendi
572 441 587 463 ‚
610 412 676 454 sed
687 412 839 467 semper
853 410 902 450 ab
916 410 995 451 illis
1009 424 1219 467 exceptas,

261 474 498 528 semperque
511 470 690 519 validas,
717 467 847 512 firmas
870 468 911 508 δι
935 466 1119 511 efficaces
1131 471 1219 512 exi-

261 534 367 581 stere
381 557 395 580 a
410 532 450 573 &
463 528 551 572 fore
566 558 580 583 ,
594 526 756 586 suosque
771 525 972 582 plenarios
986 526 1024 566 &
1039 527 1216 581 integros

263 590 422 637 effecius
439 588 570 634 sortiri
586 614 600 638 a
623 583 852 632 &obtinere
866 609 882 634 ‚
906 596 953 625 ac
969 584 1018 624 ab
1031 583 1216 624 omnibus

258 653 296 693 &
313 648 496 704 fingulis,
509 647 559 690 ad
573 660 672 703 quos
683 647 707 689 s
725 645 828 691 eflat
842 671 858 697 2
886 642 927 684 &
941 650 1218 706 pro-tempore

260 708 445 765 speetabit
463 734 480 758 ,
509 705 698 752 iuviolsbi
719 705 797 747 iter
826 698 1055 753 observar1;
1087 698 1217 753 ficque

257 780 333 823 per
345 763 769 822 quoscunqueJudices
780 757 1009 804 ordinarios
1018 784 1034 808 ‚
1046 759 1088 801 δι
1101 757 1215 824 ἀξία.-

257 834 371 880 gatos
388 853 404 876 ‚
442 824 564 866 etiam
592 822 794 869 caularum
822 816 963 863 Palatii
985 814 1211 873 Apostolict

255 881 479 927 Auditores
503 907 519 931 ‚
560 894 606 922 ac
633 882 778 926 saneta·
803 879 992 922 Romanae
1026 872 1212 919 Eeclefiae

253 939 506 991 cardinales,
518 939 641 983 etiam
654 939 706 983 de
718 939 845 983 latere
862 938 1036 992 Legatos
1050 960 1064 983 ,
1075 933 1212 976 dietae-

255 1014 335 1055 que
357 998 470 1044 Sedis
485 1000 668 1043 Nuncios
687 1023 702 1046 ‚
727 995 878 1040 sublata
892 996 945 1038 eis
962 1022 977 1046 ,
1006 994 1046 1035 δι
1076 1005 1215 1036 eorum

255 1057 426 1103 cuilibet
441 1057 581 1113 quavis
594 1057 712 1101 aliter
725 1053 927 1113 judicandi
940 1054 1001 1104 ,δι
1014 1052 1217 1107 interpre-

255 1115 366 1163 tandi
383 1114 576 1161 facultate
589 1144 606 1166 ,
636 1117 677 1157 &
705 1114 941 1158 auctoritate
950 1109 1115 1169 judicari
1130 1135 1145 1158 ,
1174 1109 1215 1150 &

252 1173 417 1221 diffiniri
431 1174 579 1218 debere
591 1186 608 1225 3
620 1187 666 1214 ac
682 1174 856 1220 irritum,
870 1173 910 1213 δι
923 1172 1054 1217 inane,
1066 1168 1090 1210 fi
1106 1166 1214 1210 secus

254 1231 375 1286 super
400 1232 460 1274 his
489 1232 512 1275 ὲ
536 1242 736 1286 quoquam
766 1230 906 1284 quavis
922 1227 1216 1273 sueton-itata:

255 1289 432 1334 scienter
444 1314 460 1338 2
486 1287 549 1330 vel
560 1287 790 1342 ignoranter
804 1286 1023 1340 contigerit
1037 1291 1219 1325 attenta·

255 1348 290 1393 ri
306 1375 321 1398 ‚
333 1345 585 1394 decernimus
600 1373 611 1386 .
627 1347 721 1388 Non
735 1342 977 1386 obstantibus
990 1341 1129 1392 regula
1142 1353 1216 1382 no-

259 1406 338 1453 stra
365 1405 416 1449 de
439 1405 527 1461 jure
539 1402 696 1460 qutfito
710 1416 790 1446 non
807 1399 1019 1450 tollend0‚
1050 1413 1097 1442 ac
1127 1396 1217 1465 qui-

257 1463 391 1509 busvit
406 1463 495 1510 aliis
509 1460 872 1507 constitutionibus
885 1488 903 1511 ,
923 1461 963 1503 &
978 1457 1217 1502 Ordinatio-

256 1525 374 1569 nibus
393 1519 630 1579 apostolicis
643 1546 659 1570 ‚
671 1531 826 1565 necnon
841 1527 925 1560 tam
938 1517 1073 1561 Sancti
1088 1516 1219 1558 Bene·

255 1581 349 1626 dieti
362 1611 378 1632 ,
393 1575 660 1624 Cistercienfis
673 1606 689 1628 ,
706 1574 1100 1626 Praemonstratenlis‚
1117 1576 1218 1617 San-

254 1642 306 1683 eti
331 1639 495 1684 Antonii
521 1636 574 1680 de
588 1638 732 1680 Sancto
755 1635 938 1678 Antonio
953 1630 1187 1679 Vienneufis
1201 1660 1218 1682 ,

252 1700 293 1743 δι
307 1697 523 1741 Societatis
533 1692 623 1751 Jesu
641 1691 906 1749 praefatorum
921 1720 936 1742 ,
966 1692 1085 1747 quam
1115 1704 1218 1747 quo-

253 1767 503 1812 rumcunque
530 1752 704 1795 aliorum
720 1751 920 1794 Ordinum
932 1775 946 1798 ‚
976 1752 1216 1807 Congrega-

253 1817 410 1860 tionum
423 1839 437 1862 2
453 1811 714 1860 societatum,
725 1811 766 1852 δι
780 1809 1078 1860 militumr-um,
1091 1809 1214 1852 etiam

254 1872 486 1930 juramento
499 1899 516 1922 ,
538 1867 843 1913 confirmatione
860 1866 1091 1923 Apostolica
1106 1896 1120 1920 ‚
1149 1863 1213 1908 vel

166 1976 169 1980 ,
257 1931 397 1988 quavis
414 1928 602 1973 firmitate
625 1925 702 1968 alia
726 1927 927 1970 roboratis
960 1926 1114 1970 statutis
1132 1953 1146 1975 ,
1175 1925 1215 1965 &

255 1986 616 2034 consuetudinibus,
629 1987 750 2028 etiam
762 1984 1162 2032 immemorabilibus,
1176 1983 1218 2023 dt.

254 2045 476 2105 privilegiis
490 2073 505 2097 ,
533 2057 688 2088 necnon
717 2042 887 2099 praesatis
901 2071 917 2093 ,
948 2045 986 2086 δι
1012 2040 1216 2100 quibusvis

256 2106 342 2151 aliis
357 2103 574 2161 privilegiis
585 2130 600 2155 ‚
621 2101 788 2146 indultis
803 2129 818 2150 ‚
844 2101 1026 2144 &literis
1043 2099 1216 2158 Aposto-

259 2164 354 2209 licis
364 2191 379 2214 ,
389 2161 510 2208 etiam
527 2163 639 2206 Mare
651 2173 837 2214 magnum
851 2188 866 2211 ,
883 2161 923 2200 δε
935 2160 1032 2204 aliis
1044 2172 1217 2215 quomo·

258 2221 414 2266 delibet
429 2218 682 2273 nuncupatis,
694 2216 840 2265 eisdem
853 2217 1092 2268 Ordinibus,
1104 2220 1216 2260 Con-

255 2277 587 2337 versationibus,
615 2276 910 2327 Societatibus,
932 2274 1181 2319 &Institutis
1200 2302 1215 2325 ‚

254 2350 478 2393 eorumque
496 2334 774 2390 Superioribus
789 2363 804 2386 ,
816 2335 932 2379 bonis
947 2363 961 2387 ,
975 2336 1109 2387 rebus,
1124 2334 1209 2376 Mo·

253 2396 445 2443 nastes-iis,
462 2394 562 2438 locis
575 2393 864 2448 Regum-ibus,
876 2395 912 2436 δι
924 2392 1100 2450 personis
1114 2421 1129 2444 ‚
1144 2393 1212 2436 sub

255 2450 555 2513 quibuscunque
569 2453 779 2496 tenoribus
793 2455 858 2505 ,δι
871 2451 1030 2504 formis,
1054 2467 1100 2495 ae
1118 2465 1213 2494 cum

253 2513 459 2572 quibusvis
487 2512 612 2555 etiam
632 2510 980 2566 derogatoriarum
996 2512 1213 2567 derogato·

255 2574 326 2617 riis
335 2597 352 2622 ‚
365 2569 528 2627 aliisque
539 2569 825 2614 efficacioribus
836 2596 851 2620 ‚
864 2572 902 2612 δι
918 2569 1086 2613 insolitis
1103 2570 1211 2612 elau-

254 2631 370 2679 suli8‚
382 2632 420 2675 δι
434 2628 524 2674 aliis
536 2628 712 2673 decretis
724 2628 761 2670 in
773 2642 920 2684 genere
934 2657 949 2682 ,
974 2629 1040 2672 vel
1063 2629 1101 2670 in
1123 2627 1209 2684 spe.

255 2691 318 2734 cie
329 2715 344 2738 ‚
370 2702 415 2731 ac
447 2687 544 2733 alias
573 2687 613 2729 in
627 2689 878 2732 contrarium
894 2683 1207 2743 praemiflorum,

255 2743 561 2804 quomodolibet
570 2743 756 2788 concessis
768 2773 784 2796 ,
797 2743 1042 2789 confirmatis
1054 2774 1069 2798 ‚
1088 2748 1128 2789 δι
1150 2746 1210 2788 in·

261 2803 414 2849 novatis
427 2831 438 2845 .
451 2803 606 2857 Quibus
615 2802 811 2851 omnibus,
823 2804 863 2844 δι
876 2801 1052 2857 lingulis,
1059 2804 1212 2846 etiamsi

258 2875 335 2918 pro
350 2859 516 2906 illorum
530 2859 737 2904 sufficienti
756 2858 1020 2914 derogatione
1035 2861 1087 2904 de
1099 2860 1181 2903 illis
1195 2890 1211 2912 ,

260 2931 478 2974 eorumque
490 2918 590 2961 totis
601 2917 808 2959 tenoribus
817 2945 832 2969 ,
845 2915 1025 2974 specialis
1037 2948 1052 2971 ,
1064 2917 1212 2974 specifi·
1239 2952 1243 2956 Α

177 3009 179 3012 ,
259 2993 307 3022 ca
320 3004 335 3027 ‚
363 2973 538 3033 expteffa
550 3027 553 3030 ,
565 2977 603 3017 8(
629 2974 833 3019 individua
847 3002 862 3025 2
888 2991 934 3019 ac
959 2978 1009 3027 de
1025 2977 1209 3024 verboad

259 3037 424 3080 verbum
437 3062 453 3086 ‚
480 3048 556 3077 non
570 3044 702 3075 autem
718 3047 787 3088 per
800 3033 989 3080 clausulas
1009 3035 1211 3092 generales

261 3096 369 3141 idem
383 3094 647 3148 importantes
662 3091 810 3134 mentio
823 3119 836 3142 ,
867 3093 932 3150 seu
944 3095 1089 3150 quaevis
1101 3094 1211 3138 alia..-

261 3152 456 3210 expreffio
470 3151 650 3197 habenda
663 3176 678 3199 ‚
704 3160 771 3192 sut
787 3150 918 3206 aliqua
934 3154 1010 3197 alia
1025 3152 1214 3208 exquifita

266 3211 394 3258 ffirma
416 3210 466 3256 ad
485 3212 560 3255 hoc
574 3207 760 3252 servanda
776 3207 880 3252 foret
896 3236 911 3259 ‚
943 3211 1102 3254 illorum
1126 3225 1214 3254 om-

265 3271 373 3314 nium
397 3271 436 3312 &
451 3268 691 3323 singulorum
706 3277 862 3311 tenores
875 3271 1127 3323 praesentibus
1142 3284 1216 3326 pro

270 3329 411 3382 plene,
437 3330 476 3370 δι
502 3325 743 3374 sufficienter
769 3328 950 3380 expressis
965 3357 979 3380 ,
1009 3330 1050 3372 ἃ
1062 3328 1109 3372 ad
1129 3343 1216 3371 ver..

270 3386 365 3428 bum
377 3385 529 3429 insertis
544 3385 732 3428 habentes
744 3410 758 3431 a
782 3386 862 3428 illis
887 3387 985 3431 alias
1010 3387 1048 3430 in
1066 3385 1136 3432 suo
1149 3402 1216 3429 ro-

274 3445 372 3486 bore
384 3443 642 3497 permansuris
655 3472 670 3494 ,
700 3445 772 3485 hac
801 3445 888 3488 vice
913 3445 1122 3488 dumtaxat
1137 3445 1159 3484 s
1152 3461 1217 3500 pe·

273 3499 427 3542 cialiter
440 3529 456 3551 ,
466 3501 696 3556 &expresse
709 3502 947 3559 derogamus
960 3533 973 3555 ‚
991 3502 1217 3561 caeterisque

271 3558 480 3599 contrariis
508 3560 798 3617 quibuscunque
810 3591 822 3603 .
843 3562 1039 3605 Volumus
1063 3573 1214 3612 autem,

266 3614 376 3667 quod
394 3613 632 3669 praesentium
645 3621 1036 3673 transumpti82etiam
1051 3622 1215 3674 impres-

266 3673 310 3715 fis
323 3699 336 3719 ‚
362 3685 476 3713 manu
506 3675 665 3727 alicuius
682 3680 842 3721 Notarii
870 3680 1020 3734 publici
1047 3679 1211 3722 subscri·

264 3732 342 3788 ptis
357 3757 373 3783 ,
383 3732 423 3772 &
437 3729 561 3783 figillo
572 3736 739 3786 persouae
753 3738 792 3780 in
805 3737 1004 3794 dignitate
1015 3739 1209 3792 Ecclesia-¹

2013 179 2177 261 399

1275 303 1368 344 stica
1383 301 1605 343 constitutae
1619 298 1782 343 munitis
1798 298 1940 340 eadem
1964 304 2121 354 prorsus
2139 306 2236 349 fides

1278 358 1542 406 adhibeatur,
1565 371 1648 412 quae
1661 357 1922 397 adhiberetur
1934 357 2022 410 ipfis
2039 362 2238 411 praesenti.

1279 415 1350 455 bus
1362 441 1377 462 ‚
1391 412 1417 453 fi
1436 411 1569 454 forent
1583 414 1768 454 exhibita:
1784 412 1847 453 vel
1864 412 2036 463 ostensae,
2050 419 2236 472 quodque

1275 469 1423 511 eaedem
1437 466 1645 523 praesentes
1660 469 1785 510 literae
1797 496 1812 519 ‚
1839 467 1906 510 seu
1929 471 2088 512 illarum
2101 486 2238 516 exem-

1276 526 1343 583 pla
1358 526 1408 567 ad
1425 526 1560 569 valvas
1574 525 1828 568 Bafilicarum
1842 528 1968 570 sancti
1978 530 2140 582 joannis
2162 532 2238 572 La.

1276 583 1490 626 teranenfis
1508 612 1523 635 ,
1544 598 1588 625 ac
1617 584 1815 640 Principis
1832 585 2118 640 Apostolorum
2131 586 2238 630 de„

1276 643 1388 684 Urbe
1400 670 1416 692 ,
1429 643 1469 685 δι
1482 643 1521 686 in
1534 642 1620 685 acie
1637 644 1781 698 Campi
1796 643 1924 686 Florae
1935 642 2050 686 affixa
2061 672 2076 694 ,
2099 658 2237 686 omnes

1276 701 1333 743 ita
1347 703 1503 744 aretem
1519 730 1535 753 ‚
1547 701 1771 744 &afficiant
1787 728 1801 751 ,
1813 716 1859 744 ac
1874 701 1900 744 fi
1919 702 2130 757 unicuique
2147 717 2242 758 per-

1274 757 1467 801 sonaliter
1478 761 1659 803 intimata
1672 757 1830 803 fuissent
1841 788 1854 802 .

1386 818 1537 862 Datum
1553 822 1691 862 Romae
1717 819 1822 875 apud
1850 821 2033 864 Sanctam
2060 819 2239 863 Mariam

1271 875 1476 932 Maiorem
1500 878 1568 920 sub
1586 876 1750 920 Annulo
1767 875 1979 920 Piscatoris
2005 879 2072 922 die
2101 892 2137 919 v.
2154 881 2239 920 No-

1273 936 1452 979 vembris
1466 948 1721 981 moe-uxt-
1732 934 1996 980 Pontificattis
2009 936 2146 982 Nostri
2158 939 2241 980 An-

1272 1009 1323 1038 no
1339 998 1488 1040 Nono.

1331 1117 1489 1167 Exemp.
1513 1113 1641 1156 Rome
1674 1110 1894 1170 inprcffum
1924 1115 1967 1154 in
2000 1112 2123 1157 Arcb.
2139 1124 2236 1168 gen.

1392 1170 1486 1214 Ord.
1501 1173 1690 1215 Arruntio
1695 1171 1890 1228 praediffo
1904 1199 1917 1214 .

1275 1404 1667 1458 Constitutionetn
1701 1405 1922 1473 Gregorii
1957 1408 2074 1455 XV.
2125 1402 2241 1452 vivae

1342 1476 1472 1525 vocis
1515 1475 1701 1525 oracula
1741 1489 2033 1524 revocantem
2078 1472 2243 1523 confir-

1345 1557 1469 1602 mat,
1486 1543 1535 1596 ἀ
1553 1546 1891 1594 revocationem
1909 1547 2054 1594 etiam
2075 1544 2131 1594 ad
2147 1562 2244 1594 ora·

1350 1616 1453 1665 cula
1481 1615 1506 1663 a
1526 1618 1574 1665 S.
1598 1618 1658 1664 R.
1675 1616 1730 1663 E.
1749 1614 2073 1665 Cardinalibus
2083 1614 2243 1665 obten-

1347 1699 1422 1743 ta,
1448 1700 1697 1753 eorumque
1719 1700 1861 1735 manu
1888 1682 2068 1755 firmata
2091 1700 2243 1737 exten-

1345 1754 1449 1805 dir.

1313 1884 1718 1940 URBANUS
1757 1885 1964 1933 PAPA
2004 1886 2187 1934 V111.

1419 2022 1487 2065 Aa
1501 2029 1736 2077 perpetuam
1762 2021 1823 2063 rei
1850 2022 2074 2064 nemrim
2095 2051 2108 2064 .

1414 2160 1503 2204 Lias
1534 2158 1602 2204 fel.
1635 2175 1717 2204 rec.
1746 2160 1970 2217 Gregorius
2002 2159 2109 2217 Papa
2140 2162 2239 2205 XV.

1429 2218 1688 2263 predecessor
1704 2221 1847 2265 Noster
1862 2248 1877 2271 ,
1903 2230 1946 2264 ut
1971 2217 2239 2265 subnascenti-

1275 2278 1350 2320 bus
1389 2277 1538 2335 jugiter
1570 2280 1686 2320 variis
1718 2277 2020 2321 difficultatibus
2050 2281 2089 2322 ἃ.
2118 2277 2241 2322 abufi-

1275 2337 1350 2380 bus
1375 2351 1423 2379 ex
1452 2336 1673 2392 privilegiis
1699 2336 1720 2379 i
1750 2338 1858 2381 Sede
1886 2337 2120 2393 Apostolica
2139 2338 2237 2380 vivat

1273 2395 1385 2438 vocis
1394 2395 1565 2439 oraculo
1579 2399 1848 2452 sepenumero
1872 2395 2060 2442 conceffis
2073 2396 2237 2440 obviam

1272 2454 1377 2504 iret,
1406 2454 1750 2498 Constitutionem
1775 2454 1905 2498 edidit
1933 2455 2088 2498 tenoris
2109 2453 2238 2498 subse-

1272 2527 1392 2568 quen·
1418 2513 1608 2556 videlicet
1622 2545 1634 2556 .
1666 2515 1889 2570 Gregorius
1917 2516 2022 2568 Papa
2039 2515 2135 2555 XV.
2168 2512 2238 2555 Ad

1271 2582 1507 2626 perpetuam
1535 2574 1592 2615 rei
1606 2575 1848 2616 memoriam
1863 2603 1876 2615 .
1910 2574 2117 2617 Romanus
2133 2574 2239 2615 Pon-

1271 2626 1368 2673 tifex
1395 2631 1435 2671 in
1461 2628 1618 2685 specula
1650 2631 1864 2674 militantis
1882 2629 2237 2674 Ecclefiaedivina„

1270 2688 1524 2744 providentia
1550 2690 1790 2733 constitutus
1809 2692 1886 2734 διε.
1915 2688 2120 2746 Residnum
2151 2690 2238 2732 vide

1258 2746 1478 2806 fiapnfol.
1492 2751 1593 2803 384.
2088 2790 2091 2793 .

1357 2809 1465 2850 Cum
1480 2818 1615 2850 autem
1635 2807 1882 2863 experientia
1898 2822 2034 2852 rerum
2053 2806 2236 2864 magistra

1269 2875 1519 2919 compertum
1534 2865 1580 2907 fit
1595 2891 1610 2913 ‚
1623 2866 1907 2917 comestiones,
1918 2867 1959 2907 δι
1973 2868 2122 2921 gratias
2139 2867 2238 2908 vivae

1272 2922 1380 2965 vocis
1392 2922 1660 2970 oracu10,etii
1673 2922 1694 2965 i
1710 2923 2146 2968 S.R.E.Cardinalibus
2162 2926 2237 2965 ob-

1270 2991 1399 3023 tentas
1411 2981 1474 3029 a&
1487 2980 1659 3035 ipsorum
1674 2995 1788 3022 manu
1799 2978 1974 3023 firmatas
1987 2981 2082 3035 saepe
2094 2984 2145 3023 ab
2159 2982 2236 3030 his,

1271 3041 1308 3081 in
1322 3053 1494 3094 quorum
1508 3038 1686 3081 favorem
1699 3037 1933 3082 emanarunt
1943 3066 1957 3088 ‚
1970 3041 2097 3081 minus
2110 3052 2238 3080 cano-

1273 3097 1714 3151 nicainterpretatione
1741 3096 1938 3150 extendi,
1958 3098 1999 3139 δι
2024 3110 2237 3152 perperam

1273 3159 1312 3200 in
1326 3154 1538 3209 disciplinae
1553 3156 1834 3199 Ecclefiasticae
1843 3156 2133 3199 detrimentum
2143 3168 2239 3198 exe·

1273 3215 1430 3259 cutioni
1455 3212 1716 3258 demandari:
1732 3215 1893 3258 Idcirco
1905 3245 1920 3266 ,
1933 3216 2126 3272 quantum
2142 3228 2235 3256 cum

1275 3272 1454 3317 Domino
1470 3270 1666 3326 possumus
1682 3301 1696 3326 ‚
1710 3271 1799 3325 his,
1811 3275 1848 3316 8(
1860 3274 1950 3317 aliis
1964 3273 2076 3315 malis
2090 3286 2237 3315 occur-

1274 3346 1364 3379 rere
1378 3332 1561 3374 volentes
1573 3361 1590 3382 ,
1605 3334 1719 3374 Motu
1738 3332 1929 3389 proprio,
1955 3334 1995 3374 &
2025 3346 2073 3374 ex
2088 3340 2234 3374 certa..

1275 3389 1442 3435 scientia
1455 3419 1471 3441 ,
1500 3403 1548 3432 ac
1576 3401 1729 3433 matura
1751 3390 2041 3434 deliberatione
2056 3390 2207 3434 Nostris
2220 3418 2236 3440 ,

1274 3449 1406 3504 deque
1419 3447 1653 3502 Apostolicae
1668 3449 1874 3504 potestatis
1887 3448 2135 3505 plenitudine
2148 3475 2163 3498 ‚
2194 3451 2235 3490 δι

1274 3507 1325 3553 de
1349 3506 1513 3548 consilio
1540 3507 1829 3553 nonnullorum
1855 3507 2133 3552 venerabilium
2146 3510 2234 3550 Fra·

1273 3574 1382 3607 trum
1397 3564 1634 3606 Nostrorum
1650 3570 1691 3608 S.
1709 3569 1762 3608 R.
1777 3569 1823 3610 E.
1837 3566 2234 3620 Cardinalium,qui·

1274 3625 1346 3666 bus
1361 3622 1574 3678 negocium
1593 3622 1809 3675 huiusmodi
1825 3626 1985 3670 mature
2015 3624 2237 3667 discutien-

1268 3681 1365 3723 dum
1394 3680 1659 3725 commisimus
1674 3708 1688 3730 ι,
1714 3684 1845 3729 omnia
1858 3711 1872 3734 ‚
1886 3687 1927 3726 δι
1944 3684 2094 3739 lingula
2107 3681 2232 3736 privi-

1267 3739 1370 3795 legia
1380 3769 1395 3793 ,
1410 3737 1624 3783 facultates
1635 3769 1652 3793 ,
1668 3741 1847 3786 licentias
1864 3772 1878 3796 ,
1902 3746 1942 3786 δι
1955 3742 2102 3799 gratias
2115 3737 2230 3791 quas-

2085 3807 2178 3835 cun-
