2444 4192
288 381 411 426 nostri
425 384 602 428 Romani
621 387 845 431 Pontifices
865 389 1078 433 succeffive
1100 387 1137 455 (.
1151 387 1252 431 ficut

288 441 460 498 dignum
475 447 599 503 erat)
614 447 864 503 applicantes
880 463 995 491 aures
1021 451 1062 492 δι
1073 461 1252 491 animum

289 500 607 549 declaraverunt
620 521 692 558 ea,
722 522 810 563 quae
839 508 962 550 dubia
981 510 1220 552 videbantur
1235 519 1252 558 3

280 561 518 607 ediderunt
532 566 749 617 nonnulla,
764 568 804 608 δι
815 568 948 623 aliqua
960 564 1275 615 concefferunt,⁴

291 619 392 663 ficut
407 622 605 676 expedire
617 624 812 666 videbant
832 628 1023 667 Fratrum
1051 625 1259 669 conscien-

290 680 383 731 tiis,
411 694 456 722 ac
472 694 582 736 purae
591 680 854 725 obiervantiae
875 681 995 725 ssatus
1011 710 1025 724 .

346 740 612 795 Verum,quia
629 738 966 796 plerumque2ubi
979 742 1101 799 culpa
1112 746 1168 786 ηδ
1182 744 1255 789 est,

286 810 380 841 eam
396 800 544 842 timere
558 796 692 839 solent
705 800 957 857 conscientie
967 801 1258 859 timorate‚que

286 858 328 900 in
352 858 414 900 via
432 857 508 897 Dei
521 854 775 915 quodcumq3
787 859 952 902 devium
967 863 1259 916 expavescunt,

287 930 373 958 non
390 913 478 956 sunt
495 918 547 958 ad
564 914 730 971 plenum
751 932 802 960 ex
822 919 940 961 dictis
959 919 1259 962 declarationi-

284 978 360 1018 bus
386 973 593 1019 dierorum
617 976 803 1020 omnium
830 980 1020 1021 Fratrum
1046 976 1257 1021 conscien-

281 1035 348 1095 tiae
357 1033 563 1088 quietatae,
580 1035 678 1091 quin
694 1038 805 1078 eirca
818 1038 953 1092 aliqua
966 1038 1017 1079 ad
1036 1034 1258 1090 Regulam,

280 1093 546 1148 ipsorumque
561 1095 705 1138 statum
732 1096 976 1150 pertinentia
991 1124 1007 1147 ‚
1031 1094 1260 1137 dubitatio-

283 1165 382 1194 num
407 1151 449 1194 in
479 1151 572 1208 ipfis
596 1155 741 1196 fluctus
764 1152 887 1208 aliqui
905 1161 1189 1208 generentur,
1218 1153 1260 1194 δι

282 1211 466 1253 oriantur
482 1238 497 1260 ‚
521 1210 620 1254 ficut
633 1210 685 1252 ad
701 1225 819 1254 aures
838 1212 993 1254 nostras
1008 1211 1162 1267 pluries
1176 1240 1193 1262 ,
1215 1213 1256 1254 δι

280 1270 336 1310 de
361 1269 674 1325 quampluribus
706 1271 746 1312 in
768 1271 943 1326 publicis
970 1297 985 1320 ,
1011 1271 1054 1311 &
1081 1270 1253 1326 privatis

283 1328 528 1372 confistoriis
555 1330 614 1373 est
629 1331 862 1387 perlatum.
894 1332 1168 1388 Qapropter
1181 1344 1256 1387 per

279 1386 384 1443 ipsos
401 1390 566 1432 Fratres
584 1389 715 1434 Nobis
726 1390 866 1432 extitit
883 1389 1094 1432 humiliter
1104 1388 1255 1446 suppli·

281 1458 421 1490 catum
437 1477 452 1500 ‚
465 1461 668 1506 quatenus
682 1449 885 1506 praedietis
897 1450 1033 1494 dubiis
1049 1478 1063 1500 ‚
1077 1464 1163 1506 quae
1183 1462 1257 1491 oc-

281 1519 508 1552 currerunt
528 1539 544 1560 ,
569 1510 610 1552 &
623 1524 712 1566 quae
727 1507 887 1564 poffunt
899 1522 1125 1552 occurrere
1141 1509 1178 1551 in
1190 1509 1256 1552 fu-

282 1575 423 1608 turum
436 1596 453 1618 ,
479 1568 675 1612 adhibere
701 1579 938 1624 opportuna
963 1566 1256 1618 declarationis

283 1625 498 1680 remedia,
519 1627 574 1670 dc
598 1628 856 1684 benignitate
879 1626 997 1671 sedis
1011 1628 1258 1684 Apostolicae

280 1697 519 1731 curaremus
534 1715 548 1729 .
1194 1727 1204 1742 ,
1233 1727 1240 1734 .

374 1747 464 1787 Nos
481 1745 626 1802 igitur,
638 1759 814 1802 quorum
826 1746 982 1790 animus
998 1747 1046 1789 ab
1059 1757 1179 1793 aetate
1189 1759 1255 1794 te-

282 1816 380 1846 nera
402 1804 468 1860 pia
478 1805 709 1848 devotione
732 1803 918 1850 effervuit
948 1807 1000 1850 ad
1021 1802 1254 1867 hujusmodi

282 1859 527 1917 professores
545 1864 715 1921 Regulae
725 1893 742 1917 ‚
752 1864 796 1908 Gt
810 1867 861 1909 ad
873 1867 1073 1910 Ordinem
1090 1863 1256 1926 ipsum..-

282 1931 418 1964 totum
431 1937 445 1966 ε
474 1937 582 1968 nunc
613 1934 753 1966 autem
781 1938 834 1967 ex
846 1925 1057 1968 communi
1071 1942 1165 1970 cura
1182 1941 1256 1983 pa·-

280 1980 441 2024 storalis
458 1982 698 2038 regiminis,
723 1997 847 2040 quam
872 1985 1070 2027 immeriti
1095 1985 1257 2030 sustine·

279 2054 388 2092 mus,
399 2041 451 2085 ad
466 2040 575 2096 ipsos
587 2039 785 2086 fovendos
796 2043 959 2089 dulcius
974 2071 989 2095 ,
1002 2045 1043 2086 δι
1056 2048 1255 2089 attentius

280 2100 462 2155 gratiosis
474 2100 679 2143 favoribus
691 2099 996 2155 prosequendos
1026 2106 1146 2143 tanto
1161 2114 1256 2153 pro-

280 2170 476 2198 vocamur
487 2157 696 2199 ardentius
708 2184 726 2205 ,
751 2159 907 2212 quanto
921 2150 1176 2211 frequentius
1192 2158 1253 2200 in-

282 2224 399 2257 tenta
424 2223 561 2258 mente
585 2212 847 2259 revolvimus
885 2212 1039 2259 fruetus
1073 2218 1222 2259 uberes
1237 2243 1254 2265 ‚

277 2272 1254 2377 ‘iffifsst‘t'gffiz‘sszssffiss‘kzziz53333222

282 2390 489 2436 cernimus
505 2390 744 2447 provenire,
758 2400 842 2432 tam
856 2388 925 2445 pii
940 2388 1253 2446 supplicantium

283 2450 522 2495 intentione
544 2448 744 2491 commoti
767 2447 819 2492 ad
850 2448 1128 2506 peragendum
1153 2450 1252 2495 dili-

285 2520 436 2568 genter
449 2536 466 2560 ,
490 2507 603 2566 quod
617 2508 779 2565 petitur
793 2535 810 2560 ‚
836 2507 967 2553 studia
979 2508 1116 2553 nostra
1130 2510 1256 2568 dpxi-

287 2583 375 2613 mus
387 2568 670 2612 convertenda
683 2568 875 2626 :ipsaque
891 2568 1014 2614 dubia
1027 2584 1103 2627 per
1115 2570 1254 2627 plures

283 2626 629 2685 Arcbiepiscopos
642 2654 659 2679 ,
673 2629 715 2671 &
731 2630 760 2671 Ε
766 2626 954 2686 piscopos
968 2659 985 2683 ,
1003 2631 1043 2673 &
1061 2634 1103 2673 in
1120 2631 1257 2674 Theo-

286 2688 399 2745 logia
411 2688 680 2744 Magistros,&
692 2686 1029 2734 aliosntteratos
1042 2690 1257 2747 providos,

285 2749 329 2793 δι
347 2745 550 2791 discretos
564 2748 787 2791 examinari
816 2746 988 2793 fecimus
1002 2749 1229 2807 diligenter
1242 2780 1255 2794 .

403 2808 512 2851 Ciam
527 2807 656 2863 igitur
670 2809 712 2852 in
724 2807 871 2876 primis
896 2822 946 2853 ex
967 2822 1019 2853 eo
1037 2836 1053 2862 ‚
1079 2811 1193 2867 quod
1216 2811 1256 2854 in

289 2866 407 2911 diae
423 2865 592 2926 Regula
603 2866 808 2925 principio
820 2867 992 2912 habetur
1005 2881 1020 2912 ε
1037 2871 1189 2928 Regula
1204 2868 1259 2920 ὠ·

289 2925 378 2972 vita
394 2931 591 2974 Fratrum
604 2929 811 2971 mnarum
823 2928 906 2971 ᾗσι·
914 2927 986 2987 est:
999 2931 1158 2975 scilicet
1175 2933 1258 2972 Do-

292 2990 392 3032 nuni
426 2986 549 3032 noar}
565 2985 669 3045 ‘quv
694 2985 847 3044 Christ}
873 2988 1062 3034 samum
1077 2994 1258 3047 Evange-

291 3048 388 3093 lium
401 3046 609 3106 observare
620 3046 687 3100 ,t'n
700 3046 919 3092 obeditum
933 3048 1260 3107 vivend0‚stne.›

286 3111 455 3164 proprio
468 3135 483 3159 ‚
504 3107 554 3157 θ’
565 3110 611 3150 tu
620 3104 830 3164 castitate.
859 3108 968 3152 Item
982 3106 1111 3154 infra:
1143 3113 1261 3156 Fini-

293 3177 338 3211 to
352 3166 443 3211 verb
452 3179 555 3210 anno
562 3163 810 3224 probationis
822 3168 1072 3225 recipiantur
1095 3170 1152 3212 ad
1170 3168 1260 3213 'obe-

296 3227 508 3278 dientlam
513 3230 794 3283 promittentes
807 3230 935 3275 vitam
949 3228 1065 3286 istam
1074 3227 1236 3290 simper
1246 3256 1263 3283 2

297 3286 351 3338 ῥ’
368 3288 550 3344 regulam
570 3284 783 3347 observare
796 3317 812 3342 ,
837 3287 936 3332 item
958 3290 1073 3334 eirea
1102 3288 1263 3335 finem-0

297 3346 462 3402 Regula
476 3354 781 3404 :paupertatem
795 3377 811 3401 ,
826 3346 875 3397 ἐς
889 3347 1159 3395 bumilitatem
1175 3376 1191 3400 ‚
1205 3348 1260 3400 ά·

299 3406 487 3449 sannam
517 3410 630 3452 Euan
656 3406 777 3450 elium
809 3409 974 3452 Domini
1009 3409 1134 3469 nostr}
1155 3405 1257 3467 ⁶]ssae

299 3464 446 3519 christi
463 3494 475 3517 ,
488 3420 776 3569 quodsemlm·
779 3467 1032 3525 promisimus
1048 3496 1063 3521 ‚
1079 3469 1127 3513 cb
1145 3481 1257 3512 erve-

297 3535 380 3564 mut
396 3535 409 3565 ε
426 3522 500 3568 suit
515 3528 574 3570 hoe

298 3581 466 3649 Ordinis
496 3585 544 3626 ad
578 3587 716 3630 omnia
744 3597 829 3631 tam
865 3597 1070 3647 precepta
1097 3617 1112 3641 ‚
1134 3588 1260 3647 quim

297 3639 462 3683 confilm
481 3643 720 3701 Evangelii,
748 3661 797 3691 ex
823 3646 1064 3706 proseffione
1084 3649 1158 3693 suoe
1176 3649 1259 3692 Re·

296 3700 401 3757 gula
427 3711 641 3746 tencantur
662 3707 677 3747 2
718 3708 957 3762 quibusdam
994 3708 1228 3754 dicentibus
1242 3738 1258 3762 ,

296 3759 407 3817 qubd
433 3760 484 3804 ad
505 3761 637 3803 omnia
656 3776 668 3805 :
699 3767 787 3808 aliis
810 3780 945 3813 autem
968 3766 1257 3819 afferentibus,

293 3819 406 3875 quod
422 3819 473 3862 ad
497 3819 576 3863 sola
595 3820 664 3863 ⁶¹¹⁸
680 3824 758 3864 tri-1
774 3828 951 3876 confinia,
970 3829 1181 3881 videlicet,
1197 3828 1254 3871 vi·

294 3880 442 3924 vetein
459 3880 714 3936 obedientia,
729 3882 767 3926 in
786 3886 969 3930 castitate
983 3890 1051 3939 ,ἀ
1066 3888 1143 3933 sinc
1158 3902 1251 3945 pro·

606 3536 740 3571 tatum
756 3556 774 3580 ,
796 3542 846 3572 nn
864 3530 1025 3573 fratres
1039 3526 1101 3586 eju
1122 3531 1256 3573 dem-a

898 225 1063 316 Sub
1125 219 1513 347 Clemente
1574 225 1677 314 V..

1312 387 1403 445 prio
1417 414 1431 437 2
1447 389 1485 429 &
1499 385 1550 429 ad
1566 400 1612 429 ea
1626 412 1642 434 ³
1670 398 1755 440 quae
1779 380 1850 424 sub
1874 380 2006 424 verbis
2022 375 2283 433 obligatoriis

1315 457 1525 504 ponuntur
1540 446 1581 488 in
1598 445 1759 500 Regula
1774 470 1787 493 a
1802 440 2042 494 obligantur
2056 467 2068 479 .
2105 443 2192 480 Nos
2205 437 2284 476 cir·

1323 519 1371 547 ca
1391 507 1502 548 hune
1523 505 1744 547 articulum
1762 499 2101 544 Praedecefforum
2131 495 2284 540 nostro-

1322 579 1413 606 rum
1430 565 1603 619 vestigiis
1624 565 1864 606 inhaerentes
1881 586 1895 608 ‚
1912 558 2117 614 ipsumque
2130 556 2282 600 articu-

1321 624 1408 667 lum
1433 625 1567 682 quoad
1602 621 1754 678 aliquid
1781 618 1931 661 clarius
1957 617 2247 671 prosequentes
2262 642 2277 663 ,

1318 685 1433 726 dieta:
1447 683 1682 726 haesitationi
1709 680 1896 723 duximus
1926 673 2281 731 respondendum:

1320 743 1430 795 quod
1447 772 1461 794 ,
1492 756 1587 785 cum
1605 752 1747 784 votum
1763 734 2087 780 determinatum
2115 732 2280 789 cujusli-

1322 803 1392 843 bet
1407 802 1551 843 habeat
1566 801 1714 843 cadere
1729 797 1798 842 sub
1812 806 1928 839 certo
1941 824 1957 847 ‚
1972 805 2125 835 vovens
2144 795 2280 846 Regu.

1321 861 1403 902 lam
1414 874 1496 902 non
1511 860 1641 915 potest
1656 857 1737 900 dici
1753 857 1885 900 teneri
1911 867 1964 896 ex
1988 852 2026 894 vi
2044 851 2129 893 voti
2146 849 2279 906 hujus-

1321 918 1433 960 modi
1449 917 1499 958 ad
1512 931 1560 958 ea
1569 916 1736 960 confilia
1754 915 2003 969 Evangelica
2017 938 2030 960 ‚
2045 911 2184 977 quae-in
2201 908 2276 951 Re-

1319 990 1372 1076 ΞΓ
1362 978 1415 1076 sii
1429 990 1546 1076 23:13
1546 973 2102 1087 ἶίἓῖἓῗιὲξῗῖἒζὲῖερῗοῗίῗ
2108 970 2281 1072 ἷζῖςὶῗὲἲε

1319 1092 1497 1135 intentio
1509 1121 1522 1142 ,
1537 1107 1587 1133 ex
1601 1092 1679 1131 hoc
1693 1116 1707 1138 2
1733 1089 1842 1142 quod
1863 1090 2048 1142 quaedam
2062 1087 2280 1141 Evangeli-

1318 1165 1366 1192 ca
1379 1149 1546 1193 confilia
1564 1151 1606 1191 in
1621 1147 1781 1202 Regula
1796 1144 2037 1202 posuit,a1iis
2050 1142 2284 1200 pra’termis.

1316 1212 1361 1252 fis
1376 1223 1388 1252 :
1404 1209 1445 1251 Si
1459 1209 1566 1251 enim
1588 1221 1661 1265 per
1680 1205 1785 1250 illud
1804 1205 1974 1249 verbum
1992 1218 2006 1248 ε
2025 1206 2198 1260 Regula,
2227 1203 2282 1252 ό·

1314 1274 1401 1312 vita
1419 1270 1615 1312 Fratrum
1629 1270 1834 1310 Mtnorum
1855 1267 1936 1307 baec
1948 1264 2002 1322 cst
2013 1291 2028 1314 2
2044 1265 2130 1313 (σε.
2146 1265 2283 1305 inten-

1316 1327 1432 1374 differ
1443 1342 1513 1372 eos
1526 1327 1576 1370 ad
1587 1327 1725 1372 omnia
1738 1324 1843 1369 confi
1851 1324 1903 1367 lia
1914 1323 2162 1380 Evangelica
2176 1320 2284 1364 obli·

1317 1404 1433 1448 gare,
1448 1387 1649 1446 superflue
1665 1415 1680 1440 ,
1700 1388 1741 1430 δε
1765 1385 1980 1442 nugatorie
1997 1383 2182 1441 quaedam
2209 1395 2283 1425 eo-

1318 1464 1408 1493 rum
1422 1475 1438 1499 ,
1453 1445 1663 1506 suppressis
1677 1446 1833 1489 caeteris
1844 1475 1860 1496 ,
1883 1445 1924 1486 in
1943 1443 2105 1500 Regula
2119 1439 2286 1506 expres-

1319 1507 1418 1553 fiffet
1433 1537 1445 1548 .
1466 1512 1576 1552 Cum
1590 1517 1727 1550 autem
1747 1515 1894 1551 natura
1908 1503 2078 1546 termini
2093 1502 2285 1545 restricti..

1319 1570 1357 1611 vi
1374 1570 1453 1611 hoc
1470 1568 1618 1610 habeat
1633 1564 1768 1623 ,quod
1785 1562 1836 1606 fic
1849 1561 2034 1606 excludit
2051 1564 2101 1604 ab
2115 1562 2201 1616 ipso
2215 1572 2285 1602 ex-

1319 1639 1461 1671 tranea
1473 1655 1490 1678 ,
1519 1624 1628 1683 quod
1643 1626 1791 1667 canna
1811 1625 1863 1667 ad
1880 1620 2009 1679 ipsum
2036 1619 2285 1679 pertinentia

1314 1685 1553 1739 concludit,
1566 1684 1826 1728 declaramus
1840 1685 1879 1725 &
1894 1682 2084 1732 dicimus,
2097 1679 2208 1736 quod
2221 1674 2286 1719 di-

1316 1749 1367 1790 sti
1384 1749 1550 1790 Fratres
1562 1758 1648 1788 non
1661 1742 1791 1788 solum
1807 1741 1858 1784 ad
1869 1739 2028 1784 illatria
2043 1748 2138 1782 vota
2153 1735 2283 1789 nude,

1315 1809 1357 1850 δι
1383 1803 1568 1848 absolute
1592 1811 1761 1861 accepta
1784 1815 1835 1844 ex
1858 1797 2099 1857 profeffione
2117 1799 2191 1843 suae
2202 1796 2278 1839 Re-

1317 1867 1420 1924 gulae
1436 1865 1505 1908 obl
1515 1866 1676 1920 igantur
1689 1890 1705 1915 ,
1730 1859 1796 1904 sed
1819 1861 1944 1905 etiam
1959 1868 2155 1903 tenentur
2168 1856 2218 1900 ad
2239 1870 2286 1898 ea

1315 1921 1704 1980 omniaimplenda‚
1728 1933 1815 1978 quae
1840 1922 1931 1964 sunt
1954 1913 2284 1981 pertinentia-ad

1317 1988 1399 2030 haec
1417 1985 1496 2027 tria
1512 1984 1721 2038 praedista,
1751 1995 1836 2036 quae
1855 1980 2016 2032 Regula
2033 1978 2115 2030 ipsa
2129 1982 2248 2031 pontt
2270 2001 2286 2014 .

1319 2049 1427 2087 Nam
1458 2044 1483 2083 fi
1497 2044 1548 2083 ad
1570 2044 1652 2083 haec
1669 2040 1750 2081 tria
1767 2037 1955 2092 praedic'ta
1971 2034 2128 2079 tantum
2142 2062 2157 2086 ,
2185 2046 2284 2089 prae-

1316 2099 1402 2139 eise
1414 2099 1455 2138 δε
1468 2097 1578 2139 nude
1593 2095 1880 2152 promittentes
1905 2091 1944 2136 se
1956 2093 2120 2138 servare
2140 2095 2282 2150 Regu-

1316 2157 1399 2199 lam
1426 2155 1605 2199 vivendo
1627 2155 1669 2198 in
1695 2153 1934 2199 obedientia
1956 2183 1972 2207 ‚
1997 2155 2217 2205 castitate,
2243 2152 2286 2195 δι

1317 2215 1396 2257 fine
1412 2216 1583 2268 proprio
1601 2238 1616 2261 ‚
1640 2215 1682 2256 &
1702 2226 1788 2253 non
1810 2213 1935 2255 etiam
1948 2213 2003 2255 ad
2015 2215 2154 2255 omnia
2179 2227 2285 2257 con·

1315 2281 1430 2314 tenta
1443 2270 1482 2312 in
1503 2270 1662 2326 Regula
1675 2297 1689 2320 ,
1718 2283 1805 2327 quae
1819 2271 1901 2313 haec
1915 2270 1995 2313 tria
2012 2269 2253 2313 modificant
2267 2297 2282 2320 2

1313 2334 1594 2378 arctarentur.
1624 2343 1701 2386 pro
1716 2329 1849 2373 nihilo
1873 2330 1915 2372 δι
1931 2329 2030 2373 vane
2046 2326 2283 2386 proferren-

1315 2402 1384 2434 tur
1398 2391 1480 2434 baee
1498 2389 1642 2434 verba:
1659 2391 1854 2447 promitto
1864 2389 2025 2449 semper
2037 2390 2137 2434 hanc
2155 2393 2281 2445 Regu·-

1314 2452 1397 2494 lam
1411 2448 1620 2510 obſs-reare
1632 2474 1648 2489 ι
1676 2452 1740 2493 Ex
1765 2463 1846 2507 quo
1871 2464 1921 2493 ex
1937 2450 1996 2493 his
2015 2451 2149 2494 verbis
2164 2449 2278 2492 nulla

1315 2508 1519 2567 obligatio
1542 2505 1782 2554 nasceretur
1808 2538 1821 2551 .
1856 2512 1943 2553 Nec
1968 2520 2106 2554 tamen
2138 2520 2282 2567 putan-

1315 2570 1415 2614 dum
1431 2567 1486 2614 est
1499 2597 1515 2622 ,
1541 2569 1654 2626 quod
1674 2571 1823 2614 Beatus
1842 2569 2074 2614 Franciscus
2089 2568 2285 2628 professo-

1316 2645 1383 2675 res
1395 2627 1515 2685 hujus
1531 2628 1702 2686 Regulae
1714 2657 1729 2679 ‚
1755 2628 1955 2687 quantum
1969 2630 2020 2673 ad
2035 2630 2172 2672 omnia
2185 2642 2283 2671 con-

1318 2702 1435 2736 tenta
1451 2689 1490 2733 in
1508 2687 1668 2745 Regula
1683 2686 1962 2732 modificantia
1978 2691 2056 2733 tria
2074 2700 2171 2733 vota
2188 2716 2201 2739 ,
2217 2687 2282 2731 seu

1316 2751 1367 2795 ad
1384 2750 1464 2795 alia
1481 2748 1520 2791 in
1536 2746 1618 2806 ipsa
1628 2747 1809 2807 expreffa
1826 2748 2048 2793 intenderit
2065 2747 2278 2807 aequalitcr

1317 2808 1395 2855 effe
1409 2807 1636 2866 obligatos3
1650 2810 1745 2866 quin
1760 2809 1897 2866 potius
1910 2807 2052 2864 aperte
2067 2808 2279 2858 discrevit,

1319 2871 1430 2929 quod
1456 2868 1589 2928 quoad
1608 2870 1790 2925 quaedam
1807 2866 1984 2925 ipsorum
2010 2882 2061 2912 ex
2090 2869 2128 2911 vi
2164 2866 2279 2911 verbi

1319 2927 1580 2988 transgresfio
1590 2930 1646 2973 est
1661 2926 1871 2980 mortalis,
1897 2928 1937 2970 8ι
1981 2927 2083 2972 uoad
2098 2928 2281 2986 quoedam
2322 2967 2327 2975 ,

1320 2990 1398 3035 alis
1415 3005 1497 3035 non
1511 3002 1525 3034 ε
1540 3003 1631 3033 cum
1648 2989 1697 3032 ad
1710 2987 1893 3047 quedam
1913 2988 1955 3044 ip
1971 3001 2087 3032 orum
2104 2988 2279 3031 verbum

1319 3061 1498 3107 apponat
1512 3050 1720 3106 praecepti,
1738 3046 1803 3093 vel
1818 3046 2113 3105 aequipollentis
2127 3046 2281 3099 eidem,

1320 3112 1362 3156 δι
1374 3110 1509 3169 quoad
1528 3110 1660 3168 aliqua
1679 3108 1811 3153 verbis
1829 3107 1921 3151 aliis
1938 3107 1984 3152 fit
1999 3117 2218 3152 contentus
2236 3135 2247 3147 .

1438 3173 1539 3215 Item
1554 3200 1571 3224 ,
1595 3169 1692 3229 quie
1719 3177 1869 3227 praeter
1883 3180 1931 3210 ea
1945 3195 1960 3219 ‚
1990 3181 2076 3225 quae
2091 3164 2277 3223 expresse

1323 3230 1455 3276 verbo
1471 3229 1687 3289 praecepti,
1706 3242 1753 3272 ac
1766 3224 2060 3271 exhortationis
2078 3254 2093 3279 ‚
2109 3227 2172 3270 seu
2191 3240 2280 3267 mo-

1322 3291 1492 3335 nitionis
1519 3297 1729 3349 ponuntur
1752 3286 1795 3330 in
1827 3286 1984 3343 Regula
2001 3315 2016 3338 ‚
2047 3285 2279 3329 nonnulla...

1323 3352 1451 3396 verbo
1466 3347 1697 3410 imperativi
1717 3344 1826 3390 modi
1847 3344 2038 3402 negative
2052 3372 2066 3396 ,
2098 3345 2159 3388 vel
2176 3344 2286 3387 affir-'

1322 3411 1473 3457 mative
1485 3403 1907 3470 appofitoinseruntur
1921 3432 1936 3456 ,
1961 3404 2154 3448 haetenus
2172 3403 2281 3448 exti-

1318 3471 1369 3515 tit
1383 3471 1699 3522 dubitatum,an
1714 3472 1958 3512 tenerentur
1973 3464 2022 3507 ad
2042 3464 2109 3507 ista
2127 3492 2142 3516 ,
2168 3465 2212 3511 nt
2227 3464 2278 3508 ad

1323 3531 1515 3576 habentia
1528 3529 1610 3575 vim
1626 3525 1848 3585 precepti?
1883 3524 1935 3568 Et
1951 3522 2045 3582 quia
2059 3552 2073 3575 ‚
2093 3537 2137 3568 ut
2155 3523 2276 3568 intel·

1323 3590 1520 3644 lenimus,
1549 3601 1634 3634 non
1661 3583 1860 3629 minuitur
1890 3584 1968 3627 hoc
1986 3585 2154 3629 dubium
2170 3612 2184 3636 ,
2212 3582 2278 3629 sed

1321 3661 1559 3708 augeturex
1573 3660 1624 3692 eo
1641 3675 1655 3699 ‚
1682 3643 1794 3701 quod
1810 3642 1943 3688 felicis
1975 3645 2277 3690 recordationis

1321 3709 1518 3756 Nicolaus
1541 3708 1650 3762 Papa
1662 3704 1827 3751 Tertius
1854 3704 2116 3761 praedcccffor
2143 3705 2279 3750 noster

1321 3768 1502 3814 noscitur
1533 3763 1751 3811 declarasse
1763 3791 1778 3817 2
1800 3764 1912 3824 quod
1943 3767 2106 3810 Fratres
2134 3766 2200 3824 ipfi
2228 3778 2277 3809 ex

1316 3826 1558 3886 professione
1572 3827 1645 3870 sua:
1665 3825 1831 3884 Regulae
1863 3821 1951 3869 sunt
1978 3825 2153 3871 adstricti
2167 3825 2214 3868 ad
2231 3839 2277 3869 ca

1314 3887 1479 3933 confilia
1499 3886 1747 3945 Evangelica
1761 3913 1775 3938 2
1803 3899 1888 3946 quae
1916 3887 1958 3930 in
1993 3886 2072 3945 ipsa
2088 3886 2276 3941 Regula,

2118 3958 2216 4004 prae-
