2444 4192
846 161 1010 244 Sub
1070 164 1144 245 S.

1187 162 1326 246 Pio
1391 157 1498 243 V
1926 164 2099 271 269

189 312 311 357 flitufi
326 303 590 361 ,atdeputati
606 301 711 358 ,fine
726 302 866 358 *liquo
885 307 1089 361 respectu,
1105 310 1145 350 &
1205 315 1254 351 tae
1269 308 1474 351 sententiat
1495 301 1630 360 poenis
1645 328 1659 351 ‚
1687 301 1877 348 locorum
1903 312 2129 358 Ordinariis
2141 346 2158 367 ,

187 369 293 415 omni
309 365 556 408 recusatione
574 362 742 407 cessante
757 388 772 410 ,
794 363 924 404 libere
944 389 957 413 ,
976 369 1141 419 quoties

183 424 360 483 requisiti
376 421 526 467 fuerint
548 453 562 476 ,
588 420 724 466 omnia·
741 419 780 460 δι
794 419 943 474 singula
968 423 1139 465 manda-

183 499 223 528 ta
235 514 249 536 ,
266 483 476 539 privilegia
490 510 505 532 ,
520 478 786 526 conceiiiones
801 505 816 530 ,
829 479 980 533 gratias
992 508 1007 531 ,
1021 482 1059 521 &
1075 481 1137 522 in-

181 545 297 588 dulta
311 542 542 599 Apostolica
556 568 571 592 ,
596 539 753 606 aliaque
771 545 861 604 εαξη·
875 537 1132 603 universalia,

176 592 1138 720 aaz}13:1‘4232550‘32‘232‘3303:323}ss

173 721 275 765 locis
291 749 306 772 ,
318 720 506 764 domibus
519 745 534 771 ‚
547 715 845 762 Conantibus,
860 713 1132 764 Monafiertts,

173 781 213 822 &
238 778 426 822 Ecclefiis
443 806 458 829 ,
483 788 565 821 tam
593 776 775 820 virorum
788 800 803 824 ‚
829 774 954 831 quam
981 770 1130 814 mulie-

173 852 268 881 rum
281 867 297 889 ,
326 837 390 880 seu
405 836 580 894 ejusdem
594 833 755 878 Ordinis
779 832 975 887 Magistro
993 834 1129 874 Gene-

171 897 249 939 tali
264 922 279 942 s
293 894 612 939 Provincialibus
624 919 639 943 ,
665 891 838 935 vicariis
850 920 865 943 ,
890 890 1099 934 Prioribus
1113 917 1128 940 ,

172 969 218 997 ac
233 953 320 996 aliis
338 954 620 1009 Superioribus
633 981 650 1003 ,
681 951 911 1003 Fratribus,
934 964 979 992 ac
995 949 1128 993 Abba·

171 1012 271 1056 siffis
285 1042 298 1064 ,
316 1011 518 1057 Prior-iliis
533 1041 548 1064 ,
564 1009 811 1056 Monialibus
827 1038 842 1063 ,
865 1011 906 1052 δι
928 1009 1013 1052 aliis
1032 1022 1127 1064 per·

168 1073 270 1116 sonis
285 1072 356 1118 sub
372 1071 529 1126 Regula
546 1070 747 1113 dictorum
774 1072 959 1113 Fratrum
974 1067 1129 1124 degen-

168 1131 283 1174 tibus
297 1158 312 1182 ,
326 1131 367 1172 δι
381 1143 466 1185 quat
480 1129 568 1171 sunt
582 1126 861 1173 Observantiae
875 1128 1033 1171 tantum
1049 1153 1064 1177 ‚
1088 1125 1127 1167 in

173 1202 327 1246 genere
340 1213 355 1236 ,
369 1187 433 1230 vel
449 1186 487 1228 in
503 1185 634 1242 specie
647 1212 662 1235 a
677 1189 714 1229 δι
729 1187 779 1229 ad
793 1187 860 1229 uni
867 1188 1019 1230 versam
1031 1214 1046 1237 ,
1060 1182 1125 1227 {eu

165 1243 1127 1351 5535522‘:‘2:³¹2‘353521252ffi2113‘5333213:

165 1365 278 1409 cibus
291 1317 581 1419 ‚ppfjng'pffbus
597 1388 611 1412 ,
627 1317 929 1405 Marchionibits
941 1389 957 1413 ,
984 1329 1124 1403 (iomi-

166 1425 271 1468 tibus
287 1450 301 1476 ,
332 1421 555 1465 Batonibus
568 1450 583 1472 ,
610 1421 651 1462 &
670 1420 855 1464 Dominis
869 1449 884 1472 ,
916 1416 1124 1476 aliisque.-

163 1479 343 1540 personis
370 1478 659 1525 Ecclefiasticis
670 1504 685 1527 ‚
713 1480 753 1521 δι
767 1477 1017 1522 saecularibus
1029 1477 1121 1536 qui·

167 1543 398 1597 buscunque
410 1565 425 1589 ,
441 1539 509 1582 ubi
526 1569 540 1592 ‚
554 1540 594 1580 δι
614 1538 777 1593 quoties
795 1551 897 1594 opus
911 1536 1034 1582 fuerit
1048 1567 1062 1590 ,
1074 1551 1121 1581 ac

166 1601 216 1644 ad
242 1599 283 1642 id
300 1599 479 1655 requifiti
507 1595 656 1640 fuerint
669 1626 685 1648 ,
703 1594 941 1647 notificare,
956 1597 1122 1640 infinua-

162 1673 209 1703 re
220 1688 235 1710 ,
250 1659 290 1700 δι
305 1659 491 1702 intimare
503 1685 518 1708 ,
533 1670 579 1698 ac
593 1655 754 1700 eosdem
780 1654 893 1711 juxta
910 1655 1119 1700 mandato-

162 1730 254 1763 tum
267 1742 283 1766 ‚
305 1715 598 1760 conceffionum
610 1741 625 1766 ‚
651 1713 907 1759 indultorum
921 1743 938 1766 ,
957 1714 1120 1770 privile·

163 1777 321 1834 giorum
337 1804 352 1828 ,
373 1776 414 1817 &
441 1773 722 1830 rescriptorum
755 1771 1008 1830 hujusmodi,
1034 1772 1122 1817 for-

169 1849 301 1883 mam,
317 1833 611 1878 continentiam
638 1834 677 1876 &
706 1842 918 1885 tenorem,
936 1847 1120 1886 monere,

167 1894 208 1936 &
222 1892 424 1949 requirere
438 1919 453 1943 ,
467 1891 622 1948 aliaque
649 1891 781 1934 omnia
792 1892 832 1935 δι
847 1891 994 1947 fingula
1008 1922 1022 1946 ,
1038 1893 1121 1936 cir·

168 1957 216 1995 c‘a
234 1964 278 1993 ea
293 1949 483 2004 requifita
494 1977 508 2000 ,
525 1950 801 2004 &opportuna
817 1949 947 1993 facere
962 1980 976 2002 ,
1005 1965 1123 2006 gere·

167 2026 216 2054 re
230 2038 245 2062 ,
267 2021 456 2052 exercere
468 2037 484 2059 ,
506 2008 548 2052 &
561 2008 730 2062 exequi,
745 2021 791 2049 ac
807 2006 860 2049 de
876 2008 1024 2052 eisdem
1037 2022 1125 2050 om·

168 2070 285 2112 nibus
298 2069 338 2111 δι
357 2065 533 2122 lingulis,
545 2065 730 2121 publicos
743 2094 758 2117 ,
772 2066 810 2108 δι
826 2066 989 2123 publica
1001 2069 1126 2119 aetus,

166 2130 207 2171 δι
222 2125 646 2176 instrumenta,coram
662 2123 822 2167 testibus
835 2125 886 2168 ad
905 2127 981 2168 hoe
996 2127 1128 2182 requi·

166 2186 251 2229 fitis
270 2181 471 2228 conficere
480 2182 549 2233 ,δι
563 2181 739 2235 stipulari
753 2208 767 2230 ,
782 2183 880 2224 acin
895 2192 1034 2225 notam
1062 2199 1128 2227 re·

163 2242 301 2297 digere
322 2268 338 2292 ,
353 2243 391 2283 &
410 2237 556 2282 exinde
574 2237 694 2281 semel
715 2238 808 2290 ,vel
821 2238 1126 2295 pluries,prout

163 2301 214 2344 ad
231 2299 273 2343 id
299 2297 477 2356 requifiti
503 2294 653 2341 fiterint
673 2325 689 2349 ,
703 2310 827 2341 unum
843 2328 859 2350 ,
886 2298 949 2342 vel
965 2298 1097 2355 plures
1111 2328 1126 2350 ,

163 2373 210 2403 ac
241 2358 362 2416 plura
388 2355 554 2416 publica
569 2385 584 2408 ,
612 2357 653 2399 &
677 2356 838 2413 privata
851 2361 960 2401 aetus
989 2359 1030 2400 δι
1063 2360 1125 2402 in-

160 2419 410 2471 strumenta,
425 2415 569 2474 quibus
598 2415 740 2459 eadem
753 2415 911 2474 prorsus
937 2416 1036 2461 fides
1056 2419 1124 2463 ad-

163 2472 355 2521 hibeatur
368 2476 407 2519 in
422 2473 574 2533 judicio
587 2503 602 2528 ,
622 2475 663 2517 δι
676 2483 814 2525 extra,
837 2491 883 2521 ac
906 2478 1122 2535 ubique,ac

166 2537 195 2579 ss
208 2549 280 2593 per
295 2535 394 2580 alios
409 2531 666 2592 quoscunque
678 2534 866 2591 publicos
886 2537 925 2578 δι
952 2538 1125 2580 autenti.

164 2609 236 2639 cos
261 2603 428 2652 rogatos
456 2594 649 2638 Notarios
673 2592 854 2649 stipulata
868 2621 883 2643 a
912 2595 1096 2641 confecta
1107 2629 1122 2652 ,

161 2653 371 2712 publicata
386 2679 401 2702 ‚
425 2654 467 2696 δι
485 2653 733 2698 autenticata
746 2651 902 2698 fuiffent
914 2681 929 2705 ,
941 2656 1120 2701 confice·

161 2727 206 2757 re
218 2739 233 2763 ‚
249 2714 289 2756 δι
305 2711 451 2756 debitis
464 2710 578 2768 lignis
591 2741 607 2765 ,
619 2713 657 2755 δι
673 2713 969 2760 characteribus
982 2743 996 2766 a
1028 2715 1120 2760 sub-

159 2770 333 2815 scribere
347 2797 365 2822 ,
379 2769 586 2825 publicare
600 2800 616 2824 ,
629 2771 670 2813 δι
683 2773 934 2817 autenticare
943 2805 960 2828 ,
972 2775 1119 2829 libere,

159 2831 199 2873 δι
211 2828 325 2872 licite
341 2826 487 2884 poffint
499 2855 517 2878 ,
536 2830 577 2871 δι
610 2828 771 2872 valeant
783 2858 799 2882 ,
823 2834 1119 2884 aucloritatt„

160 2886 399 2945 Apostoliea
423 2914 441 2938 ,
468 2892 610 2929 tenore
635 2885 886 2943 presentium
913 2889 1117 2935 licentiam

158 2949 201 2990 ἃ.
229 2944 464 2989 facultatem
493 2945 751 3002 impartimur
764 2974 779 2997 ,
803 2949 1060 2994 concedimus
1080 2954 1121 2996 δε

158 3005 420 3060 indulgemus
435 3031 450 3054 ,
464 3003 693 3062 eisdemque
707 3005 804 3047 ae'tis
816 3032 831 3055 ,
844 3009 966 3058 notis,
977 3010 1118 3055 instru-

158 3065 338 3117 mentis,
361 3063 403 3105 &
427 3059 636 3120 scripturis
650 3090 665 3113 a
693 3076 763 3119 per
784 3062 909 3110 dictos
934 3069 1119 3127 Religio—

161 3123 224 3168 sos
237 3151 253 3175 ,
280 3131 325 3165 ut
342 3120 555 3180 praefertur
568 3152 584 3175 ,
605 3123 808 3168 Notarios
826 3123 1045 3178 deputatos
1060 3127 1122 3172 sti·

162 3181 310 3237 pulatis
322 3209 338 3234 ,
369 3179 562 3226 confectis
577 3211 592 3235 ,
618 3184 660 3225 &
673 3211 688 3235 ,
713 3190 762 3226 ut
778 3180 989 3238 praefertur
1006 3215 1021 3236 ‚
1050 3201 1122 3230 au.

165 3240 374 3288 tenticatis
400 3267 415 3290 ³
447 3241 610 3298 plenam
636 3242 678 3284 δι
701 3239 974 3286 indubitatam
999 3243 1120 3289 fidem

166 3299 311 3367 ubique
327 3327 341 3352 ,
356 3310 440 3343 tam
462 3301 501 3343 in
513 3299 667 3357 judicio
680 3329 696 3350 ‚
721 3300 840 3358 quim
855 3311 992 3354 extra,
1006 3303 1122 3348 adhi-

169 3355 254 3422 beri
279 3357 430 3402 debere
443 3388 458 3412 ,
472 3373 517 3401 ac
534 3359 694 3403 eosdem
710 3359 760 3403 fic
775 3360 982 3406 intimatos
995 3391 1011 3414 ,
1037 3378 1121 3406 mo·

169 3421 276 3457 nttos
293 3442 309 3466 ,
321 3419 372 3460 -ἃ,
387 3418 596 3476 requisitos
609 3420 658 3465 ab
673 3419 728 3462 eis
739 3438 757 3471 ,
781 3418 944 3464 afficere
957 3450 972 3473 ,
995 3422 1034 3464 &
1061 3435 1119 3466 ar-

168 3473 262 3515 etati
271 3473 423 3521 debere
437 3503 452 3526 ‚
468 3477 656 3522 volumus
670 3507 687 3528 ,
699 3479 903 3522 statuimus
917 3507 932 3529 ,
957 3482 998 3523 δε
1011 3479 1118 3524 ordi.

169 3543 309 3572 namus
323 3561 338 3585 ,
369 3536 598 3580 mandantes
626 3548 843 3594 propterea
857 3539 899 3581 in
915 3539 1122 3585 virtute-³

170 3590 320 3630 Sanftae
331 3593 598 3648 Obedientiae,
613 3597 952 3653 &indignationis
969 3597 1124 3648 nostrae,

169 3659 215 3687 ac
233 3646 478 3700 suspenfionis
493 3654 517 3698 a
531 3653 679 3698 divinis
691 3683 706 3706 ,
732 3658 867 3713 quoad
893 3656 1124 3713 Archiepis·

170 3716 297 3770 copos
317 3732 332 3756 s
343 3706 383 3747 δὲ
397 3709 618 3768 Episcopos
629 3741 645 3765 ‚
656 3716 790 3770 quoad
818 3717 920 3760 alios
952 3716 1052 3761 vero
1067 3715 1123 3757 in.

171 3761 425 3813 fe¹¹⁰fe⁵³s¹⁸b
439 3768 599 3826 mimis
623 3776 1055 3835 excommunicationis
1070 3774 1124 3817 la-

1200 366 1241 406 &
1253 366 1342 405 aliis
1357 362 1559 417 quibusvis
1573 360 1755 414 personis
1767 388 1781 410 ‚
1795 364 2067 421 cujuscunque
2082 375 2159 414 sta-

1198 420 1260 464 ttis
1272 449 1287 471 ,
1299 419 1450 475 gradus
1466 447 1480 470 ,
1490 418 1660 465 ordinis,
1673 419 1714 459 δι
1726 422 1974 464 conditionis
1989 429 2157 470 existen-

1197 479 1305 521 tibus
1322 503 1337 526 ,
1351 477 1392 518 &
1405 489 1660 532 quacumque
1675 477 1800 519 etiam
1824 478 1938 521 ‹156³ae
1954 482 2066 524 Sedis
2087 499 2157 526 au-

1191 535 1383 580 &oritate
1394 563 1409 587 ,
1420 533 1618 578 facultate
1630 563 1645 587 ,
1664 533 1730 577 seu
1745 537 1945 591 potestate
1960 566 1974 588 ,
1997 542 2158 584 etiam...

1198 596 1341 650 Legati
1362 594 1414 637 de
1439 593 1595 643 latere,
1620 608 1666 635 ac
1693 594 1981 650 Cardinalatfis
2003 598 2157 642 honore

1195 654 1480 710 fungentibus,
1497 666 1550 696 ne
1565 652 1668 708 ipsos
1690 657 1887 698 Notarios
1901 681 1915 704 2
1930 666 1974 698 ut
1990 657 2156 711 praefer-

1191 725 1261 756 tur
1274 740 1288 762 a
1303 713 1518 769 deputatos
1534 740 1549 764 ,
1565 714 1606 754 ἃ.
1622 712 1776 757 eleetos
1791 742 1805 766 ,
1831 715 1909 758 five
1923 729 2065 758 eorum
2082 716 2158 758 ali-

1189 787 1310 830 quem
1354 773 1394 815 in
1435 773 1680 816 executione
1707 773 2025 829 supradictorum
2054 788 2148 816 om-

1187 834 1302 876 nium
1317 859 1332 883 ,
1346 832 1489 887 quovis
1504 830 1665 873 nomine
1681 831 1904 887 impediant
1918 861 1933 884 ,
1948 831 2013 875 seu
2027 833 2156 889 impe·

1187 892 1277 933 dire
1293 919 1309 941 ,
1328 900 1398 931 aut
1427 889 1664 946 perturbare
1691 891 1892 943 audeant,
1917 892 1980 934 vel
2009 892 2153 948 praesu-

1189 959 1298 993 mant
1313 977 1327 1000 ,
1352 962 1399 990 ac
1422 949 1688 992 decernentes
1718 949 1931 1004 praesentes
1958 951 2115 994 litteras
2132 980 2148 1004 ,

1187 1008 1304 1051 nullo
1329 1021 1504 1064 unquam
1548 1016 1734 1064 tempore
1770 1008 1823 1050 de
1848 1010 2148 1066 subreptionis,

1188 1067 1250 1112 vel
1264 1066 1522 1122 obreptionis
1538 1094 1552 1117 ,
1575 1078 1645 1108 aut
1675 1067 1874 1111 nullitatis
1889 1097 1903 1119 ‚
1934 1068 1998 1111 seu
2015 1071 2152 1111 inten-

1187 1126 1306 1171 tionis
1324 1126 1466 1170 nostroe
1481 1125 1611 1175 vitio,
1628 1124 1693 1168 seu
1720 1125 1882 1170 defectu
1905 1128 2071 1180 notari,
2084 1126 2149 1169 seu

1185 1185 1438 1242 impugnari,
1467 1199 1514 1240 ac
1540 1182 1612 1227 sub
1639 1185 1839 1242 quibusvis
1875 1187 2148 1229 revocationi-

1185 1246 1259 1288 bus
1274 1273 1288 1296 ,
1306 1243 1641 1299 derogationibus
1663 1246 1725 1295 ,δι
1738 1245 1825 1288 aliis
1839 1247 2059 1288 contrariis
2073 1245 2153 1288 dis-

1183 1302 1444 1360 positionibus
1469 1330 1484 1351 ,
1515 1303 1536 1344 a
1565 1302 1724 1352 Nobis,
1753 1305 1818 1346 vel
1846 1304 2150 1348 Succefforibus

1185 1360 1324 1405 nostris
1340 1360 1574 1404 emanandis
1588 1361 1920 1415 comprehensas,
1949 1361 2015 1406 sed
2045 1362 2148 1404 sem-

1185 1434 1258 1477 per
1274 1419 1422 1463 abillis
1439 1429 1630 1473 exceptas
1645 1420 1813 1463 existere
1826 1450 1840 1473 ‚
1865 1421 1906 1462 δι
1918 1420 2078 1476 quoties
2094 1421 2148 1462 il-

1183 1481 1227 1524 loe
1243 1478 1488 1522 emanabunt
1501 1504 1517 1527 ,
1530 1479 1652 1520 toties
1681 1479 1722 1520 in
1738 1480 1944 1535 pristinum
1962 1509 1977 1531 ,
1989 1480 2031 1522 &
2050 1480 2152 1522 vali·

1181 1537 1381 1582 diffimum
1397 1538 1559 1586 statum,
1572 1538 1695 1579 etiam
1711 1537 1781 1582 sub
1795 1540 1886 1582 data
1902 1553 1974 1595 per
1987 1538 2149 1581 eosdem

1183 1597 1418 1653 Magistrum
1446 1596 1693 1640 Generalem
1721 1626 1735 1649 ‚
1765 1599 2040 1642 Provinciales
2066 1624 2080 1646 a
2110 1598 2150 1638 &

1182 1657 1284 1700 alios
1306 1656 1418 1711 supra
1437 1655 1669 1698 nominatos
1683 1655 1867 1712 eligenda
1880 1686 1895 1709 ,
1911 1655 2112 1701 concess‘as
2126 1685 2140 1707 ,

1184 1716 1408 1767 restitutas,
1420 1716 1461 1757 δι
1475 1714 1657 1770 plenarie
1672 1714 1942 1771 reintegratas
1959 1717 2148 1766 existere,

1183 1778 1223 1818 ἃ.
1238 1774 1288 1818 fic
1305 1790 1377 1830 per
1388 1775 1649 1830 quoscunque
1670 1774 1832 1829 Judices
1848 1804 1863 1827 ,
1890 1778 1930 1818 δι
1945 1774 2146 1819 Commis-

1185 1835 1304 1877 sarios
1316 1857 1330 1879 2
1345 1833 1482 1891 quavis
1500 1832 1744 1875 auctoritate
1757 1833 1973 1889 fungentes
1985 1863 2001 1884 ,
2023 1834 2151 1875 etiam

1182 1892 1383 1939 causarum
1400 1891 1544 1933 Palatii
1567 1890 1793 1946 Apostolici
1817 1892 2042 1934 Auditores
2062 1917 2076 1939 ‚
2102 1904 2148 1933 ac

1183 1956 1226 1997 S.
1242 1955 1294 1995 R.
1314 1954 1361 1996 Ε.
1375 1948 1615 1996 Cardinales
1631 1978 1645 2001 ,
1662 1949 1818 1993 sublata
1833 1950 1916 2003 eis,
1941 1952 1982 1993 δι
2007 1964 2151 1994 eorum

1185 2009 1358 2052 cuilibet
1386 2009 1528 2062 quavis
1556 2007 1679 2051 aliter
1707 2008 1942 2064 judicandi,
1968 2010 2151 2053 &inter-

1187 2064 1373 2122 pretandi
1402 2063 1599 2106 facultate
1625 2066 1666 2106 δι
1695 2067 2147 2122 auctoritatejudicari,

1186 2129 1227 2169 &
1253 2123 1413 2168 definiri
1439 2123 1623 2174 debere3
1651 2137 1698 2165 ac
1731 2123 1893 2166 irritum
1918 2127 1958 2166 δι
1980 2127 2153 2170 inane...

1186 2181 1379 2239 quicquid
1406 2180 1516 2225 secus
1544 2180 1660 2235 super
1676 2181 1738 2224 his
1753 2182 1774 2222 a
1790 2197 1992 2239 quoquam
2006 2210 2021 2234 ,
2052 2189 2152 2238 qua&

1188 2242 1246 2284 vis
1268 2240 1510 2283 auctoritate
1535 2267 1549 2289 ,
1574 2239 1748 2282 scienter
1769 2268 1784 2292 ,
1811 2241 1876 2284 vel
1912 2243 2152 2297 ignoranter

1185 2300 1408 2355 contigerit
1421 2297 1613 2341 attentari
1628 2326 1639 2338 .
1660 2299 1870 2354 Quocirca
1896 2301 2052 2344 ducetis
2081 2303 2149 2345 Fi-

1187 2360 1248 2403 liis
1259 2358 1416 2416 Jacobo
1430 2358 1498 2400 tit.
1514 2360 1555 2400 S.
1572 2359 1708 2399 Maria:
1732 2361 1771 2401 in
1789 2360 2007 2403 Cosmedin
2031 2363 2147 2403 Pres-

1186 2421 1336 2474 bytero
1363 2415 1579 2460 Cardinali
1602 2416 1654 2459 de
1682 2416 1857 2460 Sabellis
1893 2430 2144 2475 nuncupato,

1184 2478 1318 2523 nostro
1346 2478 1387 2519 in
1412 2475 1535 2518 Alma
1571 2477 1686 2518 Urbe
1709 2476 1872 2520 Vicario
1894 2504 1910 2526 ‚
1944 2480 1984 2521 8(
2010 2480 2145 2522 Curiae

1183 2542 1393 2582 causarum
1406 2539 1587 2579 Camerae
1601 2534 1845 2591 Apostolicae
1857 2537 2051 2580 Generali
2064 2541 2149 2581 An·

1181 2597 1308 2640 ditori
1320 2625 1335 2646 ,
1347 2595 1389 2637 &
1402 2592 1671 2638 Cancellariae
1692 2593 1936 2650 Apostolicae
1966 2597 2144 2652 Regenti

1181 2671 1288 2700 nunc
1305 2657 1341 2698 δι
1358 2669 1437 2710 pro
1449 2665 1638 2709 tempore
1661 2654 1936 2707 existentibus,
1958 2669 2031 2711 per
2046 2671 2146 2710 prae-

1181 2716 1308 2760 sentes
1346 2723 1462 2757 motu
1490 2712 1605 2755 fimili
1634 2716 1874 2758 mandamus
1902 2743 1917 2766 ,
1945 2725 2140 2771 quatenus

1179 2777 1249 2831 ipfi
1261 2803 1276 2828 ,
1293 2773 1357 2817 vel
1371 2773 1455 2816 duo
1469 2801 1484 2824 ,
1496 2783 1565 2816 aut
1581 2787 1685 2817 unus
1711 2787 1852 2817 eorum
1877 2788 1950 2830 per
1975 2772 2014 2816 se
2030 2803 2045 2826 ,
2078 2774 2144 2817 vel

1175 2835 1299 2879 alium
1313 2862 1329 2886 ,
1343 2834 1410 2878 seu
1431 2834 1531 2877 alios
1545 2835 1753 2887 praeientes
1768 2832 1926 2875 litteras
1941 2862 1958 2884 ,
1974 2835 2012 2875 δι
2031 2835 2069 2876 in
2083 2834 2142 2876 eis

1178 2901 1373 2936 contenta
1393 2904 1637 2947 quacunque
1649 2918 1664 2941 ‚
1694 2891 1762 2932 ubi
1777 2918 1791 2941 ,
1808 2892 2024 2946 &quando
2039 2906 2139 2947 opus

1179 2952 1299 2996 fuerit
1313 2979 1327 3001 ‚
1339 2964 1386 2993 ac
1399 2948 1560 3007 quoties
1583 2962 1660 3003 pro
1673 2958 1790 3003 parte
1804 2950 1983 3004 Magistri
2000 2952 2139 2992 Gene-

1179 3010 1274 3054 ralis
1289 3040 1304 3062 ,
1318 3008 1620 3058 procuratoris,
1633 3006 1968 3054 provincialium,
1982 3008 2023 3049 &
2036 3008 2139 3049 alio·

1180 3083 1267 3114 rum
1285 3067 1569 3124 praediflorum
1582 3094 1598 3117 ,
1610 3065 1678 3108 seu
1693 3063 1862 3119 alicujus
1882 3078 2038 3116 eorum,
2055 3064 2144 3108 fue-

1181 3130 1266 3172 rint
1280 3126 1485 3182 requisiti,
1502 3123 1738 3168 solemniter
1758 3123 2009 3180 publicantes
2024 3150 2039 3173 ‚
2066 3123 2140 3167 eis·

1179 3202 1261 3243 que
1287 3186 1327 3227 in
1344 3181 1544 3240 praemittis
1559 3182 1732 3227 efficacis
1758 3181 2002 3225 defenfionis
2016 3182 2140 3238 praefi.

1179 3246 1252 3288 dio
1273 3243 1488 3288 ass'istentes
1513 3268 1529 3291 2
1548 3241 1709 3286 -faciant
1735 3243 1973 3284 auctoritate
2005 3242 2133 3284 nostra

1179 3304 1300 3354 illos,
1314 3304 1508 3348 &eorum
1528 3300 1704 3357 fingulos
1719 3331 1733 3354 ,
1762 3300 1951 3350 indulto,
1970 3299 2137 3342 conces-

1179 3363 1316 3412 sione,
1336 3363 1553 3406 voluntate
1569 3390 1584 3414 ‚
1611 3360 1758 3403 statuto
1772 3388 1788 3411 ,
1817 3359 2112 3404 ordinatione,
2126 3387 2141 3410 ,

1175 3421 1384 3474 mandato,
1396 3422 1437 3464 δι
1448 3421 1620 3464 decreto
1635 3418 1782 3462 nostris
1798 3417 2039 3474 hujusmodi,
2052 3418 2139 3474 jux-

1179 3492 1222 3523 ta
1237 3480 1467 3524 earumdem
1496 3476 1743 3536 praesentium
1769 3485 1979 3528 tenorem,
2002 3477 2137 3533 pacifi-

1181 3539 1349 3590 cestui,
1374 3538 1630 3594 &gaudem
1659 3549 1742 3579 non
1768 3538 2050 3593 permittentes
2063 3549 2134 3580 eos

1181 3594 1353 3651 desuper
1371 3611 1442 3652 per
1453 3594 1722 3652 quoscumque
1749 3596 2059 3651 quomodolibet
2073 3598 2136 3636 in-

1182 3654 1320 3700 debite
1334 3655 1535 3699 molestari
1545 3683 1558 3696 .
1573 3654 1906 3699 contradictores
1916 3655 2135 3714 quoslibet,

1181 3717 1222 3757 δι
1249 3713 1449 3759 rebelles,
1473 3728 1544 3770 pet·
1567 3711 1780 3757 sententias
1795 3743 1810 3766 ,
1837 3718 1916 3758 διε.
1945 3716 2039 3757 Non
2057 3711 2133 3751 ob-

1181 3775 1376 3819 stantibus
1402 3771 1512 3818 felic.
1526 3773 1685 3817 record.
1700 3773 1891 3818 Bonifacii
1915 3767 2132 3868 Ppbrkgll·
