2444 4192
370 217 537 300 126

311 386 406 415 rum
418 372 532 417 Sedis
545 373 789 431 Apostolicae
805 401 820 423 ‚
835 376 957 431 quim
972 374 1052 419 alia
1065 375 1281 420 auctorita.

311 442 355 475 te
367 459 384 484 ,
396 432 576 476 maxime
588 433 642 476 de
658 433 951 478 transferendis
967 436 1197 485 Fratribus,
1210 445 1282 479 aut

308 491 514 549 aliquibus
545 493 768 550 presertim
798 494 1003 538 Ordinum
1036 494 1280 538 Mendican·

305 552 413 596 tium
427 550 724 596 Prosefforibus
756 554 798 595 in
823 567 973 608 genere
1007 553 1072 594 vel
1089 555 1128 595 in
1147 553 1279 608 speeie

307 612 359 655 ab
373 610 599 654 Ordinibus
615 610 843 667 hujusmodi
858 610 1188 654 Mendicantium
1207 612 1279 655 sub

305 684 542 728 quacunque
556 670 776 712 verborum
790 669 923 710 forma
938 679 1163 722 appareant
1177 696 1192 718 ‚
1209 671 1280 712 ad·

307 730 447 782 mitti,
464 730 528 771 vel
543 728 670 782 recipi
687 755 702 778 ,
728 742 801 782 per
826 725 932 768 alios
945 727 1069 768 etiam
1086 730 1284 783 Superio-

307 803 376 833 res
389 788 584 837 Ordinis,
599 785 666 827 seu
683 785 918 828 Monasterii
931 814 946 837 ‚
962 794 1033 828 aut
1048 785 1129 829 loci
1144 789 1281 830 Mona.

306 846 409 897 stici,
421 847 486 890 seu
503 846 603 889 alifis
617 844 658 886 in
671 845 921 889 Monachum
933 873 948 896 ‚
966 844 1031 886 vel
1044 845 1083 886 in
1097 845 1282 890 Fratrem

310 907 480 963 alicujus
506 917 552 947 ex
573 903 801 946 Ordinibus
828 903 1065 947 Monasticis
1095 903 1281 958 supradi-

307 969 395 1017 etis,
412 964 474 1006 vel
495 963 584 1006 aliis
598 962 787 1020 expreffis
802 961 823 1019 (
839 963 998 1005 Ordine
1014 963 1287 1006 carthusien·

305 1028 404 1067 fium
436 1022 653 1066 dumtaxat
678 1032 858 1078 excepto
876 1023 899 1078 )
930 1019 1001 1066 sub
1016 1035 1140 1079 poena
1158 1036 1284 1066 exco-

305 1082 593 1126 municationis
606 1112 622 1135 ‚
634 1096 754 1138 quam
769 1092 851 1123 tam
867 1082 1116 1138 recipientes
1127 1110 1141 1134 ,
1160 1083 1282 1139 quam

301 1144 462 1199 recepti
502 1139 593 1197 ipso
623 1141 728 1184 faelo
742 1141 954 1184 incurrent
966 1167 981 1189 ‚
1009 1142 1051 1184 &
1080 1156 1200 1197 quam
1230 1156 1280 1186 ex

303 1211 559 1259 nunc‚prout
573 1214 623 1244 ex
641 1213 740 1244 tunc
755 1210 897 1245 contra
911 1201 1143 1257 quemlibet
1157 1200 1283 1245 trans·

303 1260 527 1318 grefforem
538 1257 853 1318 quomodolibet
870 1260 909 1302 in
922 1259 1142 1317 pra-millis,
1155 1262 1282 1305 scien-

301 1324 361 1365 tia
372 1348 387 1371 ‚
419 1324 460 1365 δι
488 1322 730 1366 aunon-itate
760 1318 952 1363 antefatis
976 1320 1226 1375 proferimus
1237 1322 1280 1365 in

299 1382 363 1425 his
380 1381 538 1438 scriptis
553 1410 566 1423 .
599 1383 654 1424 Et
668 1381 691 1423 i
708 1380 869 1423 nemine
884 1407 899 1429 ,
930 1381 1001 1423 nili
1015 1380 1234 1425 dumtaxat
1255 1381 1279 1424 ὲ

299 1443 499 1485 Romano
513 1439 716 1483 Pontifice
745 1440 767 1497 (
785 1450 1054 1496 praeterquam
1083 1442 1122 1484 in
1137 1440 1283 1486 mortis

301 1499 535 1558 Articulo)
569 1500 915 1543 excommunicati
943 1499 1171 1555 hujusmodi
1194 1501 1281 1559 pos·

297 1560 378 1603 fint
394 1558 667 1603 absolutionis
699 1557 941 1603 beneficium
972 1560 1285 1616 quomodolibet

300 1618 490 1661 obtinere
504 1634 519 1664 :
538 1619 591 1662 Et
604 1617 874 1662 nihilominus
893 1616 1006 1660 secus
1035 1617 1138 1662 fa&
1165 1635 1283 1664 non.»

296 1686 466 1721 teneant
477 1707 493 1731 ‚
520 1680 562 1723 δι
591 1675 736 1719 nullius
749 1676 920 1723 existant
959 1675 1180 1729 efficacia,
1212 1679 1282 1724 vel

298 1737 526 1780 momenti.
559 1741 841 1781 Decernentes
866 1737 994 1780 etiam
1009 1739 1051 1782 δι
1070 1738 1255 1784 volentes
1267 1766 1283 1790 ‚

298 1795 410 1854 quod
438 1796 464 1839 fi
490 1797 576 1853 quis
607 1797 798 1839 hactenus
823 1826 839 1847 ,
874 1795 1030 1841 virtute
1060 1795 1193 1841 cusvis
1224 1798 1281 1842 li-

297 1856 444 1898 eentiae
456 1884 471 1906 ‚
484 1855 551 1902 seu
565 1856 748 1899 mandati
765 1854 998 1912 hujusmodi
1013 1855 1146 1900 suiffet
1159 1871 1278 1901 rece-

300 1923 400 1971 ptus
413 1914 465 1957 ad
480 1915 660 1972 aliquem
678 1914 951 1958 Monasticum
977 1915 1178 1959 Ordinem
1203 1942 1219 1966 ‚
1244 1918 1286 1959 ὰ

299 1973 502 2018 Habitum
516 1974 757 2017 consuetum
773 1972 939 2016 solitum
951 1974 1095 2031 gestari
1114 1977 1283 2031 perMo·

299 2033 453 2077 nacbos
480 2034 575 2078 talis
590 2032 760 2076 Ordinis
787 2030 1020 2087 suscepisset
1033 2063 1051 2084 ‚
1083 2034 1151 2076 seu
1183 2048 1280 2088 pro-

301 2088 510 2137 scffionem
522 2092 698 2136 emiserit
710 2118 728 2141 ‚
746 2092 826 2133 five
841 2102 939 2137 non,
953 2090 1027 2133 sub
1037 2089 1142 2133 dieta
1157 2102 1282 2144 poena

299 2162 493 2195 teneatur
507 2149 546 2193 in
559 2146 825 2198 Monasterim
837 2147 875 2190 in
889 2161 974 2205 quo
988 2159 1180 2206 receptus
1194 2149 1283 2192 fue-

297 2210 384 2255 rint
400 2240 415 2264 ,
431 2208 587 2257 etiamfi
603 2206 806 2254 Beneficia
823 2207 1103 2250 Ecclefiastiea
1116 2206 1186 2249 seu
1199 2208 1284 2249 Re·-

295 2272 446 2313 Rorias
472 2267 747 2313 Ecclefiarum
779 2265 1015 2318 quarumvis
1053 2264 1238 2307 obtineat
1263 2292 1281 2315 ,

297 2327 405 2370 flare
424 2331 463 2373 in
479 2325 564 2383 ejus
581 2322 699 2367 totali
713 2320 975 2366 ordinatione
988 2351 1003 2374 ,
1027 2324 1066 2365 &
1084 2323 1122 2364 in
1143 2322 1280 2375 huius·

296 2387 413 2429 modi
428 2386 590 2430 Ordine
605 2379 1043 2425 MonaslicoAltiffimo
1057 2380 1276 2423 deservire.

957 216 1122 306 Sub
1186 215 1550 306 Martino
1619 217 1721 306 V.

1343 387 1413 420 tur
1430 404 1445 427 ,
1476 376 1519 418 δι
1534 373 1681 419 debeat
1708 374 1817 418 intra
1840 374 2061 419 terminum
2085 373 2328 434 quindecim

1342 437 1499 479 dierum
1523 436 1548 479 ὲ
1561 434 1631 477 die
1644 434 1883 478 monitionis
1901 434 2132 487 hujusmodi
2147 449 2320 491 compu-

1346 493 1569 536 tandorum
1591 494 1642 537 ad
1668 494 1755 551 ejus
1774 493 2033 548 Religionem
2047 523 2062 546 ‚
2094 497 2163 539 vel
2197 493 2324 538 Ordi-

1340 565 1430 596 nem
1443 552 1578 606 ‚unde
1594 568 1688 596 cum
1705 552 1870 596 licentia
1886 551 1954 594 vel
1974 551 2053 594 fine
2067 553 2238 597 licentia
2254 559 2324 594 rei

1341 612 1511 656 cefferat
1524 638 1539 662 ,
1563 626 1773 656 remeare:
1804 610 1915 668 quod
1946 609 1971 652 fi
1998 610 2161 655 efficere
2177 612 2324 668 negle-

1341 672 1450 715 xerit
1464 701 1479 724 ,
1494 672 1581 727 post
1598 671 1726 728 ipsum
1743 673 1981 717 terminum,
2011 681 2221 727 tamquam
2245 685 2325 713 no-

1344 730 1472 773 torius
1486 731 1683 787 Apostata
1708 731 2090 774 excommunicatus
2119 730 2160 772 in
2190 730 2329 772 omni-

1342 789 1418 831 bus
1433 816 1447 839 ,
1460 791 1502 832 δι
1514 803 1589 845 per
1602 791 1738 833 omnia
1754 791 1905 833 debeat
1928 803 2001 844 per
2017 787 2243 845 quemlibet
2255 803 2328 832 re-

1343 847 1479 902 putari
1499 873 1514 895 a
1525 849 1567 890 δι
1582 850 1632 890 ab
1647 850 1838 893 omnibus
1854 850 2062 891 retraetari
2077 876 2091 900 ,
2109 848 2234 891 etiam
2248 862 2325 904 per

1340 906 1645 952 invocationem
1660 910 1801 953 auxilii
1822 908 1981 952 brachii
1993 908 2207 960 saecularis,
2222 915 2330 965 quoa

1348 964 1429 1008 ties
1444 963 1569 1010 fuerit
1584 978 1864 1023 opportunum
1875 997 1888 1010 .

1403 1024 1442 1073 ξ.
1459 1038 1501 1079 3.
1532 1029 1581 1069 In
1608 1026 1752 1068 futuris
1777 1038 1917 1071 autem
1938 1027 2079 1070 nullus
2095 1042 2145 1070 ex
2160 1024 2328 1071 Profes-

1344 1082 1502 1125 soribus
1515 1083 1687 1138 alicujus
1699 1085 1977 1126 exOrdinibus
1995 1086 2330 1128 Mendicantium

1341 1140 1571 1198 hujusmodi
1618 1142 1657 1184 in
1690 1143 1868 1199 aliquem
1902 1143 2171 1185 Monasticum
2195 1143 2328 1186 Ordi-

1343 1200 1467 1260 nem(
1480 1198 1878 1245 Carthufianenfium
1891 1202 2106 1245 dumtaxat
2117 1202 2327 1261 excepto)

1340 1260 1460 1319 poffit
1475 1272 1544 1305 aut
1556 1260 1705 1305 debeat
1719 1276 1795 1318 per
1806 1262 2064 1319 quemciique
2079 1261 2239 1319 recipi,
2256 1269 2330 1305 aut

1341 1322 1505 1365 admitti
1520 1322 1676 1365 virtute
1689 1319 1857 1376 alicujus
1874 1321 2046 1364 licentiae
2058 1350 2072 1374 ,
2090 1320 2159 1365 vel
2173 1321 2329 1364 indulti

1341 1379 1488 1438 absque
1502 1381 1618 1426 Sedis
1633 1379 1865 1439 hujusmodi
1881 1380 2048 1424 licentia
2064 1380 2244 1437 speciali,
2257 1378 2328 1423 sub

1344 1439 1462 1484 dietis
1477 1441 1612 1498 poenis
1626 1454 1640 1484 ε
1652 1442 1692 1485 &
1708 1441 1970 1484 nihilominus
1985 1441 2099 1484 secus
2114 1439 2219 1483 faeta
2236 1453 2324 1484 non

1346 1509 1514 1544 teneant
1527 1501 1609 1557 ipsi>
1624 1499 1733 1558 jure:
1747 1497 1977 1556 hujusmodi
1989 1499 2172 1543 licentiis
2184 1528 2199 1551 ‚
2211 1500 2253 1542 &
2270 1499 2328 1541 in·-

1345 1558 1477 1602 dultis
1491 1588 1508 1611 ‚
1534 1574 1609 1603 nee
1625 1574 1706 1602 non
1718 1557 2099 1603 Constitutionibus
2113 1557 2332 1613 Apostoli-

1345 1618 1424 1671 cis,
1434 1619 1548 1662 &Me
1555 1617 1812 1662 ndicantium
1821 1617 2024 1674 ordinum
2036 1618 2333 1675 prediftorum,

1345 1677 1501 1721 etiamsi
1527 1676 1582 1720 de
1599 1677 1683 1720 illis
1699 1677 1887 1734 specialis
1910 1676 2170 1734 δίειμι-(τίῆ,
2198 1677 2325 1720 etiam

1342 1738 1397 1781 de
1413 1736 1547 1782 verbo
1559 1734 1617 1779 ad
1635 1738 1810 1780 verbum
1836 1737 1877 1778 in
1900 1736 2050 1782 nostris
2068 1735 2196 1780 literis
2212 1749 2333 1779 men-

1339 1796 1402 1840 tio
1414 1794 1600 1840 habenda
1615 1792 1726 1838 foret
1742 1821 1758 1846 ‚
1787 1795 1830 1837 &
1858 1792 1950 1839 aliis
1976 1802 2101 1839 contr
2113 1793 2208 1837 ariis
2237 1807 2323 1838 non

1345 1853 1599 1900 obstantibus
1615 1854 1938 1911 quibuscumque
1955 1883 1969 1897 .

1403 1915 1445 1966 ξ.
1461 1926 1503 1970 4.
1537 1912 1658 1958 Nulli
1675 1927 1776 1968 ergo
1787 1912 1964 1958 omnino
1973 1913 2187 1955 hominum
2196 1911 2322 1956 liceat

1346 1974 1451 2018 hanc
1477 1973 1765 2029 prohibitionis
1797 1975 1939 2018 nostrae
1965 1970 2152 2027 paginam
2180 1968 2330 2015 infrin-

1344 2045 1442 2085 gere
1455 2032 1535 2072 διε.
1551 2032 1594 2072 Si
1610 2032 1702 2085 quis
1719 2032 1800 2074 &c-

1463 2090 1617 2132 Datum
1631 2088 1845 2132 Gebennis
1866 2087 1994 2133 tertio
2011 2086 2222 2138 Kalendas
2234 2091 2328 2135 Au-

1344 2148 1448 2205 gusti
1462 2145 1735 2193 Pontificatfis
1753 2148 1878 2194 nostri
1893 2149 2017 2194 Anno
2025 2151 2064 2193 1.

1403 2260 1492 2306 Lib.
1504 2264 1547 2306 6.
1561 2262 1720 2306 Deerat.
1728 2262 1837 2307 inter
1846 2274 2060 2320 extr-eug.
2069 2277 2262 2312 commun.
2272 2269 2320 2313 de

1343 2322 1535 2380 Regni-(5
1546 2322 1846 2380 transeuntibus
1859 2325 1950 2376 <9⁸5-
1961 2324 2117 2368 Bullar.
2125 2330 2270 2371 Romae.
2274 2343 2294 2384 3
2302 2358 2319 2371 .

1331 2391 1427 2437 par.
1447 2399 1489 2426 2.
1506 2381 1589 2439 fol.
1603 2394 1703 2433 427.
1733 2385 1982 2441 Waddingur
1994 2393 2089 2427 tom.
2103 2399 2144 2435 5.
2167 2389 2318 2431 Annal.

358 2446 398 2496 ὁ.
413 2459 459 2489 2.
490 2443 532 2485 Si
555 2440 645 2499 quis
672 2448 811 2483 autem
826 2447 1028 2495 praetextu
1050 2437 1274 2495 hujusmodi
1322 2437 1750 2498 soldos-confertius
1769 2442 2319 2503 incolt-fi1033·Bullariun

299 2504 505 2555 licentia,
537 2499 603 2547 vel
629 2500 709 2541 fine
733 2496 901 2567 habitu,
935 2498 1004 2543 vel
1025 2499 1278 2566 cum-habitu
1343 2502 1414 2542 PP.
1434 2500 1643 2544 Praedicat.
1668 2509 1818 2548 torn-a.
1837 2501 1922 2567 fil.
1941 2514 2041 2555 550.
2078 2504 2129 2555 ὸ·
2155 2516 2251 2553 tom.
2270 2510 2314 2551 8.

297 2564 486 2621 vagando
497 2558 956 2614 incederet‚monitrone
978 2556 1127 2617 praevid
1142 2569 1279 2603 tenea·
1329 2557 1414 2618 sol.
1427 2559 1613 2619 407.col.
1629 2577 1671 2608 2.

1005 2713 1584 2782 NOTA.

302 2904 394 2995 R
410 2902 531 2965 figula
558 2900 788 2940 Canoellarlae
817 2900 1058 2950 apostolico,
1081 2912 1159 2950 que
1186 2902 1206 2939 t
1233 2900 1394 2950 quolibet
1424 2899 1572 2938 Summo
1596 2900 1765 2960 pqntifleq
1790 2900 1888 2939 illico
1924 2901 2000 2950 post
2024 2901 2103 2954 ejus
2129 2903 2174 2944 ad
2208 2905 2304 2945 Pon·

298 2949 1116 3054 s„0.;;53::?235¹23⁹10¹2.2220502?‘35;‘
1137 2948 2307 3049 §effluit-:aitafftssjffi“em-¹5·‚³‘q232‘':'i‘2'152?“‘‹>525:{:

302 3054 507 3105 tra-fierine

302 3152 491 3194 mnos-
516 3146 716 3201 cupiditatis
736 3147 805 3187 ἃς.
819 3145 978 3198 firnim
1003 3147 1208 3200 observari.

563 3063 581 3089 a
606 3057 755 3098 tenpore
770 3073 783 3093 ‚
806 3047 921 3087 voluit
946 3049 1078 3099 (Papa
1099 3046 1220 3087 efflui
1243 3054 1258 3093 )
1288 3046 1575 3138 Constitutione,-
1635 3048 1659 3084 Ι.
1682 3061 1752 3086 rec.
1775 3047 1935 3088 Martini
1954 3048 2007 3089 Pa
2029 3063 2055 3090 a
2086 3047 2134 3090 V.
2162 3051 2309 3097 prede.

304 3099 438 3162 afforis
470 3102 513 3153 [a
560 3100 703 3160 desuper
721 3097 851 3147 [attan
865 3124 875 3141 ,
901 3099 946 3143 ὰ
979 3099 1020 3135 in
1045 3097 1136 3135 libro
1163 3096 1350 3138 Can-cellar
1365 3109 1392 3138 α

1413 3096 1611 3151 Apostole’cae
1631 3097 1837 3152 defi-ripun·
1861 3120 1876 3145 ‚
1902 3109 1979 3151 με
2019 3100 2133 3155 ncipit
2161 3101 2304 3145 Viam..

2121 3928 2238 3970 Con·
