2444 4192
712 170 897 259 Sub
930 178 1395 262 Alexandro
1463 179 1664 264 Vll.

225 332 405 378 Parocho
419 355 432 378 ‚
445 329 558 385 aquo
575 324 890 370 benedietionem
907 359 922 380 ‚
943 333 976 373 ει
992 333 1177 377 ultimum

224 392 312 434 vale
328 390 504 443 recipere
529 385 708 441 possent,
734 400 815 441 quo
836 391 968 430 venire
989 392 1174 444 expresse:

223 445 425 492 recusante
440 474 454 497 ,
468 445 608 502 poflint
623 442 740 487 iidem
757 447 911 485 Fratres
926 473 940 494 ‚
962 449 1079 488 etiam
1093 449 1177 503 ipso

223 505 474 556 invito,dieta
487 507 681 548 cadavera
692 500 742 543 ad
757 505 837 544 suas
851 502 1043 545 Ecclefias
1058 504 1175 546 trans.

222 574 384 622 portare
397 591 410 615 ‚
436 562 726 620 Consanguinei
742 562 839 603 verb
865 559 1004 602 talium
1019 561 1175 602 Desun-

223 626 374 665 &orum
392 622 496 669 ,iuis
514 632 722 678 parentare
735 620 775 662 in
789 617 1082 662 Parocbialibus
1095 645 1110 668 ,
1134 618 1174 657 δε

224 681 312 723 aliis
326 683 671 734 Presbyterorum',
685 680 806 722 etiam
820 676 1005 720 Ecclefiis
1021 677 1172 718 Cathe-

224 739 402 782 dralibus
431 740 544 782 nullo
572 740 696 782 modo
710 737 868 792 poffint.
900 736 942 779 Si
969 747 1054 790 quae
1076 737 1172 776 vero

223 798 554 840 immemorabilis
583 795 824 840 consuetudo
854 794 893 835 in
923 793 1170 836 contrarium

223 855 338 911 super
351 856 546 911 praetniffis
558 856 721 899 existere
734 851 997 911 praetendatur
1011 881 1027 903 ,
1038 851 1172 907 legiti-

223 915 290 956 me
306 917 500 969 probetur
515 942 529 964 a
547 916 754 958 &interim
768 910 931 969 praesens
949 914 1171 952 Decretum

224 972 273 1014 ad
291 986 459 1029 unguem
476 973 684 1026 servetur,
704 982 824 1028 prout
848 970 991 1012 eadem
1017 973 1171 1013 Sacra—J

223 1031 499 1087 congregatio
521 1031 667 1075 servari
684 1029 886 1074 mandavit
899 1055 910 1067 ·
942 1031 1080 1072 Romae
1111 1040 1172 1079 ¹4·

230 1088 351 1144 1639.
379 1090 612 1134 Cardinalis
625 1091 829 1133 Antonius
851 1088 1087 1131 Barberinus
1099 1113 1110 1126 .
1126 1090 1176 1128 C·

221 1148 535 1190 Facchenetusd.
546 1150 608 1190 'i‘s-
627 1152 794 1192 Necnon
808 1148 927 1190 Sacra
943 1149 1177 1201 Congrega-

223 1206 284 1246 tio
324 1205 731 1248 Eminentisfimorum
760 1204 1036 1249 Cardinalium
1061 1206 1179 1246 Con-

223 1261 306 1304 cilii
323 1261 548 1305 Tridentini
564 1263 831 1318 interpretum
845 1261 1012 1310 censuit,
1021 1261 1177 1317 quoties

223 1318 419 1363 cadavera
431 1320 717 1363 Defunctorum
729 1320 778 1360 ad
790 1319 983 1361 Ecclesias
997 1321 1182 1360 Fratrum

226 1377 542 1428 mendicantium
559 1376 822 1426 deferuntur,
849 1375 981 1418 officia
996 1386 1184 1417 mortuo-

227 1435 535 1493 rum&reliqua
550 1465 564 1488 ,
588 1450 674 1492 quae
700 1435 738 1478 in
763 1433 984 1490 hujusmodi
1011 1432 1182 1476 ministe-

227 1495 294 1537 rio
306 1493 485 1537 adhiberi
501 1494 627 1537 solent
640 1522 656 1544 ,
669 1506 748 1535 non
768 1492 791 1535 a
804 1492 1036 1542 Canonicis,
1056 1503 1182 1547 neque

230 1552 252 1594 a
267 1551 410 1603 clero,
430 1551 495 1596 sed
507 1553 527 1594 a
545 1551 750 1595 Fratribus
765 1550 896 1603 obiri,
912 1551 953 1591 δι
966 1549 1098 1605 peragi
1113 1549 1185 1590 de-

230 1611 353 1662 bere,
368 1613 424 1653 H.
443 1614 485 1655 B.
501 1607 726 1654 Cardinalis
748 1609 1008 1665 Pamphilius,
1025 1605 1182 1650 Franci-

229 1667 309 1711 scus
327 1669 547 1718 Paulutius,
561 1673 688 1711 Sacrae
701 1667 1034 1722 Congregationis
1050 1669 1187 1708 Secre-

230 1727 382 1770 tarius.
419 1729 536 1769 Loco
561 1727 584 1766 '1‘
598 1724 714 1781 sigilli
727 1753 739 1766 .
774 1728 943 1767 Necnon
970 1729 1184 1768 Sacrorum

229 1785 398 1829 Rituum
415 1785 688 1840 Congregatio
717 1782 837 1839 juxta·
853 1782 948 1825 aliis
980 1781 1185 1825 resoluta-2

234 1841 467 1899 respondit,
494 1842 759 1890 electionem,
783 1842 823 1883 δι
849 1855 1057 1884 numerum
1074 1840 1185 1883 Reli·

235 1901 465 1958 giosorum,
494 1915 568 1956 pro
592 1899 823 1943 associandis
848 1900 1110 1943 cadaveribus
1135 1897 1184 1940 ad

159 1991 163 1995 -
237 1962 395 2004 libitum
409 1958 620 2002 Haeredum
637 1956 927 2001 Defunetorum
941 1960 1108 2013 spectare
1120 1986 1135 2009 ,
1148 1959 1188 1999 δι

237 2019 442 2077 pertinere
455 2046 470 2069 ,
499 2019 538 2059 &
562 2018 615 2058 ita
630 2017 774 2072 ubique
792 2015 940 2058 servari
953 2016 1098 2059 debere
1117 2015 1188 2058 de·

238 2077 408 2121 claravit
439 2076 504 2118 die
535 2089 595 2129 ¹4·
615 2075 790 2130 januarii
824 2075 942 2126 1640.
983 2076 1026 2116 P.
1063 2073 1189 2117 Card.

239 2135 498 2180 Crescentius
525 2161 538 2185 ,
572 2134 703 2190 Julius
740 2132 908 2174 Cincius
949 2132 1194 2176 Secretarius

239 2198 288 2239 L.
307 2195 332 2236 ’i‘
346 2191 583 2252 s-Qodque
599 2191 636 2232 in
651 2190 902 2234 observantia
921 2193 1194 2234 Decretorum

237 2249 569 2310 praeinsertorum‚
581 2249 620 2289 δι
636 2247 865 2291 litterarum
879 2248 1193 2305 Apostolicarum

237 2309 424 2367 vigesima
437 2321 544 2350 nona
560 2306 724 2362 Augusti
740 2305 916 2361 eiusdem
929 2308 1018 2350 anni
1035 2306 1193 2349 millesi-

237 2383 294 2412 mi
311 2365 578 2411 sexcentefimi
601 2365 910 2422 quinquagesimi
926 2369 1019 2409 noni
1035 2379 1193 2407 emana-

237 2438 383 2476 tarum‚
397 2428 552 2469 Fratres
569 2423 750 2468 Ecclefiae
763 2423 1038 2480 s.MariaeJesu
1053 2424 1194 2466 nolue-

239 2494 334 2530 runt
357 2484 592 2541 permittere
619 2508 633 2531 2
672 2492 717 2526 ut
740 2483 972 2538 Capitulum
1004 2484 1193 2538 praediaae

237 2543 425 2589 Ecclesia
444 2541 684 2586 Calaritanae
706 2569 722 2592 ‚
755 2541 897 2583 dietam
939 2542 1190 2584 Ecclesiam„

237 2603 388 2647 Sanstae
403 2600 539 2644 Mariae
555 2598 646 2656 jesu
661 2599 964 2653 ingrederetur,
990 2598 1112 2655 ipsum
1128 2612 1191 2640 ve.

237 2663 287 2706 ro
303 2658 558 2716 Capitulum,
570 2658 611 2699 δι
623 2656 869 2709 Βοηοίὶςίιῑί,
884 2658 1055 2700 cadaver
1065 2657 1192 2714 quod-

239 2720 332 2762 dam
350 2716 445 2762 inde
456 2716 706 2772 abripuerunt
718 2742 733 2764 ‚
747 2717 787 2758 δι
798 2716 848 2758 ad
867 2715 1079 2758 Ecclesiam
1095 2719 1194 2759 San·

241 2778 311 2820 &oe
329 2773 490 2818 Eulalia
502 2774 680 2815 tulerant
697 2802 709 2815 .
737 2776 790 2815 Et
817 2773 858 2814 in
883 2774 1020 2816 eadem
1045 2777 1194 2830 expoli-

241 2835 355 2878 tione
367 2830 588 2888 subjuncto,
599 2830 709 2884 quod
727 2830 886 2885 praefata
900 2832 1087 2873 Decretis
1101 2845 1197 2886 prae-

243 2889 398 2935 insertis
421 2887 683 2931 adversentur
708 2912 724 2934 a
756 2887 929 2942 ideoque
956 2888 1197 2943 primodietae

243 2946 524 2994 cardinalium
549 2944 1098 3003 congregationisupplicato
1110 2977 1126 2999 ,
1151 2959 1198 2991 ut

245 3009 486 3053 decerneret
511 3002 686 3046 cadaver
703 3001 922 3059 hujusmodi
954 3004 1132 3055 restitui,
1158 3007 1198 3048 δι

246 3067 351 3110 dieta
369 3067 540 3108 Decreta
554 3062 756 3104 obsti-vari·
771 3074 784 3103 ε
808 3064 844 3103 &
860 3060 884 3103 fi
900 3062 1007 3105 fortis
1022 3066 1198 3107 Canoni—

245 3126 284 3169 ci
307 3121 438 3180 quoad
466 3119 676 3164 secundum
696 3123 915 3163 Decretum
944 3120 1197 3165 immemora-

175 3205 177 3207 ·
242 3182 370 3228 bilem
398 3179 730 3223 consuetudinem
758 3177 1049 3233 praetenderent
1072 3208 1086 3230 ,
1119 3182 1195 3225 hoc

245 3239 348 3285 nibil
361 3239 529 3287 obstare,
542 3237 610 3279 nifi
625 3236 805 3293 legitime
818 3237 1027 3291 probetur3
1040 3252 1202 3283 emana-

249 3300 310 3343 vit
343 3299 383 3340 δι
407 3299 455 3341 ab
477 3297 617 3340 eadem
648 3297 982 3352 Congregatione
1005 3297 1202 3341 Cardina.

251 3356 351 3399 lium
373 3355 546 3412 negotiis
560 3383 575 3406 ,
603 3357 643 3397 ἃ.
667 3352 1023 3397 consultationibus
1041 3355 1204 3411 Episco-

249 3426 392 3470 -porum
417 3415 455 3457 δι
476 3413 734 3469 Regularium
764 3414 965 3469 praepofita
982 3415 1204 3459 Decretum

252 3468 425 3521 tenoris,
437 3471 508 3527 qui
521 3471 714 3528 sequitur,
726 3471 940 3514 videlicet:
958 3474 1077 3514 Sacra
1093 3475 1203 3517 Con-

252 3527 852 3586 gregatioEminentiffimor-um
866 3532 906 3573 S.
921 3530 969 3571 R.
992 3532 1043 3572 E.
1057 3532 1203 3575 Cardi-

252 3587 402 3633 nalium
415 3589 585 3644 negotiis
608 3591 648 3632 &
662 3589 1019 3632 consultationibus
1035 3588 1200 3644 Episco-

254 3657 396 3701 porum
412 3647 614 3701 praepofita
628 3674 644 3697 ‚
668 3649 834 3691 attentis
852 3649 1019 3691 narratis
1031 3676 1047 3698 ,
1061 3662 1200 3704 reque,

252 3702 436 3760 partibus
453 3712 534 3745 tam
550 3707 676 3748 verbo
687 3708 805 3762 quim
820 3705 968 3763 scripto
983 3705 1205 3750 informan-

255 3764 362 3804 tibus
374 3760 570 3862 13²⁰&in
597 3764 913 3809 Eminentiffimo
941 3767 1203 3810 Santacrucio

407 3832 476 3861 om.
543 3845 553 3857 ·

1958 216 2017 290 4
2032 218 2058 268 1
2076 219 2129 294 7

1237 336 1438 378 referente
1451 363 1467 386 ,
1481 334 1699 390 diligenter
1712 360 1724 382 ,
1747 348 1792 374 ac
1816 338 1969 376 mature
1985 346 2187 384 examina-

1235 394 1274 435 ta
1287 420 1303 441 ,
1317 394 1355 432 δε
1368 389 1553 440 discussa,
1569 392 1719 432 censuit
1736 390 1831 431 cada
1840 405 1904 432 ver
1920 420 1933 441 ,
1948 395 1999 432 de
2013 410 2092 448 quo
2105 403 2185 450 agi-

1238 461 1305 492 tur
1318 476 1335 497 ,
1351 448 1635 488 restituendum
1653 446 1728 488 else
1741 475 1755 497 ‚
1780 458 1901 500 prout
1929 451 2008 491 una
2022 465 2109 493 curu
2126 455 2186 495 fu-

1236 505 1361 549 nerali
1385 516 1526 557 pompa
1554 504 1706 545 restitui
1732 505 1894 545 mandat
1916 533 1930 555 ,
1950 507 1990 546 ὅ(
2017 512 2190 563 praecipit

1235 561 1421 606 Ecclefiae
1431 564 1576 602 Sanciae
1598 562 1735 603 Mariae
1754 560 1843 617 Jesu
1862 564 2041 605 Fratrum
2056 566 2189 607 Mino-

1234 634 1321 663 rum
1335 619 1604 661 Observantiae
1620 620 1750 662 saneti
1763 622 1957 663 Francisci
1974 651 1984 662 .
2001 626 2091 667 Nee
2107 627 2190 664 Ca-

1232 678 1361 734 pitulo
1387 706 1402 729 ,
1439 678 1478 717 &
1501 677 1630 720 Clero
1656 679 1978 733 Metropolitanae
2006 681 2186 724 Ecclefiae

1230 736 1470 779 Calai-nana:
1485 732 1681 778 funeralia
1711 739 1747 780 in
1769 737 1871 778 dieta
1887 738 2068 781 Ecclesia
2087 740 2186 781 San·

1231 798 1298 836 6}ae
1314 794 1462 843 Mariae‚
1475 808 1604 850 neque
1616 795 1654 836 in
1670 797 1801 838 Sancti
1815 797 1940 849 Mauri
1954 797 2187 840 eorumdem

1232 855 1418 896 Fratrum
1433 866 1625 896 exercere
1638 882 1653 904 ,
1675 855 1712 895 8(
1739 854 1946 897 celebrare
1973 855 2089 911 super
2108 859 2189 898 De-

1231 910 1460 954 funelorum
1476 942 1490 962 ,
1517 912 1662 954 ibidem
1677 911 1902 969 sepelienda
1916 915 2115 958 cadavera
2137 916 2186 957 li-

1231 984 1323 1013 cere
1338 999 1354 1020 ,
1370 968 1567 1013 reservato
1581 980 1716 1012 tamen
1729 972 1816 1027 jure
1831 972 1963 1013 eidem
1980 975 2187 1028 Capitulo,

1232 1031 1270 1071 &
1282 1030 1425 1072 Choro
1440 1029 1635 1084 probandi
1646 1030 1875 1085 praetensam
1893 1030 2189 1074 immemorabi-

1235 1088 1346 1140 lem3
1371 1089 1410 1129 δι
1435 1089 1487 1130 ita
1512 1087 1733 1130 declaravit
1750 1118 1764 1140 ,
1789 1088 2026 1131 &decrevit
2040 1118 2054 1141 ,
2069 1100 2192 1146 prout

1239 1147 1486 1202 praesentium
1502 1157 1640 1189 tenore
1650 1146 1828 1190 declarat
1846 1177 1862 1199 ,
1889 1149 1929 1189 &
1943 1148 2141 1196 decernit,
2153 1150 2191 1190 in

1237 1205 1486 1249 contrarium
1500 1205 1634 1248 allatis
1650 1205 1812 1248 minime
1824 1206 2071 1248 obstantibus
2086 1235 2097 1247 .
2111 1209 2194 1249 Ro·

1243 1277 1312 1307 mae
1346 1277 1408 1307 η.
1436 1264 1575 1306 Martii
1609 1264 1730 1307 1660.
1757 1269 1814 1309 Μ.
1838 1266 2064 1308 Cardinalis
2090 1267 2191 1308 Gin-

1241 1330 1359 1363 netus
1373 1348 1385 1359 .

1358 1379 1465 1419 Cum
1489 1386 1625 1421 autem
1651 1406 1666 1429 ‚
1706 1379 1803 1423 ficut
1845 1382 1973 1423 dietus
2000 1379 2198 1422 Antonius

1244 1433 1475 1481 Franciscus
1491 1436 1620 1479 Nobis
1635 1450 1762 1492 nuper
1774 1441 1918 1494 exponi
1936 1438 2033 1481 fecit
2049 1467 2064 1489 ,
2080 1439 2200 1493 ipse.»

1245 1498 1461 1538 Decretum
1472 1494 1654 1551 proxime
1671 1495 1857 1540 insertum
1883 1512 1958 1553 pro
1971 1497 2136 1539 firmiori
2154 1498 2201 1538 il·

1246 1553 1324 1595 lius
1350 1550 1591 1595 subsistentia
1622 1555 1662 1595 Ge.
1686 1554 1968 1599 observatione
1994 1555 2203 1611 Apostoli-

1245 1625 1298 1653 cae
1309 1608 1413 1652 confi
1421 1612 1624 1653 rmationit
1639 1612 1772 1669 nostre
1786 1615 2011 1668 patrocinio
2021 1628 2201 1656 commu-

1246 1670 1321 1710 niri
1339 1666 1589 1721 summopere
1600 1668 1796 1715 defidcret
1810 1698 1824 1720 ,
1842 1677 1925 1715 Nos
1939 1672 2059 1728 ipsum
2074 1674 2203 1715 Anto-

1248 1728 1354 1771 nium
1372 1728 1618 1770 Franciscum
1649 1728 1882 1785 specialibus
1910 1730 2110 1773 favoribus
2123 1760 2137 1782 ,
2164 1733 2202 1772 &

1246 1784 1385 1841 gratiis
1414 1788 1596 1842 prosequi
1624 1789 1806 1832 volentes
1837 1818 1851 1839 ,
1876 1790 1917 1830 δι
1950 1792 1974 1833 a
2001 1786 2203 1844 quibusvis

1247 1845 1670 1887 excommunicationis
1685 1847 1761 1888 διε.
1790 1848 1931 1888 harum
1961 1846 2060 1889 serie
2076 1847 2207 1889 absol·
2239 1862 2242 1865 ·

1247 1912 1387 1946 ventes
1399 1932 1414 1955 ,
1426 1903 1466 1944 δι
1478 1902 1702 1945 absolutum
1717 1903 1804 1947 fore
1818 1907 2043 1955 censentes,
2058 1902 2209 1960 suppli-

1247 1961 1471 2005 cationibus
1498 1962 1581 2015 eius
1597 1963 1758 2005 nomine
1775 1964 1902 2007 Nobis
1916 1962 2027 2018 super
2041 1964 2116 2005 hoc
2133 1964 2207 2005 bu-

1248 2019 1395 2061 militer
1409 2019 1599 2074 porrectis
1613 2021 1791 2063 inclinati
1803 2049 1818 2071 ,
1834 2022 2055 2063 Decretum
2068 2023 2209 2075 praein-

1254 2076 1402 2120 sertum
1427 2075 1493 2119 die
1520 2091 1565 2120 ιι
1579 2091 1613 2121 ι.
1637 2079 1772 2120 Martii
1804 2080 1991 2133 proxime
2017 2081 2209 2131 praeteriti

1254 2144 1477 2179 emanatum
1493 2165 1507 2188 ,
1533 2136 1773 2180 auctoritate
1787 2136 2013 2192 Apostolica
2029 2165 2043 2186 ‚
2072 2148 2210 2180 tenore

1252 2193 1498 2250 praesentium
1522 2194 1801 2237 confirmamus
1817 2221 1830 2243 ,
1857 2196 1897 2236 81
1920 2197 2211 2251 approbamus,

1253 2251 1393 2307 illique
1422 2252 1664 2295 inviolabilis
1681 2253 1918 2307 Apostolicae
1931 2253 2129 2298 firmitatis
2146 2270 2212 2298 ro·

1254 2310 1330 2353 bur
1354 2308 1557 2362 adjicimus
1578 2341 1589 2352 .
1623 2312 1742 2354 Salvii
1773 2310 1923 2367 semper
1953 2314 1989 2354 in
2015 2314 2210 2368 praemisiis

1254 2370 1496 2411 auetoritate
1517 2369 1703 2424 pradic'tae
1718 2373 2057 2426 Congregationis
2070 2373 2214 2415 Cardi-

1251 2427 1402 2469 nalium
1418 2423 1612 2483 negotiis,
1627 2430 1663 2470 &
1676 2427 2032 2473 consultationibus
2051 2435 2212 2487 Episco-

1251 2488 1461 2541 porum‚&
1479 2487 1737 2542 Regularium
1754 2490 1980 2543 praepofitae,
1993 2489 2216 2532 decernen-

1254 2556 1312 2586 tes
1326 2542 1479 2587 easdem
1498 2545 1870 2599 praes‘enteslitteras
1883 2543 2036 2601 semper
2055 2546 2213 2596 firmas,

1253 2602 1423 2653 validas,
1434 2605 1474 2645 δι
1488 2603 1667 2648 efficaces
1682 2605 1866 2656 existere,
1880 2607 1919 2647 &
1937 2604 2023 2647 fore
2036 2635 2052 2656 ,
2063 2621 2109 2648 ac
2124 2605 2211 2648 suos

1255 2660 1452 2715 plenarios
1467 2663 1530 2713 ,δι
1546 2664 1724 2719 integros
1734 2664 1893 2705 effeetus
1907 2662 2038 2705 sortiri
2053 2693 2067 2714 ,
2087 2666 2127 2705 δι
2139 2666 2214 2705 ob-

1254 2720 1393 2762 binere
1404 2746 1416 2759 .
1447 2723 1588 2777 Sicque
1616 2724 1653 2764 in
1668 2720 1865 2778 praemiffis
1879 2735 1948 2776 per
1961 2721 2213 2779 quoscunque

1251 2778 1414 2833 Judices
1428 2781 1652 2824 ordinarios
1666 2809 1680 2832 ,
1693 2782 1734 2822 δι
1745 2780 1951 2835 delegatos
1965 2810 1979 2832 ‚
1991 2782 2110 2824 etiam
2126 2796 2217 2824 cau-

1258 2835 1387 2878 sarum
1405 2838 1546 2880 Palatii
1560 2839 1781 2893 Apostolici
1797 2839 2017 2882 Auditores
2031 2840 2216 2894 judicari,

1257 2891 1461 2936 &definiri
1476 2895 1628 2937 debere
1643 2922 1659 2946 ,
1689 2909 1734 2936 ac
1761 2895 1949 2948 irritum,
1969 2898 2164 2946 &inane‚
2189 2897 2215 2939 st

1257 2950 1362 2994 secus
1378 2952 1491 3005 super
1508 2954 1567 2995 his
1581 2979 1596 3002 ‚
1617 2952 1637 2993 i
1667 2964 1868 3007 quoquam
1883 2954 2021 3007 quavis
2045 2956 2217 2996 auetori-

1257 3020 1369 3060 tate,
1388 3008 1556 3054 scienter
1582 3010 1643 3052 vel
1668 3011 1899 3063 ignoranter
1923 3013 2136 3067 contigerit
2153 3021 2216 3055 at-

1258 3068 1403 3110 tentari
1417 3081 1521 3112 :non
1537 3068 1786 3110 obstantibus
1802 3067 2001 3124 praemissis
2013 3098 2029 3120 ,
2044 3083 2090 3112 ac
2104 3074 2216 3113 Con-

1259 3126 1522 3171 stitutionibus
1535 3153 1550 3176 2
1568 3127 1607 3168 δι
1617 3127 1943 3169 Ordinationibus
1955 3128 2214 3182 Apostolicis,

1259 3182 1487 3239 caeterisque
1503 3186 1718 3229 contrariis
1732 3184 2030 3240 quibuscunque
2046 3213 2059 3227 .

1380 3245 1530 3287 Datum
1559 3246 1598 3286 in
1637 3249 1740 3288 Arce
1764 3244 1997 3298 Gandulpbi
2018 3244 2215 3287 Albanen.

1260 3301 1449 3344 Dioecefis
1462 3302 1527 3345 sub
1540 3304 1687 3347 annulo
1704 3300 1905 3344 Piscatoris
1915 3305 1982 3345 die
1994 3316 2083 3344 xxx.
2099 3305 2217 3359 Apri-

1261 3361 1313 3404 lis
1331 3375 1503 3406 Μοοικ.
1521 3359 1782 3406 Pontificatiis
1800 3361 1922 3405 nostri
1935 3366 2052 3404 Anno
2065 3368 2188 3406 sexto
2203 3393 2215 3404 .

1320 3478 1426 3521 Bull-
1439 3480 1534 3521 0νᾶ.
1551 3480 1704 3522 Praedic.
1720 3479 1865 3522 tom.6.
1877 3475 1949 3532 fol.
1962 3490 2055 3534 ¹95·
2065 3480 2148 3520 alm
2164 3479 2213 3528 δι’

1371 3539 1495 3591 plura
1507 3539 1550 3580 de
1562 3538 1632 3582 hac
1643 3553 1687 3582 re
1699 3537 1831 3596 videsis
1826 3537 1963 3595 supra*
1964 3536 2044 3594 fhl.
2063 3553 2078 3580 ι
2088 3538 2155 3581 86.

2049 3831 2158 3869 Con-
