2444 4192
370 174 554 258 244

319 306 570 374 Regulares
587 316 856 373 quocunque
880 315 1100 371 praetextu
1129 303 1156 353 ὲ
1181 301 1268 355 suae

384 373 671 444 profeffionis
703 375 880 426 Ordine
919 377 1114 444 turpiter
1148 392 1269 425 rece-

383 447 542 497 dentes
560 482 577 506 ‚
594 445 847 504 beneficiis,
882 445 1057 505 titulis,
1086 444 1135 497 ὅ(
1159 465 1269 514 quo-

382 515 834 635 cunquidMirlilisterio
853 514 1266 638 licfileaffifffiobsssi-

379 599 616 712 (vigiliae,
639 604 1093 708 ¹acosal'iiileOrldinutlxt
1124 606 1266 727 ἓιιιρῗ

378 723 575 773 rioribus
595 729 619 792 (
636 725 971 786 Carthufianis,
998 727 1048 780 ὅ(
1080 731 1262 780 Camal-

376 792 636 846 dulenfibus
663 799 901 866 exeeptis)
946 816 1023 849 eos
1061 799 1260 868 recipere

379 864 552 914 inhibet
569 902 585 916 .

347 995 688 1050 PAULUs
737 996 1227 1051 EPISCOPUS

483 1125 653 1167 δεινος
685 1125 936 1167 Seavoauu
969 1126 1082 1166 Det.

452 1241 522 1284 Ad
541 1247 774 1297 perpetuata
797 1242 860 1282 rei
883 1244 1137 1285 umorum.

397 1357 589 1413 Ostqnam
607 1358 760 1401 Divina
772 1357 931 1401 bonitas
946 1361 1035 1400 Nos
1046 1386 1061 1409 ‚
1078 1355 1178 1401 licet
1188 1356 1267 1398 im-

428 1419 623 1464 meritos,
637 1416 687 1458 ad
702 1415 840 1459 summi
868 1415 1131 1473 Apostolatt'is
1164 1414 1267 1458 fasti-

312 1478 421 1529 gium
438 1476 628 1518 aflumere
640 1473 826 1530 dignatus
838 1475 895 1517 est
909 1505 927 1526 ,
956 1489 1158 1530 nunquam
1187 1474 1267 1518 ces.

311 1532 500 1584 favimus,
513 1532 671 1580 abusus,
682 1534 748 1586 qui
764 1534 803 1575 in
820 1532 996 1575 Ecclefia
1017 1534 1109 1579 Dei,
1123 1531 1189 1575 seu
1206 1532 1267 1573 ni·

312 1592 391 1632 mizi
409 1592 521 1634 Sedis
536 1590 780 1644 Apostolicae
805 1589 1057 1644 induigentia
1070 1618 1086 1641 ,
1111 1589 1175 1632 seu
1192 1590 1268 1631 ho-

314 1650 465 1692 minum
480 1647 632 1690 malitia
647 1645 837 1704 irrepfiffe
849 1658 1073 1692 cernuntur
1086 1676 1101 1700 ‚
1116 1662 1191 1705 pro
1209 1647 1268 1690 vi-

312 1708 423 1749 ribus
443 1705 591 1749 tollere
605 1734 619 1758 ,
635 1705 906 1749 &Ecclefiam
933 1707 1053 1763 ipsam
1080 1707 1119 1750 in
1141 1706 1271 1763 pristi-

312 1780 409 1808 num
430 1764 654 1808 eandorem
668 1765 877 1809 restituere
891 1794 908 1817 ,
931 1765 1108 1810 diversas
1123 1765 1174 1809 ad
1189 1767 1270 1808 hoc

311 1823 588 1868 saluberrimas
618 1824 937 1868 constitutiones
953 1825 1115 1869 edendo
1133 1826 1200 1875 ,δι
1214 1825 1276 1867 in·

311 1882 556 1927 violabiliter
567 1882 771 1925 observari
799 1883 1032 1928 mandando
1045 1913 1058 1926 .
1090 1883 1245 1927 Verum
1257 1910 1272 1932 ,

313 1956 407 1985 cum
424 1956 502 1984 non
525 1940 661 1983 omnia
686 1955 769 1985 uno
782 1941 820 1982 δι
837 1941 982 1984 eodem
1002 1955 1187 1997 tempore
1201 1956 1275 1984 ex-

315 2001 487 2054 cogitari
506 2026 521 2049 ‚
549 1999 698 2040 nedum
711 1996 847 2052 perfici
863 2002 1087 2052 potuerint,
1098 1999 1272 2052 quinim-

311 2062 381 2100 mo
408 2056 517 2097 circa
541 2069 588 2097 ea
613 2056 657 2095 fit
674 2054 803 2097 Nobis
817 2054 975 2109 lingulis
993 2054 1116 2099 ferme
1130 2055 1271 2098 diebus

316 2112 468 2170 aliquid
481 2112 718 2156 enitendum
732 2143 749 2165 ,
774 2112 909 2157 abusui
926 2116 959 2157 A
965 2113 1131 2171 possafiae
1143 2143 1159 2167 ‚
1188 2129 1274 2171 quae

313 2187 389 2230 per
423 2173 648 2228 Regulares
675 2170 863 2215 Personas
893 2174 962 2215 sub
993 2172 1155 2215 diverlis
1169 2171 1272 2216 falsis

313 2231 568 2289 pre-textibus
581 2230 763 2287 quotidie
776 2229 1186 2282 incurritur,ulteritis
1200 2245 1272 2288 par

311 2291 487 2334 cendum
500 2302 581 2332 non
606 2287 682 2331 effe
697 2289 919 2334 censuimus
936 2319 952 2333 .
979 2293 1087 2333 Nam
1102 2288 1200 2333 licet
1214 2290 1274 2334 di·

314 2350 414 2392 vetii
438 2348 615 2392 Romani
645 2346 864 2392 Pontifices
878 2345 1183 2407 predeceffires
1197 2362 1273 2393 no-

314 2408 380 2452 stri
410 2421 482 2464 per
508 2418 647 2449 eorum
679 2404 1004 2451 constitutiones
1036 2408 1277 2464 complura,

315 2475 464 2510 contra
477 2463 721 2519 Aponafiam
737 2464 960 2523 hujusmodi
975 2466 1177 2510 ediderint
1200 2468 1276 2512 fla·

319 2533 411 2568 tuta
443 2525 485 2565 ει
522 2521 809 2567 ordinationes
824 2550 840 2574 ‚
865 2525 1043 2570 nondum
1070 2534 1202 2571 tamen
1217 2526 1275 2572 est

317 2583 483 2640 plenum
496 2590 638 2623 contra
651 2595 742 2624 eam
753 2582 1016 2628 adinventum
1033 2584 1276 2637 remedium,

318 2639 499 2696 quinimo
522 2637 670 2682 diverti
696 2638 951 2686 diversorum
972 2641 1096 2687 etiam
1121 2643 1277 2687 Mendi-

316 2698 499 2742 cantium
512 2697 714 2741 Ordinutn
729 2697 934 2756 Religiofi,
949 2701 1116 2758 proprie
1140 2700 1276 2747 salutis

322 2758 575 2800 immemores
588 2782 603 2806 ‚
621 2757 780 2813 Deique
791 2759 940 2803 timore
954 2758 1192 2816 postpofito‚
1207 2760 1276 2804 sub

322 2825 516 2872 pretextu
531 2839 547 2863 ,
559 2815 627 2857 alii
645 2814 831 2860 videlieet
842 2846 859 2869 ‚
885 2818 994 2874 quod
1008 2818 1208 2876 Religioni
1240 2821 1280 2862 δι

323 2874 471 2917 Ordini
497 2873 538 2915 in
552 2885 700 2928 genere
713 2875 768 2918 ob
783 2877 912 2920 varias
938 2875 1130 2922 confina·
1145 2877 1280 2924 causas

328 2932 473 2976 astricti
499 2944 579 2974 non
599 2934 702 2984 (int,
726 2932 993 2991 &superinde
1004 2933 1282 2982 sententiam

325 2989 638 3036 declaratoriatn
652 2990 921 3050 obtinuerint3
937 2994 1005 3039 alii
1017 3024 1032 3049 ,
1070 2997 1148 3042 uod
1163 2998 1283 3041 bene·

326 3050 459 3095 ficiunt
476 3048 789 3093 §eclesiasticum
803 3065 990 3099 curatum
1006 3069 1028 3097 a
1059 3056 1169 3101 ecuti
1189 3058 1281 3109 sint,

329 3108 524 3166 alii‚quod
539 3117 657 3154 extra
680 3109 900 3166 Regularia
915 3110 968 3157 sui
983 3114 1148 3159 Ordinis
1163 3114 1286 3162 loca..-

327 3168 450 3212 ssandi
463 3194 477 3217 ‚
492 3169 531 3210 δι
544 3166 665 3213 alicui
693 3167 891 3215 beneficio
906 3172 1181 3221 Ecclefiaslieo
1208 3172 1283 3217 de·

329 3225 525 3270 serviendi
540 3230 565 3272 a
580 3226 655 3271 suls
668 3226 947 3284 Superioribus
976 3231 1189 3278 licentiam
1212 3232 1281 3276 lta·

330 3287 451 3329 beant
472 3315 487 3337 ‚
502 3287 542 3329 dc
554 3285 620 3329 alii
632 3286 795 3330 diversis
820 3287 907 3332 aliis
921 3289 1100 3336 confictis
1128 3291 1280 3336 colori-

331 3346 405 3387 bus
421 3373 434 3396 ,
451 3344 519 3388 alii
537 3346 635 3390 vero
654 3343 770 3389 nullo
782 3343 932 3393 suffuiti
957 3359 1151 3407 pretextu
1168 3379 1184 3404 ‚
1214 3350 1279 3397 sed

330 3403 560 3448 temeritate
590 3402 752 3462 propria
772 3416 916 3452 eontra
938 3422 1015 3465 pro
1046 3410 1150 3455 rium
1171 3409 1278 3469 jura·

330 3469 512 3504 mentum
582 3463 735 3508 reosin
749 3477 891 3510 mum
914 3480 990 3525 pro
1008 3467 1152 3514 efiione
1179 3483 1280 3526 pre-

333 3519 496 3570 ninum.
517 3477 768 3580 &regularia
793 3524 849 3569 nai
874 3526 1041 3573 Ordinis
1070 3528 1279 3576 instituta..

332 3587 444 3622 entra
458 3576 619 3621 «lanan
649 3581 807 3626 suorum
821 3586 1067 3643 regularium
1095 3586 1279 3632 locorum

329 3637 480 3702 degent
500 3664 514 3687 ,
529 3637 568 3678 ὰ
583 3638 620 3680 in
642 3641 784 3684 seculo
803 3643 925 3702 aliqui
952 3646 1104 3692 Habitu
1135 3646 1188 3690 sui
1204 3649 1280 3691 Or·

328 3694 434 3739 dinis
450 3703 612 3738 retento
625 3721 639 3744 ‚
655 3698 777 3753 ntiqui
796 3700 868 3745 illo
879 3702 1030 3760 abiecto
1044 3732 1060 3757 ‚
1085 3705 1124 3748 in
1139 3706 1277 3750 babitu

325 3754 670 3812 Presbyterorum
699 3757 939 3804 secularium
952 3788 966 3811 ‚
993 3765 1033 3806 dt
1045 3765 1278 3820 complures

986 142 1145 231 sab
1211 140 1455 228 Paulo
1522 139 1687 229 IV.
1732 94 1741 102 ’

1327 304 1367 346 in
1382 302 1521 346 habitu
1539 301 1677 346 laicali
1702 295 1855 344 temere
1872 303 2092 350 vagantur:
2122 288 2279 359 &post-

1325 377 1444 420 quam
1463 366 1552 406 Deo
1566 362 1687 405 fidem
1700 358 1842 401 fallere
1857 368 1937 397 non
1953 355 2038 397 sunt
2053 354 2188 402 veriti,
2204 362 2282 391 cae·

1327 434 1415 466 tera
1427 423 1580 474 omnia,
1593 418 1847 478 quantumvis
1863 413 2101 468 gravissima,
2113 411 2154 453 δι
2165 410 2283 476 dete-

1328 482 1462 525 standa
1473 507 1487 531 ‚
1520 481 1624 523 levia
1637 482 1677 520 δι
1693 479 1801 520 licita
1826 482 2060 527 reputantes
2075 497 2091 519 2
2117 469 2186 511 alu
2203 469 2280 509 Pa-

1328 540 1539 585 rochianos
1564 551 1707 583 eorum
1737 546 1840 577 curae
1861 527 2084 573 commiffos
2106 527 2281 569 falsam.»

1327 600 1550 643 docuinam
1564 599 1715 641 docere
1729 620 1743 643 ,
1758 594 1798 634 &
1811 589 1941 647 pravis
1953 587 2224 643 opinionibus,
2233 597 2280 650 ac

1322 657 1529 701 haerefibus
1540 658 1699 713 replere
1715 682 1730 704 ‚
1742 652 1810 694 alii
1825 660 1968 692 uxores
1982 648 2132 709 ducere
2148 671 2163 695 ,
2192 644 2280 709 alit,

1321 717 1400 758 five
1424 726 1663 771 paupertate
1675 725 1742 755 eos
1754 717 1945 762 cogente,
1973 706 2052 745 sive
2067 700 2278 769 diabolico

1317 774 1520 824 instinctu,
1531 772 1779 817 sacularibus
1795 769 1834 808 &
1854 762 2096 807 mechanicis
2108 764 2285 814 negotiis

1323 832 1361 875 se
1384 832 1511 883 dare,
1535 833 1600 875 alii
1629 826 1887 874 seditionibus
1912 820 2173 879 popularibus
2196 842 2212 867 ,
2242 818 2283 857 &
2364 881 2366 883 ‚

1323 891 1670 948 conjurationibus
1695 894 1839 929 contra
1871 879 2129 946 Principes&
2143 877 2247 944 alios
2264 903 2281 926 ‚

1324 964 1371 991 ac
1384 947 1587 1005 quibusvis
1602 950 1688 991 aliis
1710 945 1815 987 saevis
1830 941 1980 985 actibus
1995 940 2033 982 se
2047 935 2274 992 implicare,

1320 1008 1362 1048 δι
1391 1020 1533 1049 caerera
1555 1007 1692 1048 omnia
1714 999 1947 1059 nequiffima
1976 996 2110 1039 faeere
2136 994 2286 1062 praesu-

1324 1075 1440 1108 munt
1452 1094 1468 1118 ‚
1483 1066 1522 1108 in
1537 1063 1801 1121 graviffimam
1814 1058 1962 1102 divinae
1980 1053 2198 1111 Maiestatts
2211 1049 2279 1119 o(-

1325 1122 1475 1167 sensam
1488 1150 1503 1172 ,
1517 1126 1559 1166 δι
1571 1122 1799 1178 Religionis
1812 1116 2102 1182 opprobrium,
2126 1125 2171 1154 ac
2199 1123 2287 1178 apt.

1324 1196 1482 1227 marum
1494 1181 1651 1226 suarum
1671 1179 1907 1237 perniciem,
1918 1178 1959 1218 &
1970 1175 2144 1216 altorum
2159 1171 2288 1214 Chri-

1327 1241 1554 1285 ssifidelium
1570 1239 1798 1284 scandalum
1815 1266 1826 1278 .
1854 1232 2137 1299 Quamobrem
2151 1227 2282 1295 eonfi-

1328 1300 1513 1344 derantes
1537 1300 1746 1354 Apostatas
1771 1292 1997 1352 hujusmodi
2027 1289 2189 1335 infinitis
2224 1300 2288 1329 et·-

1330 1360 1488 1403 roribus
1505 1359 1544 1401 in
1573 1360 1714 1401 eadem
1728 1357 1802 1399 Dei
1826 1351 2005 1397 Ecclesia
2021 1348 2178 1394 causam
2195 1358 2291 1401 prae-

1331 1418 1455 1460 stare:
1471 1418 1511 1458 δε
1525 1427 1742 1472 propterea
1758 1414 1943 1457 volentes
1958 1419 2101 1452 contra
2117 1404 2286 1461 Aposta-

1329 1475 1421 1517 fiam
1436 1474 1558 1528 ipsam
1574 1475 1727 1529 plenius
1742 1470 1971 1529 providere,
1990 1470 2031 1510 δι
2043 1475 2287 1533 eam‚.quan-

1330 1532 1414 1575 tum
1429 1532 1557 1574 Nobis
1570 1545 1619 1574 ex
1631 1530 1717 1574 alto
1729 1526 2042 1578 conceditur,de
2058 1523 2145 1567 med
2153 1537 2190 1566 to
2203 1520 2288 1563 tol-

1331 1589 1417 1635 lere
1431 1590 1572 1634 :Motu
1602 1590 1767 1647 proprio
1782 1589 1824 1631 &
1837 1598 1885 1631 ex
1898 1596 2008 1631 certa
2027 1583 2193 1626 scientia
2213 1591 2290 1646 nq-

1332 1651 1490 1702 stra,ac
1508 1650 1558 1692 de
1571 1647 1812 1705 Apostolicae
1836 1643 2044 1703 potestatis
2069 1635 2290 1697 plenitudi-

1331 1725 1381 1754 ne
1394 1738 1410 1760 ‚
1430 1721 1569 1751 omnes
1590 1709 1632 1749 δι
1655 1706 1833 1764 fingulos
1848 1730 1865 1757 ,
1889 1703 1960 1762 qui
1975 1700 2059 1759 post
2077 1694 2287 1766 proseffio—

1333 1781 1425 1812 nem
1456 1781 1530 1824 per
1553 1780 1624 1811 eos
1655 1767 1695 1809 in
1711 1777 1829 1809 oetate
1846 1762 2026 1820 legitima
2054 1756 2290 1822 constitutos

1335 1829 1375 1872 in
1390 1825 1529 1882 aliquo
1541 1826 1784 1882 approbato,
1796 1823 1919 1868 etiam
1934 1818 2100 1863 militari
2115 1813 2288 1864 Ordine,

1332 1885 1431 1941 pure
1444 1888 1485 1928 δι
1497 1883 1623 1928 libere
1647 1882 1821 1927 emissam
1836 1910 1851 1932 ‚
1878 1880 1961 1931 vel,
1977 1877 2000 1919 fi
2019 1885 2113 1942 ante
2126 1882 2289 1915 aetatem

1333 1944 1553 1997 legitimam
1583 1938 1746 1997 prosefli
1765 1937 1910 1981 suerint
1925 1966 1938 1988 ,
1968 1934 2053 1991 post
2076 1931 2191 1975 illam
2219 1942 2294 1987 pes

1332 2013 1402 2044 eos
1422 2001 1460 2042 in
1478 1999 1558 2056 ipsa
1571 2009 1688 2041 aetate
1714 1998 1891 2053 legitima
1921 1992 2161 2038 constitutos
2190 1988 2292 2058 pure

1333 2061 1370 2102 δι
1384 2058 1513 2102 libere
1529 2068 1655 2101 ratam
1671 2058 1712 2100 δι
1726 2066 1880 2114 gratam
1896 2054 2073 2098 habitam
2088 2080 2103 2104 ,
2121 2059 2290 2093 temeri-

1332 2129 1415 2161 tate
1428 2118 1592 2174 propria
1614 2146 1628 2168 ‚
1639 2127 1706 2159 aut
1721 2116 1866 2171 quovis
1882 2122 2091 2169 praetextu,
2109 2109 2177 2154 vel
2191 2121 2289 2176 cau·

1332 2180 1396 2223 sa,
1422 2176 1573 2219 etiamst
1590 2174 1628 2217 se
1647 2173 1849 2228 Religioni
1863 2175 1900 2214 &
1919 2171 2065 2214 Ordini
2080 2182 2160 2211 non
2176 2167 2291 2210 astri·

1331 2237 1413 2279 Cios
1439 2230 1515 2281 effe
1539 2231 1737 2277 declarari
1753 2230 2004 2275 obtinuerint
2019 2255 2034 2281 ,
2057 2237 2127 2270 aut
2144 2222 2294 2269 benefi-

1331 2294 1439 2338 cium
1466 2285 1782 2337 Ecctefiastlcum
1810 2290 1931 2333 etiam
1960 2295 2145 2330 curatum
2171 2283 2289 2337 potn-

1334 2352 1457 2396 deant
1473 2376 1489 2404 2
1532 2350 1598 2396 vel
1630 2350 1753 2397 alicui
1783 2346 1983 2393 beneficio
2015 2341 2293 2388 Ecclesiastico

1336 2411 1457 2455 etiam
1483 2419 1627 2453 curato
1652 2406 1817 2453 alterius
1841 2403 2005 2450 nomine
2031 2402 2259 2446 deserviant
2276 2426 2292 2451 ‚

1336 2479 1448 2514 extra
1461 2468 1628 2512 claustra
1656 2466 1815 2512 suorum
1832 2462 2073 2523 regularium
2102 2460 2292 2527 locorum

1336 2529 1490 2584 degunt
1503 2553 1518 2577 ,
1549 2537 1616 2572 aut
1641 2526 1680 2571 in
1738 2526 1883 2571 iterum
1894 2523 2046 2579 degent
2062 2548 2076 2574 ,
2104 2519 2293 2563 omnibus

1336 2587 1374 2630 ἃ
1392 2584 1552 2644 lingulis
1567 2585 1672 2631 bene
1702 2585 1775 2628 ciis
1793 2580 2077 2628 Eeclefiasticis
2092 2591 2183 2621 cum
2196 2591 2296 2645 conta

1334 2647 1374 2689 Bt
1388 2644 1467 2687 line
1479 2657 1590 2696 eura,
1605 2642 1855 2688 &talaribus
1865 2670 1880 2695 ,
1894 2649 1963 2685 aut
1983 2638 2056 2692 sui,
2075 2635 2140 2680 vel
2158 2633 2294 2683 cutus—

1339 2705 1398 2747 vis
1425 2703 1598 2747 alterius
1629 2701 1793 2747 Ordinis
1820 2697 2094 2759 Regularibus
2119 2708 2194 2751 per
2220 2708 2294 2740 eos

1338 2762 1649 2820 quomodolibet
1672 2761 1881 2810 obtentis,
1909 2754 2297 2814 eujustunquevqua-

1341 2821 1467 2866 litatis
1484 2822 1636 2865 suet-int
1655 2850 1669 2872 ‚
1682 2834 1728 2864 ac
1743 2818 1932 2863 fruetibus
1943 2845 1958 2870 ‚
1970 2813 2199 2859 redditibus
2213 2842 2232 2881 .⁵
2249 2813 2289 2855 &

1342 2882 1607 2936 proventibus
1621 2878 1900 2925 Eeclefiasticis
1913 2877 1969 2921 eis
1980 2870 2294 2933 quomodolibet

1343 2939 1553 2985 reservatis
1568 2968 1583 2993 ,
1597 2939 1662 2984 seu
1679 2937 1892 2997 affigatis,
1903 2946 2059 2981 necnon
2075 2929 2294 2999 Bacealau-

1341 2997 1474 3044 reatsss
1486 3028 1500 3053 ‚
1515 2998 1815 3051 Licentiatum
1828 2991 2070 3042 Doctoratt'ls
2083 2993 2145 3043 ,δι
2164 2992 2293 3059 Magi·

1348 3059 1452 3102 sserii
1471 3084 1486 3108 ,
1509 3073 1554 3101 ac
1574 3058 1778 3118 quibusvis
1796 3056 1884 3100 aliis
1911 3056 1951 3099 in
1978 3053 2067 3111 jure
2081 3054 2292 3096 Canontco

1346 3117 1407 3162 vel
1421 3117 1549 3163 Civili
1565 3130 1583 3177 3
1606 3126 1678 3163 ans
1690 3113 1939 3172 Theologia‚
1980 3166 1986 3173 .
2058 3108 2294 3156 Medicina-³

1346 3175 1409 3220 vel
1427 3177 1624 3231 Artibus,
1650 3186 1716 3225 aut
1732 3172 1870 3232 φωνὴ
1899 3171 1951 3215 ali
1984 3169 2187 3216 facultate
2202 3179 2296 3223 gra-

1340 3234 1456 3278 dibus
1480 3249 1553 3291 per
1565 3226 2294 3295 eoedtiam,antequamJReligionem

1343 3293 1656 3351 ingrederentur
1667 3319 1683 3344 2
1694 3289 1872 3338 obtentis
1881 3315 1894 3338 ,
1908 3285 1973 3332 seu
1987 3282 2187 3335 affetum,
2199 3296 2296 3352 nec·

1341 3368 1420 3397 non
1451 3367 1692 3414 quoeunque
1734 3347 1960 3402 ministerio
1987 3341 2263 3412 Ecclefialiteo
2276 3369 2294 3397 ‚

1341 3413 1586 3471 Apostoliea·
1595 3410 1864 3458 auctoritate,
1878 3417 2024 3454 tenore
2037 3403 2291 3463 presentium

1338 3460 2295 3591 {⁹1⁶2}'iiiiissffffqffiiffissizssinssnffi'iuss

1339 3589 1557 3636 obtinenda
1569 3618 1584 3648 ,
1613 3587 1677 3636 seu
1693 3584 1842 3634 fruetus
1854 3611 1869 3636 ‚
1902 3583 2090 3631 redditus
2104 3610 2119 3637 ,
2146 3582 2296 3639 &pro-

1340 3651 1481 3694 ventus
1506 3645 1799 3693 Ecelessassicos
1816 3641 2105 3702 percipiendos,
2122 3649 2192 3684 aut
2203 3649 2296 3695 gra-

1337 3708 1414 3753 dus
1446 3703 1702 3764 adequendos
1737 3706 1931 3761 perpetuo
1970 3701 2262 3746 inhabilitamus
2276 3718 2292 3744 s

1337 3769 1388 3809 ab
1414 3766 1653 3810 executione
1680 3775 2018 3823 quorumcunque
2047 3754 2292 3806 Ecclefiatti-

2169 3826 2239 3857 co-
