2444 4192
711 175 877 260 Sub
940 181 1371 264 Innocentio
1437 178 1530 265 V
1551 177 1594 256 I
1621 173 1665 256 l
1689 173 1742 254 l.

243 339 282 379 81
299 331 394 377 locis
412 324 507 371 dieti
531 324 697 370 Ordinis
726 328 928 382 utriusque
955 327 1062 372 sextis
1077 331 1196 372 bene·

241 394 396 438 dicere,
414 386 512 429 licet
528 387 708 430 Abbates
733 383 1047 430 Praedeceffores
1076 391 1098 431 a
1114 398 1197 430 tan·

239 457 475 501 totempore
498 446 602 487 citra
617 476 632 497 ,
650 445 761 503 cujus
773 444 965 487 contrarii
987 445 1196 488 hominum

237 505 430 551 memoria
449 517 531 546 non
547 506 685 547 extitit
699 532 713 555 ,
727 500 919 560 praemissa
935 503 1068 543 omnia
1080 532 1096 553 ,
1128 502 1193 544 seu

236 564 426 621 majorem
443 574 595 618 partem
612 562 741 607 facere
762 560 1044 605 consueverint
1058 589 1070 602 .
1087 563 1196 607 Nos,

234 624 301 680 qui
320 622 518 665 Ordinem
552 622 675 678 ipsum
700 636 781 679 prae
795 619 948 664 caeteris
976 619 1015 661 in
1029 619 1192 661 visceri-

233 683 307 725 bus
340 681 517 738 gerimus
550 681 758 725 charitatis
776 708 790 732 ‚
815 679 984 723 &illum
1012 677 1191 720 intendi-

231 755 323 786 mus
355 753 435 782 non
465 740 687 783 minoribus
711 740 851 796 gratiis
877 739 918 781 δι
937 737 1159 795 privilegiis
1177 764 1191 788 ,

231 802 355 857 quam
370 797 677 842 Praedeceffores
691 798 813 842 nostri
840 797 1013 841 fecerint
1028 824 1042 848 ,
1062 796 1189 839 deco-

231 873 324 901 rare
339 887 353 909 ,
369 857 447 899 tuis
463 857 503 897 in
518 858 591 898 hac
615 869 730 912 parte
756 857 1112 914 supplicationibus
1129 857 1190 898 in-

230 916 403 966 clinati,
436 914 528 956 Tibi
545 915 894 960 &Succefforibus
926 915 1006 960 tuis
1021 943 1036 966 ‚
1066 929 1110 956 ac
1127 914 1190 956 di-

231 976 304 1018 etis
338 973 563 1017 Abbatibus
592 975 763 1019 aliorum
797 986 973 1033 quatuor
997 973 1191 1017 Monaste-

228 1035 388 1079 riorum
408 1033 694 1088 praedie'torum
710 1063 724 1087 ,
738 1050 841 1078 nunc
856 1037 896 1077 &
912 1049 987 1092 pro
1002 1044 1189 1088 tempore

228 1091 485 1138 existentibus
499 1121 516 1142 ‚
536 1104 582 1136 ut
606 1093 660 1137 de
679 1104 825 1138 coetero
850 1095 1054 1151 perpetuis
1080 1090 1190 1134 sutu-

226 1154 284 1195 ris
299 1151 550 1206 temporibus
563 1152 751 1207 praediets
765 1183 782 1204 ,
797 1155 837 1195 δι
849 1166 1096 1209 quascunque
1110 1149 1191 1193 alia

226 1211 530 1259 vestimenta,ac
545 1220 777 1254 ornamenta
794 1212 1087 1261 Ecclefiastica,
1100 1224 1191 1251 cor-

225 1266 429 1328 poralibus
446 1294 459 1316 ,
475 1264 722 1324 vasculisque
749 1267 799 1311 ad
825 1269 1099 1325 reponendam
1121 1270 1190 1310 Sa·

227 1340 338 1371 cram
366 1324 658 1368 Eucharistiam
691 1355 706 1378 ,
745 1340 792 1368 ac
831 1326 1074 1383 imaginibus
1099 1328 1189 1382 qui-

229 1385 410 1430 buslibet
424 1384 719 1441 comprehenfis
733 1414 747 1438 ,
761 1386 802 1428 in
818 1384 916 1430 locis
931 1388 972 1430 δι
988 1385 1188 1430 Domibus

229 1445 324 1488 dieti
339 1442 503 1487 Ordinis
531 1443 801 1496 benedicere,
824 1446 866 1487 δι
888 1446 1036 1489 calices
1049 1445 1189 1488 conse·

227 1516 370 1555 crare,
402 1511 486 1545 tam
515 1502 569 1547 de
599 1503 710 1546 dieto
737 1502 923 1556 Ordine,
947 1505 1068 1563 quim
1095 1502 1120 1545 fi
1137 1501 1189 1544 ad

228 1565 316 1604 Vos
343 1559 506 1604 aliunde
536 1575 823 1620 nonnunquam
856 1561 1116 1607 deferantur:
1142 1575 1188 1603 ac

229 1621 384 1666 Altaria
399 1620 450 1661 de
467 1633 576 1663 novo
588 1621 817 1665 constructa
830 1621 896 1666 seu
911 1623 1191 1673 translata,re·

230 1683 401 1724 flaurata
415 1688 483 1720 aut
499 1687 659 1723 mutata
688 1680 726 1722 in
744 1680 989 1737 quibuslibet
1010 1681 1109 1724 locis
1125 1680 1190 1723 di-

229 1740 282 1782 eti
296 1737 462 1781 Ordinis
475 1766 491 1789 ,
508 1737 724 1781 chrismate
740 1738 854 1783 {acro
869 1740 975 1798 prius
989 1740 1041 1782 ab
1054 1740 1192 1794 aliquo

230 1796 450 1840 catholico
478 1796 669 1840 Antistite
693 1808 894 1856 recepto,
921 1796 1190 1849 consecrare,

233 1857 274 1897 δι
299 1855 418 1897 etiam
430 1854 751 1901 benedictionem
768 1858 856 1916 post
869 1858 1190 1911 Miffarum‚Ves-

205 1952 209 1957 ,
234 1923 455 1972 peratum,
480 1912 519 1953 δι
545 1913 838 1958 Matutinarum
865 1916 1082 1967 solemnis,
1115 1917 1187 1959 ἰὴ.»

235 1968 484 2028 quibuslibet
513 1969 790 2022 Monasteriis,
817 1974 1016 2013 Domibus
1035 1973 1191 2014 &locis

235 2032 332 2074 dicti
347 2026 512 2072 Ordinis
527 2026 732 2085 utriusque
747 2027 857 2073 sextis
877 2059 891 2081 ,
916 2029 1081 2072 servatis
1106 2041 1191 2083 gra-

233 2089 352 2131 dibus
367 2086 674 2143 superioritatis,
689 2090 794 2132 inter
810 2101 880 2132 vos
893 2088 1054 2143 elargiri
1071 2117 1082 2128 .
1115 2091 1191 2134 Ac,

233 2160 284 2189 ne
299 2145 489 2188 Monachi
509 2143 606 2184 dicti
620 2146 786 2188 Ordinis
802 2174 816 2196 ,
830 2161 908 2200 pro
933 2145 1190 2199 suscipiendis

229 2197 555 2248 subdiaconatus
592 2200 632 2240 &
660 2201 909 2244 Diaconatfis
932 2201 1158 2242 Ordinibus
1175 2227 1189 2250 ,

228 2271 345 2306 cztra
371 2255 604 2302 claustrum
634 2257 725 2301 binc
752 2258 847 2303 inde
870 2256 1099 2302 discurrere
1118 2271 1184 2299 co-

227 2330 375 2377 gantur
387 2346 402 2369 ,
415 2314 537 2366 Tibi,
552 2316 590 2358 &
607 2315 907 2361 Succefforibur
924 2318 1022 2369 tuis,
1035 2326 1078 2360 ut
1095 2316 1188 2374 qui-

226 2379 461 2433 buscunque
492 2373 588 2417 disti
610 2377 777 2421 Ordinis
808 2377 1023 2420 Monachis
1048 2402 1063 2426 ‚
1095 2376 1186 2418 aliis

227 2438 328 2483 vero
342 2445 517 2491 quatuor
534 2434 759 2481 Abbatibus
776 2435 964 2492 praesatis,
979 2451 1026 2479 sc
1041 2448 1185 2478 eorum

226 2493 513 2547 fiiccetsoribus
527 2522 542 2547 ,
568 2504 614 2538 ut
640 2495 799 2540 suorum
817 2494 1185 2540 Monasteriorum..

228 2555 509 2613 praedifilorum
539 2553 753 2613 Religiofis
776 2583 791 2606 ‚
826 2568 931 2613 quos
955 2554 1006 2598 ad
1030 2554 1070 2596 id
1102 2552 1186 2596 ido·

225 2628 324 2659 neos
348 2610 579 2669 repereritis
595 2641 609 2664 ,
634 2612 956 2659 subdiaconatus
976 2615 1019 2656 δι
1034 2615 1186 2656 Diaco-

223 2672 519 2719 natfisOrdines
535 2671 760 2727 hujusmodi
774 2675 872 2718 alias
889 2674 967 2718 rite
981 2672 1186 2716 conferre:

222 2734 290 2777 :Ac
318 2744 412 2775 cum
436 2731 694 2784 negotiorum
719 2733 895 2790 qualitas
912 2747 987 2790 pro
999 2743 1187 2790 tempore

226 2787 508 2846 ingruentium
523 2787 564 2829 id
577 2793 757 2846 exegerit
773 2822 788 2844 ‚
814 2801 1023 2849 antequam
1047 2792 1185 2835 eluce-

229 2850 313 2892 scat
328 2848 418 2891 dies
433 2875 447 2898 ‚
459 2845 571 2888 circa
586 2856 720 2893 tamen
737 2849 921 2893 diurnam
937 2850 1072 2896 lucem
1086 2878 1101 2902 ,
1128 2850 1186 2894 ita

226 2908 339 2966 quod
372 2905 413 2949 id
443 2918 516 2947 nec
535 2905 692 2959 Vobis,
724 2922 800 2951 nec
819 2910 1033 2954 Sacerdoti
1050 2910 1188 2954 taliter

229 2968 273 3011 in
293 2964 495 3021 prasentia
526 2964 654 3009 vestra
680 2966 903 3011 celebranti
928 2968 974 3012 ad
990 2969 1186 3025 eulpam.»

226 3026 363 3070 valeat
392 3023 606 3077 imputari,
624 3023 776 3068 Missam
800 3025 838 3067 in
855 3026 980 3073 vestra
999 3028 1189 3086 &cujus-

228 3083 331 3129 libet
351 3078 525 3125 vestrum
541 3109 555 3132 ,
578 3096 625 3127 ac
641 3081 901 3128 familiarium
930 3086 1188 3133 vestrorum...

229 3143 355 3188 Vobis
369 3154 461 3185 cum
477 3140 684 3196 praesentia
704 3157 777 3200 per
804 3142 1066 3200 vosmetipsos
1094 3146 1191 3188 Mis·

233 3201 312 3256 sam
339 3200 577 3254 celebrare,
605 3201 646 3243 δι
673 3217 744 3257 per
770 3202 894 3247 alium
926 3202 1190 3249 Sacerdotem

233 3249 418 3304 idoneum
443 3256 577 3303 facere
603 3261 840 3305 celebrare.
875 3264 929 3306 Et
956 3263 1048 3318 quia
1065 3264 1189 3308 inter-

239 3315 329 3379 ‘133³
360 3327 527 3374 propter
557 3334 704 3364 munus
732 3320 1049 3370 benedictionis,
1079 3322 1189 3378 quod

240 3374 542 3434 pthpiscopos
556 3379 783 3424 abbatibus
797 3382 838 3423 ec
857 3381 1069 3424 Abbatiilis
1094 3381 1191 3425 dieti

242 3429 396 3499 Ordinis
413 3436 659 3491 impenditur
669 3465 685 3489 ,
699 3441 986 3484 contentiones
1011 3440 1057 3482 ac
1071 3441 1193 3496 privi-

246 3488 442 3558 legtotum
463 3496 632 3542 Ordinis
653 3498 775 3542 vestri
792 3498 962 3544 laeiiones
978 3500 1190 3552 oriuntur,

243 3545 318 3614 sub
329 3561 378 3590 eo
419 3558 729 3613 raetextu,quod
751 3558 939 3615 Episcopi
960 3556 1115 3615 praefati
1138 3573 1190 3602 ex

240 3618 367 3659 ΜΡΝ
395 3621 487 3675 ¹⁰9⁰
509 3618 703 3666 ,muneris
750 3616 975 3668 huiusmodi
1020 3626 1191 3674 praeten—

242 3663 346 3707 dunt
359 3692 375 3714 2
388 3664 556 3734 ³l¹quam
569 3675 820 3729 postmodum
836 3679 874 3720 in
890 3691 975 3728 eos,
994 3678 1034 3719 &
1047 3690 1189 3719 eorum

243 3720 488 3766 Monasterta
519 3725 829 3784 iurisdietionem
861 3737 903 3779 ἃ
938 3734 1191 3793 superiorita-

242 3788 323 3824 tem
351 3784 607 3885 cffosstaillqiffl
638 3792 800 3837 Ordinis
834 3795 952 3840 vestri
977 3793 1188 3853 privilegia

1983 206 2144 286 209

1259 328 1408 368 habere
1428 355 1442 377 ,
1455 326 1548 367 ‘ribi
1561 326 1627 371 ,Gt
1641 320 1938 366 Succefforibus
1960 328 2039 368 tuis
2063 332 2204 382 praedj-

1256 385 1328 426 etis
1345 382 1547 422 duntaxat
1562 408 1575 429 ,
1593 390 1639 421 ut
1660 392 1804 421 munus
1831 382 2115 425 benedietionis
2137 390 2206 428 hu—

1254 438 1423 500 jusmodi
1450 437 1753 492 quibuscunque
1779 437 1876 479 dieti
1898 442 2059 481 Ordinis
2074 444 2206 482 Abba—

1256 500 1362 541 tibus
1377 498 1418 538 &
1432 495 1642 538 Abbatiffis
1659 494 1910 550 impendere,
1923 511 1969 538 ac
1983 499 2208 539 abbatibus

1253 561 1294 600 &
1315 554 1530 599 Abbatiffis
1557 554 1750 609 praedietis
1779 582 1792 603 ,
1819 565 1864 597 ut
1892 556 2043 598 dietum
2069 570 2215 598 munus

1251 618 1274 661 ὲ
1291 619 1350 658 Te
1366 616 1405 656 &
1419 614 1718 658 Succefforibus
1732 615 1809 657 tuis
1829 613 2003 669 praefatis
2031 616 2211 668 recipere

1252 672 1382 719 libere
1413 688 1457 716 ac
1487 674 1602 717 licite
1616 672 1768 730 possitis
1793 675 1832 715 δι
1852 675 1997 729 poffint
2013 700 2027 722 a
2041 674 2208 715 auctori-

1253 744 1340 778 tate
1355 734 1587 788 Apostolica
1601 759 1614 780 a
1628 736 1667 776 δι
1683 745 1733 774 ex
1746 743 1858 776 certa
1884 734 2046 776 scientia
2064 763 2078 783 ,
2098 743 2214 773 teno-

1250 809 1293 837 re
1322 792 1578 850 praesentium
1598 792 1651 834 de
1674 789 1829 847 speciali
1852 792 1964 835 dono
1979 794 2116 849 grstiae
2149 792 2212 832 in-

1249 853 1462 908 dulgemus
1477 883 1488 893 .
1506 856 1601 895 Non
1618 851 1871 894 obstantibus
1893 850 2211 895 Constitutioni—

1248 913 1322 956 bus
1335 913 1376 954 8(
1390 911 1730 955 Ordinationibus
1747 911 1991 966 Apostolicis
2006 940 2020 961 ,
2052 922 2212 954 necnon

1250 973 1432 1014 omnibus
1447 971 1527 1015 illis
1542 998 1556 1020 ,
1569 984 1656 1027 quae
1680 971 1719 1012 in
1737 970 1889 1013 litteris
1905 971 2213 1028 privilegiorum

1250 1033 1291 1074 δι
1318 1031 1574 1075 indultorum
1604 1028 1835 1082 hujusmodi
1869 1028 2096 1073 concessum
2128 1027 2213 1077 est,

1251 1104 1334 1133 non
1348 1091 1502 1134 obstare
1518 1121 1532 1143 ,
1560 1088 1791 1145 caeterisque
1817 1090 2037 1132 contrariis
2054 1084 2215 1143 quibus-

1251 1163 1414 1206 cunque
1430 1180 1441 1192 .
1458 1147 1655 1201 Proviso,
1675 1148 1787 1205 quod
1812 1148 2033 1203 hujusmodi
2049 1142 2218 1189 conces·

1251 1207 1360 1252 fione
1384 1220 1477 1253 ante
1504 1210 1611 1252 diem
1638 1208 1906 1261 celebrandi,
1933 1207 1995 1250 seu
2017 1202 2215 1249 celebrari

1249 1265 1424 1310 faciendi
1440 1268 1560 1324 parce
1577 1267 1762 1317 utamini,
1775 1268 1883 1324 quia,
1896 1282 1986 1309 cum
2003 1267 2042 1308 in
2060 1263 2215 1308 Altaris

1248 1326 1387 1368 officio
1404 1327 1642 1369 immoletur
1659 1328 1854 1369 Dominus
1879 1325 2028 1368 Noster
2048 1325 2124 1366 Dei
2155 1322 2220 1364 Fi·

1250 1385 1325 1427 lius
1347 1384 1457 1441 Jesus
1491 1384 1674 1428 Christus
1690 1412 1703 1434 ‚
1736 1386 1806 1440 qui
1838 1384 1994 1426 candor
2021 1383 2075 1424 est
2111 1381 2215 1423 lucis

1248 1444 1637 1500 eternae‚congruit
1665 1444 1739 1484 hoc
1768 1458 1849 1485 non
1885 1444 2011 1485 noctis
2040 1440 2216 1482 tenebris

1249 1502 1356 1555 fieri,
1370 1501 1434 1547 sed
1453 1504 1491 1546 in
1516 1503 1607 1546 luce
1623 1531 1634 1542 .
1651 1503 1807 1544 Verum
1820 1529 1834 1551 ,
1848 1502 1940 1557 quia
1960 1499 2127 1544 difficile
2153 1498 2217 1540 so-

1250 1573 1314 1608 ret
1338 1560 1550 1619 presentes
1576 1561 1732 1604 litteras
1756 1562 1806 1604 ad
1837 1560 1986 1616 fingula
2012 1573 2217 1616 quaequea

1250 1623 1340 1666 loca
1354 1651 1369 1672 ,
1384 1622 1421 1663 in
1437 1622 1581 1679 quibus
1605 1621 1822 1673 expediens
1852 1619 1973 1663 fuerit
1988 1648 2003 1670 ,
2026 1617 2188 1661 deferre
2202 1645 2215 1668 ,

1254 1680 1477 1733 volumus,
1509 1683 1548 1723 δι
1574 1675 1736 1734 praefata
1759 1678 2001 1723 auctoritate
2027 1675 2218 1720 decerni·

1251 1754 1342 1783 mus
1357 1769 1371 1792 ,
1384 1741 1495 1796 quod
1515 1739 1680 1783 illarum
1699 1738 1965 1795 transumptis
1980 1767 1993 1789 ‚
2010 1751 2128 1779 manu
2146 1750 2218 1791 pu-

1254 1800 1349 1842 blici
1367 1799 1640 1842 Notariiinde
1666 1798 1800 1852 rogati
1830 1797 2089 1852 subscriptis,
2119 1793 2218 1835 &fi-

1252 1858 1356 1914 gillo
1371 1868 1469 1909 tuo,
1482 1867 1552 1900 aut
1566 1854 1735 1908 alicujus
1761 1858 1898 1897 Curia:
1916 1853 2219 1902 Ecclefiasticae,

1251 1916 1315 1959 seu
1338 1915 1523 1960 Peribnae
1537 1916 1577 1957 in
1595 1913 1871 1956 ecclesiastica
1901 1912 2103 1968 dignitate
2122 1924 2216 1952 con.

1251 1975 1397 2015 stitutae
1409 1974 1574 2017 munitis
1588 2000 1602 2022 ,
1615 1987 1661 2015 ea
1704 1974 1835 2015 rorsus
1849 1971 1946 2016 fides
1965 1970 2134 2015 indubia
2148 1969 2221 2013 sd·

1253 2030 1464 2078 hibeatur‚
1485 2041 1609 2082 quoep
1681 2030 1844 2071 entibus
1865 2031 2161 2081 adhiberetur,
2192 2029 2219 2069 fi

1251 2086 1373 2131 effent
1398 2086 1587 2130 exhibitae
1604 2085 1667 2127 vel
1685 2083 1843 2128 ostense
1857 2113 1870 2126 .
1883 2086 2002 2130 Nulli
2018 2100 2119 2142 ergo
2133 2100 2221 2128 om-

1250 2148 1351 2190 nino
1378 2146 1589 2188 hominum
1617 2143 1740 2186 liceat
1767 2145 1866 2187 hanc
1881 2144 2067 2200 paginam
2082 2144 2222 2187 nostrae

1249 2203 1514 2244 concessionis
1529 2230 1544 2252 ,
1570 2201 1799 2243 voluntatis
1814 2232 1829 2252 ,
1856 2205 1896 2244 ἃ.
1915 2204 2219 2245 constitutionis

1250 2259 1491 2315 infringere,
1508 2258 1572 2302 vel
1589 2259 1628 2300 ei
1644 2259 1741 2300 ausu
1757 2261 1978 2301 temerario
1995 2264 2218 2314 contraire3

1247 2319 1388 2375 Siquis
1402 2329 1536 2360 autem
1563 2318 1640 2360 hoc
1665 2326 1868 2360 attentare
1897 2318 2190 2376 praesumpserit
2206 2349 2221 2372 ,

1245 2379 1568 2433 indignationem
1583 2377 1886 2430 Omnipotentis
1906 2378 2011 2429 Dei,
2044 2393 2089 2420 ac
2116 2380 2218 2422 Bea-

1246 2447 1384 2481 torum
1402 2437 1510 2479 Petri
1526 2437 1560 2476 Bc
1582 2434 1694 2478 Pauli
1710 2435 2003 2492 Apostolorum
2023 2436 2106 2495 ejus
2121 2438 2217 2483 (ι,

1247 2498 1408 2541 noverit
1424 2495 1628 2537 incursum
1643 2523 1654 2534 .

1368 2558 1519 2598 Datum
1540 2555 1680 2596 Romae
1704 2552 1811 2610 apud
1837 2553 2025 2597 Sanctum
2051 2554 2218 2598 Petrum

1247 2616 1370 2658 Anno
1399 2614 1692 2656 incarnationis
1721 2612 1972 2665 Dominicae,
2003 2613 2216 2656 millesimo

1245 2673 1642 2731 quadringentesimo
1671 2673 1943 2729 octuagesimo
1960 2686 2087 2724 nono,
2101 2674 2217 2728 quin-

1246 2742 1292 2777 to
1315 2732 1411 2775 Idus
1438 2733 1623 2790 Aprilis,
1648 2730 1917 2776 Pontificatfis
1943 2731 2068 2777 nostri
2098 2735 2219 2776 Anno

1245 2794 1428 2852 Quinto.

1306 2910 1525 2967 numqua
1539 2917 1658 2965 tom-3
1667 2907 1820 2963 ‚privil
1828 2907 2065 2966 ·g·fil·245·

1250 3202 1520 3292 Motivum
1555 3198 1713 3247 ponendi
1747 3200 1803 3238 hie
1838 3196 2065 3246 privilegium
2085 3197 2215 3236 inclito

1383 3251 1514 3288 Ordlni
1542 3248 1755 3287 Cistercienfi
1782 3246 1943 3297 primario
1979 3246 2214 3284 eonoeffum...
2263 3275 2267 3278 .

1249 3301 1390 3348 deteget
1417 3299 1540 3337 uetur
1561 3297 1650 3335 iufra
1673 3298 1821 3344 legendo
1837 3294 2114 3332 Annotstionem
2128 3297 2206 3333 sub-

1245 3348 1404 3398 junstsm
1443 3346 1702 3386 Constitutioni
1739 3344 1865 3383 Leonis
1888 3345 1936 3381 X.
1972 3343 2076 3393 incip.
2107 3342 2211 3382 Reli·-

1249 3397 1392 3446 lae‘gs’om's
1403 3394 1534 3445 suadae
1559 3394 1707 3437 honestas
1719 3419 1733 3440 ‚
1753 3396 1789 3433 &
1809 3395 1852 3432 de
1872 3392 2037 3432 facultate
2063 3393 2213 3433 benedi.

1249 3447 1350 3487 cendi
1370 3447 1483 3487 vestes
1513 3446 1625 3485 sserss
1648 3444 1764 3493 agenti
1782 3468 1795 3483 .

1720 3847 1761 3889 D
1772 3845 1799 3889 d
2026 3834 2156 3893 Privi-
