2444 4192
540 94 546 101 ⁸
623 100 1195 221 'Sub-LJoanne
1250 103 1586 194 XXII.

161 260 406 323 ᾷςυίαροίὶ
419 257 714 316 inquisitionem
738 258 955 310 solertem,
984 258 1119 302 &stu-

157 322 303 370 diosam
329 320 664 363 examinationem
675 344 693 368 2
705 318 745 360 δι
757 316 1039 362 discuffionem
1052 316 1119 359 so-

157 384 328 429 lemnem
354 406 369 431 ‚
402 379 695 435 supplicatione
729 375 883 419 devota
913 380 953 419 δι
978 375 1122 420 humili

151 437 412 494 Praelatorum
429 439 631 488 omnium,
664 446 760 478 tunc
775 434 884 491 apud
900 436 1050 479 Sedem
1063 436 1121 477 A·

150 495 295 559 postol-
310 497 687 550 existentium,cum
700 491 886 537 instantia
909 494 1089 551 requifiti
1103 522 1119 545 ,

68 602 72 608 ,
149 557 201 602 de
214 558 405 604 Fratrum
431 556 659 600 nostrorum
682 551 852 597 confilio
875 554 918 595 δι
942 551 1117 603 affenfii,

147 616 198 660 de
215 616 506 671 omnipotentis
517 615 590 659 Dei
605 613 757 658 virtute
771 610 908 654 confifi
923 641 939 664 ‚
966 613 1106 654 aufto·

69 691 71 695 ’
143 674 269 720 ritate
281 683 446 732 quoque
460 677 674 718 Beatorum
690 671 829 720 Petri,
856 673 896 716 δι
919 671 1035 716 Pauli
1052 675 1106 714 A·

146 732 393 790 postolorum
421 733 527 792 ejus,
539 734 580 777 dt
599 729 748 784 nostra,
772 730 899 786 ipsum
912 760 927 784 ,
942 731 1107 788 septima

142 793 211 836 die
226 792 396 849 Aprilis,
409 795 647 837 Sanctorum
659 788 941 835 Confefforum
953 791 1107 834 catalo-

145 864 198 907 go
211 850 398 894 du'xi‘mus
415 849 724 895 adscribendum
737 878 751 892 .

200 909 240 959 §-
255 920 324 964 30.
385 909 570 966 Ideoque
596 907 909 954 Univerfitatem
938 907 1112 952 vestram

139 980 368 1019 monemus,
380 969 420 1011 δι
434 969 703 1013 exhortamur
717 968 896 1021 attente,
913 982 985 1027 per
998 972 1117 1026 Apo-

143 1025 281 1070 stolica
298 1025 449 1084 scripta
463 1028 593 1072 Vobis
614 1028 891 1086 precipiendo
916 1028 1114 1072 mandan-

139 1094 202 1128 tes
213 1114 230 1137 ,
241 1096 442 1142 quatenus
455 1097 602 1143 quarto
615 1088 781 1131 decimo
801 1086 1119 1133 Kalendarum.⁴

139 1143 392 1201 Septembris
432 1143 573 1188 fesium
607 1143 790 1200 ejusdem
833 1146 1028 1203 Episcopi
1070 1148 1112 1190 &

137 1200 384 1247 Confelsoris
397 1202 555 1247 devote
566 1203 785 1248 celebretis
799 1219 846 1248 ac
858 1205 1110 1259 solemniter,

135 1261 176 1304 δι
193 1258 382 1307 faciatis&
405 1261 542 1306 vestris
564 1261 736 1306 fiibditis
765 1263 994 1308 devotione
1007 1279 1110 1308 con·

139 1333 237 1377 grua
260 1320 463 1365 celebrari
476 1350 493 1374 ,
518 1331 566 1366 ut
590 1322 655 1380 pia
673 1322 760 1380 ejus
776 1323 1106 1369 interceffionea

137 1379 204 1423 hle
216 1381 242 1426 a
254 1382 384 1425 noxiis
397 1382 584 1438 protegi,
602 1383 643 1426 δι
657 1382 697 1426 in
711 1379 851 1427 futuro
862 1384 1105 1441 l‘empiterna

138 1437 283 1494 gaudia
297 1439 486 1497 consequi
511 1438 678 1486 valeatis
694 1471 708 1484 .

117 1519 123 1526 ·
175 1497 244 1553 §.3
254 1510 289 1541 t.
304 1501 424 1551 Et‚ut
434 1498 483 1542 ad
496 1502 731 1547 venerabile
744 1499 830 1554 eius
843 1499 1101 1558 sepulchrum

135 1555 344 1602 ardentius
361 1585 376 1610 ‚
397 1559 439 1601 δι
453 1556 682 1605 affluentius
709 1559 932 1615 Christiani
950 1560 1097 1616 Populi

133 1614 309 1669 coiffluat
325 1614 550 1661 multitudo
560 1644 574 1665 ‚
600 1632 648 1661 ac
661 1618 865 1663 celebrius
878 1617 1099 1672 eiusdem-a

133 1670 373 1741 Consell'uris
386 1673 548 1721 colatur
562 1673 754 1722 festivitas
767 1703 782 1727 ‚
793 1677 984 1724 omnibus
997 1678 1101 1723 vere

133 1733 429 1799 penitentibus
443 1761 459 1787 ‚
482 1736 524 1778 δι
547 1734 765 1790 conscilia,
788 1738 859 1794 qui
872 1752 963 1782 cum
981 1752 1099 1782 reve·

137 1800 268 1837 rentia
280 1791 378 1837 illuc
395 1794 435 1837 in
449 1793 597 1840 eodem
616 1794 717 1842 sesto
746 1798 954 1841 annuatim
968 1796 1106 1841 acces·

135 1846 257 1914 serint
268 1873 284 1896 a
298 1849 612 1919 ipsius'suffragia
624 1856 796 1911 petituri
812 1885 827 1909 ,
841 1856 895 1902 de
910 1858 1104 1913 omnipo-

136 1915 264 1951 tentis
277 1905 352 1949 Dei
369 1909 669 1959 misericordia,
680 1915 724 1957 &-
738 1916 957 1958 Beatorum
973 1917 1104 1968 Petri,

137 1967 175 2007 δι
192 1963 306 2009 Pauli
323 1965 610 2021 Apostolorum
631 1967 719 2023 ejus
744 1971 988 2011 auctoritate
1001 1984 1105 2013 eon·

137 2022 192 2067 fisi
205 2049 221 2074 ,
234 2023 334 2066 duos
348 2037 474 2068 annos
489 2052 504 2077 ,
526 2025 566 2066 δι
580 2024 678 2068 duas
693 2026 972 2082 quadragenas
990 2054 1004 2077 ‚
1023 2039 1105 2071 ac·

139 2082 378 2125 cedentibus
393 2082 494 2123 vero
511 2082 562 2123 ad
589 2083 823 2133 predictum
845 2084 1105 2136 sepulchrum

135 2138 250 2181 annis
274 2132 555 2190 fingulisinfra
570 2134 748 2190 ejusdem
778 2135 862 2176 sesti
888 2139 1074 2176 octavam
1089 2163 1105 2185 ,

135 2207 259 2239 unum
276 2206 453 2246 annum,
477 2192 520 2236 Gt
542 2192 817 2250 quadi-aginta
833 2190 945 2244 dies,
972 2191 1025 2235 de
1039 2193 1103 2236 in-

131 2252 278 2314 junctis·
290 2251 360 2297 fibi
378 2252 633 2308 poenitentiis
656 2250 979 2296 misericorditer
994 2250 1103 2296 rela-

131 2326 224 2357 mus
240 2339 253 2355 .
275 2310 389 2356 Nulli
411 2325 512 2370 ergo
535 2312 705 2355 omnino
733 2310 948 2356 hominum
977 2311 1103 2355 liceat

133 2373 236 2418 hane
257 2371 444 2429 paginam
458 2370 611 2416 ,nostre
635 2370 975 2427 approbationis,
1001 2384 1103 2415 con-

132 2429 377 2476 firmationis
391 2460 406 2482 ,
422 2431 464 2473 δι
480 2430 701 2476 voluntatis
716 2428 933 2486 infringere
945 2430 1029 2472 διε.

249 2490 400 2532 Datum
415 2489 616 2533 Avinione
630 2487 802 2544 septimo
816 2488 917 2534 Idus
931 2488 1108 2547 Aprilis,

136 2546 403 2595 Pontificati'is
413 2547 537 2593 nostri
551 2549 669 2593 Anno
689 2548 858 2595 Primo.
1041 2546 1044 2549 ’

190 2668 350 2713 Bauer.
385 2670 545 2711 Roman.
573 2677 668 2713 tm.
686 2682 726 2726 3.
736 2677 851 2724 part.
868 2665 986 2724 ιω.
1008 2681 1102 2722 145.

249 2725 461 2781 Waddtng.
477 2734 571 2771 tm.
584 2728 628 2775 6.
636 2726 722 2786 fol.
738 2740 835 2784 ²90·
849 2729 919 2772 ubi·
930 2727 987 2779 ά·
998 2728 1102 2772 aliar

249 2787 469 2839 Bneyellcaer
485 2786 646 2829 litterar
661 2814 678 2837 ‚
692 2785 748 2828 ad
760 2789 875 2844 Reges
889 2817 903 2839 ,
916 2787 971 2837 ἀι
988 2788 1102 2831 Prin·

246 2846 348 2901 cipes
361 2844 406 2888 de
422 2844 496 2887 bae
518 2843 849 2903 Apotheofidour
856 2845 1095 2906 subjunxit.

988 2989 1104 3008 —

131 3080 370 3136 (Ordinem
404 3082 746 3134 Minotitanum
782 3083 1015 3138 Laudibus
1032 3106 1107 3140 or·

202 3167 284 3205 nat
295 3189 312 3213 ,
327 3155 670 3206 Declarationes
682 3155 708 3206 ὲ
721 3153 924 3205 Nicolao
938 3159 1041 3213 111.
1056 3157 1107 3211 δι

46 3219 50 3224 ’
132 3217 193 3312 ξ
211 3224 455 3309 qkmente
503 3228 566 3276 V.
604 3225 660 3276 de
687 3223 979 3282 vestimentis
1012 3228 1105 3282 διε.

154 3293 362 3366 ρ’,ῐζρᾱίεαε
398 3293 645 3349 confirmat
663 3333 681 3357 ‚
705 3294 755 3350 &
781 3315 1011 3351 novorum
1036 3319 1106 3352 ar-

160 3362 466 3442 'Q‘ticulojum
484 3365 720 3421 additione
748 3371 940 3440 ampliat
953 3405 969 3422 .

142 3455 531 3580 jofnugs
595 3492 698 3542 ει)
728 3494 754 3542 1
780 3492 1109 3549 scopus

303 3613 488 3685 ’δῂξνυε
521 3620 779 3666 Seiwoituia
810 3623 891 3668 Dat
905 3650 919 3679 ρ

1971 138 2078 221 93

1325 312 1636 368 Adperpetuaem
1660 310 1721 354 rei
1738 313 1970 357 memoriam
1984 343 1998 356 .

1151 432 1155 436 ”
1311 431 1583 485 ,Uorumdam
1612 427 1738 484 exigit
1754 442 1879 472 coecae
1901 429 2146 488 scrupulosi-

1134 517 1140 524 ·
1161 491 1164 493 ’
1180 429 1431 592 Quis
1446 490 1741 544 ambiguum‚ac
1761 488 1940 543 ipsorum
1956 493 2149 545 quodam.

1252 590 1255 593 .
1356 551 1480 593 modo
1495 549 1656 592 indocta
1672 548 1835 590 ‘scientia
1850 578 1867 600 ,
1893 548 1981 602 (ne
1997 549 2148 592 dixeri-

1166 622 1254 654 mus
1269 636 1285 660 ,
1309 611 1421 666 quod
1441 608 1665 662 irreligiosa
1682 608 1830 651 horum
1847 607 1911 659 fit,
1926 619 2040 658 vana,
2055 610 2147 652 &in

1166 671 1247 713 hoc
1266 666 1538 726 superstitiosa
1554 667 1759 725 Religio)
1773 678 1835 716 ut,
1851 667 1948 710 duni
1969 664 2047 708 suis
2064 682 2149 711 ma-

1167 728 1262 772 lunt
1276 727 1432 772 temer&
1446 726 1517 771 sub
1530 728 1788 771 conscientie
1801 729 2036 770 velamento
2049 740 2149 769 con-

1169 789 1357 843 ceptibus
1370 817 1386 841 ,
1414 790 1538 844 quam
1568 788 1838 830 Praelatorum
1876 786 2049 831 Ordinis
2088 780 2147 827 sui

1150 888 1153 891 .
1172 849 1267 892 ciim
1278 847 1527 892 obedientie
1542 848 1691 889 merito
1706 847 1883 902 provide
1897 848 2149 891 inherere..-

1174 906 1381 954 sententiis
1396 935 1412 959 ,
1442 910 1530 951 Nos
1553 906 1639 961 post
1652 906 1984 963 praedeccfforum
1999 904 2156 948 nostro·

1175 982 1266 1012 rum
1277 993 1293 1017 ‚
1317 969 1359 1011 δι
1371 965 1595 1024 presertim
1612 964 1745 1010 felicis
1758 966 2061 1010 recordationis
2074 962 2151 1007 Ni·

1174 1028 1282 1071 colai
1299 1029 1378 1071 111.
1391 1042 1439 1071 ac
1455 1028 1525 1083 pia:
1538 1027 1743 1069 memoriae
1755 1026 1987 1069 Clementis
2000 1027 2052 1066 V.
2068 1025 2158 1066 Ro·

1171 1101 1389 1132 manorum
1426 1083 1674 1130 Pontificum
1704 1089 1819 1141 stiper
1844 1084 2083 1132 intellectu,
2111 1082 2153 1124 δι

1170 1147 1428 1192 observantia
1443 1144 1615 1202 Regulae
1628 1145 1795 1188 Ordinis
1811 1146 2000 1188 Fratrum
2017 1143 2157 1184 Mino·

1171 1221 1261 1251 rum
1273 1207 1579 1253 declarationes
1597 1203 1813 1247 salubriter
1824 1204 1958 1247 editas
1970 1230 1985 1252 ‚
1998 1200 2149 1243 solidas

1171 1266 1338 1323 quidem
1367 1295 1382 1318 ,
1422 1266 1580 1317 claras,
1608 1265 1852 1313 &lucidas‚
1877 1258 2151 1317 multaque-2

1168 1326 1410 1368 maturitate
1434 1324 1609 1381 digestas
1634 1350 1649 1373 ‚
1698 1324 1851 1366 nostras
1883 1322 2064 1363 Domino
2091 1316 2155 1359 sa-·

1168 1394 1293 1429 vente
1322 1381 1510 1427 indubias
1527 1412 1545 1436 ,
1575 1383 1753 1438 ipsorum
1765 1376 2145 1438 predecessorum.»

1163 1444 1518 1488 declarationibus
1531 1440 1843 1486 declarationes
1855 1437 2122 1495 adjungamus
2139 1449 2154 1478 τ

1161 1503 1298 1560 sicque
1311 1503 1400 1547 dies
1413 1502 1498 1547 diei
1518 1505 1678 1546 erudiet
1693 1502 1867 1545 verbum
1882 1526 1899 1551 ,
1930 1498 1969 1539 δι
1985 1509 2065 1541 nox
2079 1510 2157 1538 no·

1159 1564 1211 1606 &i
1227 1562 1435 1606 scientiam
1451 1561 1751 1610 moirencum
1766 1570 1986 1616 perperam
2004 1567 2160 1611 pauco-

1162 1637 1253 1666 rum
1268 1622 1363 1664 dieti
1378 1620 1548 1665 Ordinis
1565 1619 1786 1677 Fratrum(
1801 1616 1913 1677 quod
1928 1615 2028 1659 abfit
2046 1617 2068 1674 )
2095 1616 2158 1656 in·

1163 1681 1309 1732 scitia,
1337 1684 1446 1726 recta
1461 1681 1640 1737 ipsarum
1673 1679 2005 1725 declarationum
2030 1674 2158 1718 verba

1167 1752 1420 1785 convertens
1433 1743 1475 1784 in
1487 1741 1677 1791 devium,
1690 1739 1847 1797 illaque
1863 1735 1944 1779 suis
1957 1735 2043 1793 (eis
2059 1746 2160 1790 pro-

1168 1799 1527 1856 seflocontraria)
1558 1799 1839 1842 accomodans
1857 1795 2069 1844 sensibus,
2097 1792 2163 1833 itt-¹

1166 1871 1285 1915 grata
1303 1863 1391 1903 Deo
1403 1887 1418 1910 ‚
1448 1857 1739 1914 Superioribus
1768 1866 1992 1901 contumax
2012 1881 2029 1904 ,
2058 1861 2162 1917 praef

1167 1919 1257 1961 sato
1290 1919 1439 1962 Ordini
1466 1918 1726 1969 detrahens,
1757 1913 1901 1960 odiosa
1918 1909 2162 1955 Confi-atri-

1166 1977 1238 2014 δῦ*
1270 2001 1287 2022 ο
1310 1980 1508 2019 unionem
1540 1975 1727 2021 scindens
1769 2004 1785 2028 ‚
1833 1976 1859 2018 fi
1903 1973 2044 2015 valeat
2072 1997 2088 2020 ,
2115 1981 2163 2012 ae

1167 2041 1298 2083 grave
1358 2031 1401 2071 in
1418 2034 1421 2036 ’
1451 2031 1631 2085 populos
1690 2033 1920 2074 scandalum
1969 2028 2167 2071 credatur

1167 2087 1342 2127 allatura
1377 2100 1394 2137 3
1433 2088 1527 2140 quin
1582 2088 1719 2142 potius
1753 2088 1833 2144 (ut
1861 2086 1994 2128 nostra
2030 2085 2161 2127 velie·

1165 2152 1325 2181 menter
1340 2143 1500 2192 flagitat
1522 2145 1698 2184 intentio
1728 2146 1752 2198 )
1776 2145 1993 2195 antedifikis
2024 2143 2163 2199 profu-

1163 2196 1269 2252 gatis
1298 2195 1574 2238 incommodis
1591 2224 1606 2247 ,
1640 2198 1724 2239 haec
1740 2203 1886 2240 saneta
1915 2196 2164 2245 Minerua„

1164 2259 1354 2299 Fratrum
1384 2254 1554 2310 Religio
1581 2284 1598 2306 ,
1625 2255 1678 2297 ad
1709 2269 1829 2310 quam
1855 2255 1939 2312 jam
1968 2256 2162 2302 dudum'..

1163 2314 1282 2372 (cum
1295 2314 1499 2357 minorum
1514 2317 1602 2356 Nos
1617 2313 1766 2368 gradus
1782 2314 2162 2364 habereudileetio-

1166 2376 1224 2418 nis
1238 2376 1275 2417 δι
1293 2372 1529 2417 devotionis
1547 2371 1685 2415 fervor
1702 2372 1942 2425 incanduit;
1968 2372 2077 2416 nunc
2089 2387 2163 2421 sve-j

1169 2436 1218 2478 ro
1235 2432 1323 2490 post
1337 2431 1564 2488 susceptum
1581 2434 1603 2475 ὲ
1624 2431 1756 2473 Nobis
1773 2431 2014 2487 Apostolicae
2030 2432 2159 2476 sei-vl-

1167 2493 1267 2536 tutis
1297 2491 1436 2546 iugum
1451 2517 1466 2537 ‚
1499 2489 1551 2532 ad
1570 2488 1680 2532 illius
1699 2489 1927 2545 Religionis
1958 2491 2160 2544 guberna-

1167 2552 1329 2596 tionem
1347 2578 1362 2602 ,
1401 2548 1700 2605 protectionem
1716 2579 1731 2601 ,
1756 2547 2157 2609 defensionemqug,

1167 2611 1340 2655 interius
1353 2635 1368 2658 a
1400 2604 1658 2664 exteriusque
1684 2609 1906 2664 propitiam
1941 2608 2149 2663 pastoralis

1166 2685 1272 2715 curae
1298 2666 1539 2712 sollicitudo
1558 2671 1647 2711 Nos
1663 2671 1777 2724 angit
1794 2696 1809 2721 ‚
1842 2679 2019 2724 patern-
2041 2671 2155 2724 cogit

1164 2728 1433 2788 proridentiae
1450 2727 1662 2779 debitum,
1693 2742 1742 2771 ac
1767 2728 1935 2773 intetnae
1973 2730 2155 2772 charita·

1166 2792 1218 2836 tis
1247 2788 1361 2835 zelus
1387 2786 1579 2833 accendit
1605 2786 1629 2844 )
1657 2788 1795 2840 quieta
1820 2801 1922 2843 pace
1944 2789 2146 2842 gaudeat,

1167 2849 1304 2895 saneto
1330 2846 1619 2908 proficiatotio
1633 2873 1646 2894 ,
1679 2847 1720 2888 in
1735 2859 1908 2889 numero
1929 2860 1979 2889 ac
1998 2850 2152 2892 mei-ito

1166 2908 1508 2967 quamplurimum
1544 2914 1767 2959 augeatur,
1800 2903 2036 2963 blandeque
2077 2909 2149 2949 iri-v

1167 2969 1434 3015 redeuntium
1457 2964 1633 3008 filiorum
1658 2964 1733 3005 suae
1750 2963 1905 3007 {cilicet
1931 2965 2147 3021 proseslio·

1170 3030 1230 3073 nis
1245 3037 1338 3072 ruat
1354 3029 1392 3068 in
1403 3023 1709 3076 oscula,ma61et
1730 3023 2148 3079 vitulum,eorumque

1168 3089 1297 3132 libens
1311 3088 1353 3131 δι.
1365 3082 1503 3128 sedula
1518 3091 1687 3126 corruat
1703 3082 1741 3125 in
1755 3082 1982 3138 amplexus.
2003 3082 2147 3126 Profe·

1166 3149 1235 3191 ἂὸ
1257 3160 1352 3190 cum
1371 3143 1487 3199 ipfius
1502 3141 1734 3197 Religionis
1749 3142 1855 3185 odor
1870 3143 2009 3197 trabat
2022 3172 2037 3195 ,
2049 3142 2148 3184 cha-

1165 3207 1264 3251 ritas
1286 3203 1465 3249 attrahat
1480 3231 1496 3255 ,
1509 3200 1674 3244 scientia
1690 3201 1847 3245 lucidet
1866 3228 1880 3252 ,
1905 3203 2042 3243 oratio
2059 3215 2144 3243 me·

1165 3274 1306 3310 reatui·
1317 3295 1334 3318 ,
1347 3276 1435 3322 qua
1447 3261 1489 3304 in
1502 3260 1693 3304 convalle
1709 3260 2011 3309 lachrimarum,
2026 3261 2139 3315 liujus

1166 3325 1327 3370 scilicet
1345 3321 1486 3366 mundi
1501 3321 1685 3372 miseria,
1718 3321 1784 3361 vel
1813 3317 1953 3362 cordis
1980 3321 2140 3363 contri-

1168 3385 1283 3430 tione
1299 3414 1316 3437 ,
1345 3386 1387 3428 δι
1408 3379 1694 3429 humiliatione
1709 3377 1926 3435 pmfflima,
1938 3376 2137 3420 ai‘cenfio-

1167 3458 1239 3488 nes
1251 3445 1292 3487 in
1306 3441 1436 3488 corde
1451 3438 1520 3484 suo
1533 3438 1739 3494 disponit,
1755 3448 1800 3479 ut
1816 3451 1899 3480 non
1925 3435 2055 3484 solum
2084 3438 2137 3485 de

1170 3505 1327 3549 virtute
1350 3505 1389 3546 in
1402 3501 1596 3543 virtutem
1611 3495 1795 3553 proficiat
1806 3524 1822 3546 ,
1852 3495 1971 3541 sedin
1986 3496 2136 3540 eisdem

1170 3563 1392 3608 virtutibus
1409 3571 1659 3613 permanens,
1678 3558 1783 3614 quafi
1799 3555 2032 3612 quibusdam
2053 3556 2135 3598 ala-

1167 3636 1262 3665 rum
1291 3622 1343 3664 ad
1372 3616 1663 3677 persestionem
1701 3615 1964 3659 tendentibus
1995 3614 2129 3670 gradi-

1158 3682 1231 3724 bus
1242 3681 1294 3723 de
1308 3679 1375 3724 die
1394 3681 1436 3722 in
1449 3675 1557 3719 diem
1573 3674 1674 3719 faeta
1689 3675 1726 3719 se
1741 3676 1882 3719 melior
1892 3674 2078 3717 ascendat
2092 3672 2132 3710 in

1161 3739 1279 3784 altius
1294 3766 1309 3791 ,
1343 3748 1501 3785 terrena
1515 3735 1708 3793 despiciat
1724 3761 1740 3786 ‚
1773 3749 1818 3777 ac
1833 3734 2012 3776 coelestia
2022 3740 2130 3828 ¹com·

1993 3803 2019 3844 P
2037 3801 2077 3828 θ’
