2444 4192
338 180 449 263 66

278 334 445 378 versitas
475 335 515 379 in
536 337 819 395 praedictorum
845 337 1133 384 observatione
1156 344 1255 385 Fra—

276 408 383 438 trum
423 397 577 440 animos
599 402 894 455 perturbaret,
929 401 967 441 &
996 411 1040 442 ut
1067 401 1254 457 plenius,

278 454 451 506 claritis,
478 458 520 499 &
549 458 700 501 certius
713 472 855 502 corum
881 460 998 501 flatui
1020 488 1035 512 ‚
1059 463 1100 502 δι
1121 463 1261 504 obscr-

283 515 429 558 vantiae
446 516 642 572 pradiflae
668 518 842 574 Regulae
854 519 1088 562 consulatur
1112 520 1152 562 in
1167 534 1257 561 om-

277 576 393 616 nibus
433 577 471 619 &
488 575 652 632 lingulis
678 578 860 620 articulis
879 577 990 629 illis,
1020 591 1119 634 quos
1146 581 1256 620 Con·-

278 634 433 676 stitutio
444 635 524 691 ipsa
541 636 728 678 continet
745 665 759 688 ,
773 650 1017 691 quamquam
1030 636 1099 692 ipfi
1116 636 1178 679 vel
1191 651 1256 680 eo-

278 707 369 736 rum
385 693 509 751 aliqui
523 692 863 736 contineanturin
876 695 966 735 aliis
979 694 1133 737 litteris
1145 696 1254 752 Apo·

278 750 426 795 stolicis
447 751 681 807 supradietis
696 781 711 803 ,
740 753 843 793 hanc
860 752 1037 794 nostram
1058 755 1254 796 constitu·-

277 812 433 854 tionem
447 839 461 859 ,
490 809 814 853 declarationem
828 837 843 860 ,
868 809 937 854 seu
949 813 1251 855 ordinationem

274 871 432 913 tantum
462 868 484 910 a
515 867 719 910 Fratribus
746 868 836 925 ipfis
851 869 1023 923 praecise
1048 886 1095 912 ac
1119 872 1252 913 invio-

274 930 460 972 labiliter
480 926 739 969 decernimus
764 929 973 984 perpetuis
1001 930 1252 985 temporibus

275 984 566 1029 observandam
579 1011 595 1033 ,

388 1047 498 1086 Cum
531 1044 655 1097 igitur
683 1057 734 1086 ex
748 1044 975 1100 praediffis,
1000 1046 1042 1087 &
1064 1043 1153 1087 aliis
1180 1059 1253 1100 per

274 1108 361 1146 Nos
375 1116 468 1144 cum
483 1102 613 1144 multa
624 1105 860 1146 maturitate
874 1103 1050 1146 discuffis
1062 1133 1080 1155 ,
1095 1104 1255 1159 Regula

270 1162 352 1219 ipsa
379 1162 521 1208 licita,
550 1159 708 1213 saneta,
739 1164 943 1217 perfecta,
966 1161 1256 1204 &observabi-

275 1224 323 1265 lis
335 1248 349 1269 ,
380 1234 452 1262 nec
467 1218 541 1261 ulli
558 1229 702 1275 patens
715 1220 930 1265 discrimini
955 1221 1174 1264 evidenter
1188 1235 1258 1278 ap-

272 1289 411 1337 pareat
423 1308 440 1329 ,
469 1278 540 1320 illa
556 1281 595 1320 &
609 1280 744 1323 omnia
775 1278 890 1337 supra
907 1280 1052 1335 scripta
1080 1293 1155 1335 per
1171 1284 1259 1327 Nos

276 1341 421 1381 statuta
436 1365 452 1389 ‚
476 1338 696 1390 ordinata,
720 1337 906 1383 conccffa
922 1368 936 1391 ‚
962 1339 1128 1383 decreta
1143 1368 1158 1392 ‚
1185 1339 1262 1382 de-

273 1398 430 1441 clarata
446 1396 568 1438 etiam
584 1400 621 1440 &
636 1397 817 1456 suppleta
830 1427 847 1448 s
860 1398 913 1442 de
928 1399 1171 1455 Apostolicae
1185 1413 1259 1454 po-

276 1457 429 1500 testatis
458 1455 715 1512 plenitudine
730 1458 1021 1515 approbamus,
1043 1457 1260 1504 confirma-

275 1530 365 1559 mur
379 1545 393 1568 ,
416 1516 456 1557 δι
471 1516 661 1562 volumus
673 1519 843 1563 existere
859 1528 1067 1574 perpetuae
1090 1517 1258 1562 firmita-

275 1577 355 1618 tis:
382 1576 424 1617 in
455 1574 607 1621 virtute
644 1577 885 1622 obedientiae
915 1576 1092 1622 districte
1125 1578 1261 1636 praeci·

274 1636 434 1691 pientes
449 1659 464 1681 s
491 1637 604 1693 quod
619 1638 699 1681 haec
718 1637 973 1682 Constituiio
986 1665 1002 1688 s
1017 1637 1115 1682 ficut
1142 1648 1263 1682 caete·

273 1708 329 1737 1·ae
342 1691 675 1750 constitutiones,
690 1697 754 1740 vel
769 1697 997 1742 decretales
1012 1697 1264 1752 epistolae‚1e-

279 1762 403 1809 gatur
426 1753 467 1795 in
496 1754 672 1800 scholis.
700 1759 755 1801 Et
782 1759 876 1814 quia
903 1757 972 1800 sub
984 1758 1126 1802 colore
1142 1756 1266 1809 liciti,

273 1810 464 1879 nonnulli
478 1826 626 1858 contra
651 1819 816 1861 fratres
832 1815 937 1874 ipsos
950 1847 967 1870 ,
987 1816 1263 1874 &Regulam,

279 1885 322 1913 in
348 1871 522 1927 legendo
550 1905 567 1926 ,
590 1876 838 1932 exponendo
863 1904 879 1928 ,
902 1887 1027 1933 atque
1046 1873 1259 1933 gloffando

274 1926 430 1987 poffent
443 1930 579 1974 dirum
606 1936 717 1977 virus
733 1935 805 1977 suoe
827 1934 1051 1990 iniquitatis
1076 1934 1239 1977 effunde

273 2001 320 2031 re
333 2016 348 2039 ,
360 2000 406 2030 ac
420 1990 537 2044 ipfius
551 1993 852 2036 constitutionis
865 1994 1117 2038 intellectum
1130 1994 1256 2050 ipsum

272 2049 315 2090 in
342 2045 519 2092 diversas
535 2078 550 2102 ,
573 2052 614 2094 δι
637 2051 826 2095 adversas
853 2051 1074 2096 sententias
1101 2052 1284 2111 produ-⁶

271 2116 416 2149 centes
432 2108 536 2156 ,suis
558 2109 918 2151 adinventionibus
942 2111 1192 2164 depravare:
1221 2109 1262 2147 &

270 2163 508 2218 opinionum
536 2164 748 2209 diversitas
767 2193 783 2218 ‚
808 2180 856 2208 ac
874 2165 1058 2210 distorlio
1092 2164 1260 2209 intelle-

271 2219 358 2263 ἂὺε
372 2250 386 2272 ,
414 2220 642 2290 multorum
659 2226 747 2280 pios
763 2227 919 2268 animos
935 2223 1063 2281 poffet
1075 2224 1262 2267 involve-

272 2280 1264 2391 'ssi3223?ss³:533}th&22:3235323

276 2395 521 2455 pervcrfitas
536 2399 651 2454 cogit
669 2403 759 2442 Noa
774 2400 880 2442 viam
903 2401 995 2455 iplis
1009 2399 1061 2442 ad
1076 2398 1263 2456 predicta

277 2454 531 2513 praecludere
546 2484 560 2507 ‚
581 2458 619 2499 δι
633 2467 795 2502 certum
821 2458 1071 2514 procedendi
1093 2456 1264 2501 modum

280 2517 382 2558 banc
409 2513 740 2562 constitutionem
766 2518 1001 2573 legentibus
1039 2515 1240 2574 praefinire
1256 2547 1268 2560 .

398 2574 544 2629 ltaque
570 2573 638 2619 sub
661 2590 779 2631 poena
806 2577 1241 2621 excommunicationis
1255 2606 1272 2630 ,

280 2635 320 2702 &t
330 2633 571 2700 privationis
585 2634 708 2680 officii
724 2651 770 2680 ac
783 2632 975 2706 beneficii
986 2635 1163 2706 districte
1176 2651 1274 2692 prae·

282 2703 647 2808 5223‘2232‘12223‘5
652 2694 1061 2813 {5:20332133322’5
1065 2709 1133 2799 ‘1²12'
1140 2694 1271 2801 5551?

285 2823 348 2855 ter
370 2821 601 2875 exponatur
629 2812 681 2855 ad
700 2814 916 2859 litteram:
941 2815 1243 2859 concordantiae
1260 2845 1275 2870 ,

288 2880 598 2914 contrarietates
620 2901 635 2924 ‚
675 2874 740 2918 seu
762 2872 930 2918 diverse
952 2904 966 2927 ‚
995 2874 1060 2918 vel
1102 2875 1276 2922 adversae

290 2931 503 2988 opiniones
527 2931 548 2971 a
583 2933 852 2987 tectoribus,
886 2933 951 2977 seu
969 2935 1274 2992 Expositoribus

292 2989 523 3033 nullatenus
561 2989 833 3037 inducantur.
866 2998 998 3050 Super
1029 2993 1109 3050 ipsa
1126 2997 1273 3041 consti-

292 3048 452 3092 tutione
468 3046 602 3106 gloll'ae
617 3065 697 3096 non
715 3052 829 3107 liant,
842 3052 914 3097 nili
931 3052 1161 3111 forsan,pcr
1173 3070 1272 3113 quas

293 3108 464 3152 verbum
478 3137 491 3161 ,
514 3109 577 3152 vel
595 3112 711 3155 verbi
727 3110 859 3158 sensus
875 3140 890 3162 ,
916 3113 984 3158 seu
1006 3114 1251 3160 constructio
1262 3147 1280 3171 ,

294 3168 359 3212 rel
389 3169 470 3236 ipsa
495 3168 742 3215 constructio
781 3171 890 3231 quali
912 3174 1278 3275 frammaticaliter

293 3226 343 3270 ad
375 3227 583 3283 litteram,
602 3229 668 3274 vel
686 3231 909 3290 intelligibi
933 3233 990 3277 itia
1020 3246 1276 3290 exponatur:

295 3290 386 3331 Ncc
414 3288 648 3334 intellectus
676 3291 790 3347 ipsius
845 3309 890 3338 er
905 3292 1108 3350 legentem
1124 3294 1276 3352 depra-

294 3356 414 3390 vetur
430 3349 468 3415 in
486 3349 648 3407 aliquo,
676 3350 741 3395 scu
764 3307 1066 3410 diriorqueatur
1088 3354 1139 3398 ad
1162 3355 1276 3401 aliud

292 3411 413 3461 quarn
429 3408 570 3452 littera
589 3407 669 3466 ipsa
684 3407 824 3455 sonat.
857 3413 926 3464 Et,
947 3429 999 3458 nc
1019 3412 1278 3460 secundum„

292 3465 474 3520 predicta
486 3479 631 3513 contra
640 3469 891 3515 detractores
908 3469 1270 3534 hujusmodi'opor·

291 3532 376 3591 teat
406 3525 573 3590 ulterius
612 3529 825 3581 laborare,
846 3530 1040 3577 unirerlia
1075 3547 1120 3576 ac
1142 3534 1270 3592 lingu-

290 3581 340 3625 lis
355 3583 627 3654 cuiuscunque
641 3590 946 3646 praeemincntioe
962 3621 977 3646 ‚
995 3591 1246 3637 conditionis
1261 3623 1277 3648 ,

290 3650 358 3685 aut
377 3642 493 3710 statur
517 3674 531 3695 ,
557 3646 736 3693 districte
762 3651 1037 3708 precipimur,
1064 3665 1116 3695 ne
1129 3662 1273 3696 contra

286 3699 517 3766 predictam
537 3704 795 3762 Regulum&
812 3711 952 3755 natum
971 3713 1160 3757 Fratrum
1174 3726 1274 3770 proe·

285 3759 487 3804 dictorum
501 3788 515 3814 ,
543 3760 610 3806 scu
626 3778 767 3810 contra
788 3770 976 3824 premiss'a
998 3784 1071 3827 per
1085 3773 1176 3815 Nor
1195 3773 1270 3817 sta·

285 3828 377 3865 tuta
407 3846 423 3871 ,
453 3819 639 3867 ordinata
666 3850 681 3874 ,
707 3829 921 3883 conccffa,
952 3830 1167 3888 disposita,
1193 3832 1271 3876 de-

912 178 1072 266 Sub
1135 175 1463 265 Nicolao
1527 176 1567 264 I
1585 177 1631 263 I
1648 177 1702 265 Ι.

1314 351 1457 394 creta,
1486 339 1721 389 declarata,
1746 333 1949 391 suppleta,
1980 331 2201 389 approbata
2217 357 2230 380 ‚
2256 329 2297 370 &

1314 403 1434 444 etiam
1457 399 1724 449 confirmata,
1750 395 2066 450 dogmatizent,
2095 390 2298 436 scribant,

1318 461 1597 504 determinent
1610 489 1626 510 ,
1649 457 1867 514 pra-dicent
1881 482 1895 504 ,
1908 452 1972 493 seu
1983 453 2106 508 prave
2123 451 2298 505 loquan-

1318 531 1386 562 tur
1409 519 1573 574 publici
1600 519 1666 561 vel
1692 514 1885 559 occulte.
1917 515 1997 553 Sed
2021 510 2155 566 siquid
2172 519 2295 564 penes

1316 579 1495 635 aliquem
1520 580 1561 621 in
1587 578 1648 621 his
1677 571 1950 629 ambiguitatis
1977 568 2217 616 emerserit,
2248 564 2299 608 ad

1314 639 1479 680 culmen
1501 638 1695 694 pradictae
1721 634 1836 677 Sedis
1849 628 2088 685 Apostolicae
2115 627 2297 669 deduca-

1315 709 1411 748 tur,
1425 708 1469 740 ut
1483 711 1531 740 ex
1544 695 1786 738 auctoritate
1803 690 2042 746 Apostolica
2065 688 2129 730 sua
2156 687 2196 727 in
2212 686 2291 726 hoc

1316 754 1590 798 manifestetur
1604 754 1811 803 intenti03
1837 750 1902 791 cui
1916 747 2043 790 solum
2055 742 2293 788 concessum

1313 814 1368 855 est
1381 814 1422 857 in
1436 816 1499 856 his
1514 814 1664 856 statuta
1683 811 1865 854 condere
1878 836 1893 860 ,
1922 807 1960 848 &
1975 806 2084 847 edita
2108 803 2296 846 declara-

1314 886 1358 914 re
1375 900 1387 912 .

1428 927 1659 974 Gloffantes
1674 929 1831 972 veroin
1849 924 2008 981 scriptis
2034 919 2299 966 constitutio·

1312 1003 1406 1032 nem
1421 989 1545 1044 iplam
1558 990 1678 1032 aliter
1691 991 1814 1045 quam
1830 1001 1882 1029 eo
1899 984 2025 1026 modo
2040 1012 2055 1034 ,
2083 993 2202 1037 quem
2234 977 2298 1019 di-

1315 1049 1476 1090 ximus:
1504 1049 1704 1088 Doctores
1731 1043 2003 1098 veroinsuper
2039 1043 2079 1083 δι
2102 1040 2295 1089 lectores,

1315 1107 1414 1148 dum
1426 1105 1577 1146 docent
1602 1105 1643 1144 in
1660 1102 1857 1156 publico,
1881 1113 1935 1140 ex
1955 1111 2070 1141 certa
2095 1098 2260 1139 scientia
2278 1122 2297 1146 ,

1318 1167 1355 1207 &
1372 1161 1603 1206 deliberate
1626 1160 1877 1203 intellectum
1899 1155 2204 1201 constitutionis
2228 1155 2305 1197 bu-

1319 1222 1486 1281 iusmodi
1500 1221 1770 1277 depravantes
1783 1245 1797 1267 ,
1808 1215 2005 1261 facientes
2019 1227 2181 1271 quoquc
2189 1225 2304 1256 com,-

1321 1292 1504 1327 mcntum
1538 1310 1554 1332 ,
1584 1277 1803 1336 scripturas
1834 1276 1900 1320 seu
1933 1275 2100 1319 libellos
2133 1301 2151 1327 ,
2173 1286 2220 1315 ac
2250 1283 2304 1314 ex

1320 1352 1434 1386 certa
1449 1340 1612 1384 scientia
1626 1369 1642 1391 ,
1669 1340 1706 1383 &
1723 1335 1952 1381 deliberate
1983 1333 2304 1378 determinantes

1320 1403 1359 1445 in
1394 1400 1571 1452 scholis,
1598 1396 1664 1443 seu
1693 1396 1956 1456 praedicantes
1984 1405 2132 1438 contra
2159 1390 2307 1447 praedi-

1319 1465 1380 1503 cta
1396 1489 1410 1512 ,
1434 1460 1502 1504 vel
1528 1460 1690 1516 aliqua,
1721 1456 1789 1500 seu
1815 1455 1978 1511 aliquod
1998 1453 2306 1510 prandiam-um,

1322 1534 1404 1564 non
1430 1518 1686 1563 obstantibus
1712 1516 1913 1573 aliquibus
1947 1511 2173 1572 privilegiis
2191 1539 2208 1562 ,
2236 1507 2307 1553 vel

1323 1580 1592 1635 indulgentiis
1607 1608 1624 1629 ,
1647 1586 1718 1621 aut
1733 1574 1882 1619 litteris
1911 1570 2190 1630 Apostolicis(
2217 1568 2309 1623 qui-

1321 1638 1558 1696 buscunque
1584 1636 1852 1695 dignitatibus
1878 1659 1894 1683 ‚
1923 1631 2099 1689 personis
2114 1626 2311 1681 ‚Ordini-

1327 1700 1431 1750 bus,
1456 1708 1530 1741 aut
1570 1697 1672 1741 locis
1701 1691 1920 1749 Religiofis
1961 1691 2024 1735 vel
2053 1687 2309 1734 secularibus

1326 1757 1600 1815 generaliter,
1628 1755 1693 1799 vel
1709 1752 1998 1809 fingulariter,
2026 1750 2098 1793 sub
2111 1760 2313 1804 quacum·

1324 1834 1404 1877 que
1436 1814 1565 1862 forma
1598 1811 1933 1870 velexpressione
1965 1810 2180 1853 verborum
2206 1819 2314 1848 con-

1322 1877 1436 1923 ceffis
1450 1908 1465 1930 ,
1493 1890 1580 1934 quae
1601 1873 1792 1918 nolumus
1816 1870 2022 1928 aliquibus
2051 1870 2088 1912 in
2106 1863 2308 1934 praemissis

1317 1936 1632 1997 quomodolibet
1646 1928 2313 1989 suffragari)excommunicationis

1318 1999 1666 2050 sententiae,quam
1679 1994 1839 2036 nuncin
1854 1988 1960 2045 ipsos
1975 1986 2224 2052 proferimus
2241 2010 2256 2034 ,
2271 1979 2313 2050 sc

1320 2057 1514 2099 noverint
1529 2051 1736 2104 subjacere
1749 2063 1765 2100 3
1779 2050 1800 2090 a
1812 2060 1892 2103 qua
1912 2059 1989 2101 per
2003 2056 2204 2087 neminem
2219 2069 2235 2094 ,
2248 2054 2312 2084 nt-

1323 2110 1350 2155 fi
1366 2125 1435 2166 per
1452 2112 1681 2152 Romanum
1698 2104 1963 2152 Pontificem,
1971 2102 2114 2161 poffint
2129 2099 2286 2145 absolvi
2298 2127 2315 2142 .

1324 2171 1495 2224 Insuper
1511 2179 1595 2210 tam
1622 2165 1887 2218 istos,contra
1912 2177 2017 2218 quos
2057 2177 2131 2219 per
2157 2174 2230 2205 nos
2242 2171 2316 2203 eit-

1329 2223 1715 2267 communicationis
1742 2222 1798 2263 est
1817 2222 1918 2269 xlata
1932 2221 2160 2271 sententia,
2184 2223 2316 2275 quim

1326 2282 1448 2327 alios(
1456 2280 1480 2324 fi
1497 2281 1564 2338 qui
1582 2278 1905 2337 fuerint)contra
1920 2276 2111 2332 praemifsa
2133 2278 2198 2321 vel
2213 2273 2315 2318 eorfi

1326 2340 1492 2399 aliquod
1510 2340 1748 2389 venientes,
1771 2338 1823 2382 ad
1849 2337 1966 2383 Sedis
1992 2347 2224 2379 memoratae
2238 2348 2317 2377 vo-

1327 2402 1462 2446 lumus
1475 2400 1621 2443 deduci
1632 2399 2013 2455 notitiam,ut‚quos
2028 2395 2214 2453 provisus
2230 2407 2317 2437 rno-

1327 2461 1404 2504 dus
1430 2460 1630 2516 requitatis
1662 2471 1743 2501 non
1765 2467 1878 2501 arcet
1903 2460 1926 2503 i
1949 2456 2118 2509 vetitis,
2145 2467 2317 2511 compe-

1330 2519 1413 2565 scat
1442 2518 1555 2576 rigor
1582 2517 1823 2574 Apostolicae
1851 2517 2044 2562 ultionis.
2072 2515 2191 2560 Nulli
2215 2528 2318 2572 ergo

1331 2579 1501 2626 omnino
1516 2578 1723 2621 bominum
1739 2577 1862 2621 liceat
1891 2578 1994 2620 hanc
2009 2575 2199 2632 paginam
2242 2588 2318 2619 no-

1333 2641 1417 2685 stre
1455 2636 1746 2682 declarationis
1772 2663 1788 2687 ,
1813 2634 2118 2685 ordinationis,
2147 2630 2319 2678 conces-

1332 2695 1766 2755 fionis,dispofitionis
1787 2722 1802 2747 ‚
1829 2694 2096 2752 suppletionis
2124 2722 2141 2746 ,
2169 2706 2319 2750 appro-

1334 2758 1539 2810 bationis,
1563 2754 1916 2806 confirmationis,
1944 2754 1986 2798 δι
2011 2750 2318 2797 constitutionis

1333 2818 1585 2877 infringere,
1613 2815 1676 2861 vel
1692 2815 1732 2858 ei
1744 2813 1840 2860 ausu
1856 2812 2075 2859 temerario
2085 2812 2317 2856 contraire.

1336 2881 1377 2924 Si
1389 2881 1478 2939 quis
1490 2887 1624 2923 autern
1637 2879 1716 2921 hoc
1731 2884 1938 2920 attentare
1950 2870 2320 2931 presumpseritdn-

1335 2938 1616 3001 dignationem
1630 2934 1978 2993 ommnipotenti·
1995 2932 2141 2982 Dci,ac
2167 2933 2318 2975 Beato-

1336 3016 1426 3047 rum
1440 2999 1584 3053 Petri,
1606 3000 1646 3042 δι
1661 2995 1780 3041 Pauli
1810 2993 2101 3054 Apostolorum
2127 2989 2215 3049 ejus
2235 3015 2251 3040 ,
2277 2990 2317 3033 se

1333 3060 1499 3108 noverit
1524 3057 1808 3103 incursurum.
2185 3092 2189 3097 .

1459 3123 1610 3164 Datum
1644 3115 1802 3163 Suriani
1830 3127 1984 3160 xviri.
2013 3108 2191 3159 Kalend.
2217 3111 2318 3166 Sep-

1338 3180 1507 3228 tembris
1534 3173 1804 3224 Pontificatiis
1833 3173 1957 3220 nostri
1969 3175 2094 3217 Anno
2110 3168 2319 3216 secundm·

1395 3306 1443 3348 ln
1455 3308 1612 3356 corpore
1616 3298 1727 3356 J'emr
1744 3292 2036 3340 Canonicitm.
2053 3292 2095 3333 6.
2124 3291 2319 3333 Decreta.

1452 3362 1554 3405 uum
1567 3358 1650 3409 &⁹8-
1664 3354 1738 3403 ub.
1758 3356 1797 3402 V-
1810 3354 1878 3401 81’8.
1895 3365 1942 3398 ιι
1955 3351 2022 3397 ide
2040 3348 2149 3394 verb.
2179 3351 2317 3407 Signi-

1454 3419 1530 3478 βε.
1546 3433 1580 3465 e.
1594 3432 1635 3477 3.

2101 3887 2186 3933 MA
2195 3889 2252 3932 R·
