<?xml version="1.0" encoding="UTF-8"?>
<!DOCTYPE html PUBLIC "-//W3C//DTD XHTML 1.0 Transitional//EN"
    "http://www.w3.org/TR/xhtml1/DTD/xhtml1-transitional.dtd">
<html xmlns="http://www.w3.org/1999/xhtml" xml:lang="en" lang="en">
 <head>
  <title>
</title>
<meta http-equiv="Content-Type" content="text/html;charset=utf-8" />
  <meta name='ocr-system' content='tesseract 3.04.00' />
  <meta name='ocr-capabilities' content='ocr_page ocr_carea ocr_par ocr_line ocrx_word'/>
</head>
<body>
  <div class='ocr_page' id='page_1' title='image "./bullariumordinis06cath_0531.png"; bbox 0 0 2444 4192; ppageno 0'>
   <div class='ocr_carea' id='block_1_1' title="bbox 730 139 1683 230">
    <p class='ocr_par' dir='ltr' id='par_1_1' title="bbox 730 139 1683 230">
     <span class='ocr_line' id='line_1_1' title="bbox 730 139 1683 230; baseline 0.002 -2"><span class='ocrx_word' id='word_1_1' title='bbox 730 139 889 228; x_wconf 80' lang='lat' dir='ltr'>Sub</span> <span class='ocrx_word' id='word_1_2' title='bbox 955 143 1354 228; x_wconf 58' lang='lat' dir='ltr'>Benedt&#39;flo</span> <span class='ocrx_word' id='word_1_3' title='bbox 1415 143 1560 228; x_wconf 84' lang='lat' dir='ltr'>XI</span> <span class='ocrx_word' id='word_1_4' title='bbox 1583 143 1683 230; x_wconf 85' lang='lat' dir='ltr'>V.</span> 
     </span>
    </p>
   </div>
   <div class='ocr_carea' id='block_1_2' title="bbox 220 292 1197 517">
    <p class='ocr_par' dir='ltr' id='par_1_2' title="bbox 220 292 1197 517">
     <span class='ocr_line' id='line_1_2' title="bbox 239 292 1195 348; baseline -0.001 -9"><span class='ocrx_word' id='word_1_5' title='bbox 239 295 434 339; x_wconf 82' lang='lat' dir='ltr'>lazarium</span> <span class='ocrx_word' id='word_1_6' title='bbox 453 292 794 348; x_wconf 79' lang='lat' dir='ltr'>antiquilnsiituti</span> <span class='ocrx_word' id='word_1_7' title='bbox 810 295 1010 337; x_wconf 83' lang='lat' dir='ltr'>cultorem</span> <span class='ocrx_word' id='word_1_8' title='bbox 1033 310 1078 337; x_wconf 87' lang='lat' dir='ltr'>ae</span> <span class='ocrx_word' id='word_1_9' title='bbox 1106 297 1195 339; x_wconf 76' lang='lat' dir='ltr'>vin-</span> 
     </span>
     <span class='ocr_line' id='line_1_3' title="bbox 222 350 1193 405; baseline -0.002 -8"><span class='ocrx_word' id='word_1_10' title='bbox 222 357 374 400; x_wconf 84' lang='lat' dir='ltr'>·dicem</span> <span class='ocrx_word' id='word_1_11' title='bbox 389 382 404 403; x_wconf 90' lang='lat'><strong>,</strong></span> <span class='ocrx_word' id='word_1_12' title='bbox 427 353 477 394; x_wconf 81' lang='lat' dir='ltr'>ad</span> <span class='ocrx_word' id='word_1_13' title='bbox 495 354 536 394; x_wconf 89' lang='lat' dir='ltr'>id</span> <span class='ocrx_word' id='word_1_14' title='bbox 554 353 728 396; x_wconf 86' lang='lat' dir='ltr'>muneris</span> <span class='ocrx_word' id='word_1_15' title='bbox 755 350 1041 405; x_wconf 84' lang='lat' dir='ltr'>suscipiendum</span> <span class='ocrx_word' id='word_1_16' title='bbox 1055 353 1193 395; x_wconf 82' lang='lat' dir='ltr'>suade-</span> 
     </span>
     <span class='ocr_line' id='line_1_4' title="bbox 220 409 1197 468; baseline -0.003 -12"><span class='ocrx_word' id='word_1_17' title='bbox 220 423 320 463; x_wconf 69' lang='lat' dir='ltr'>Jet.</span> <span class='ocrx_word' id='word_1_18' title='bbox 339 411 398 462; x_wconf 65' lang='lat' dir='ltr'>ea</span> <span class='ocrx_word' id='word_1_19' title='bbox 413 426 456 454; x_wconf 88' lang='lat' dir='ltr'>re</span> <span class='ocrx_word' id='word_1_20' title='bbox 474 409 718 468; x_wconf 61' lang='lat' dir='ltr'>impetrata,</span> <span class='ocrx_word' id='word_1_21' title='bbox 748 419 870 464; x_wconf 85' lang='lat' dir='ltr'>quum</span> <span class='ocrx_word' id='word_1_22' title='bbox 889 411 1197 453; x_wconf 70' lang='lat' dir='ltr'>“tribulanum-a</span> 
     </span>
     <span class='ocr_line' id='line_1_5' title="bbox 236 464 1196 517; baseline -0.004 -5"><span class='ocrx_word' id='word_1_23' title='bbox 236 470 484 512; x_wconf 85' lang='lat' dir='ltr'>Coenobium</span> <span class='ocrx_word' id='word_1_24' title='bbox 508 472 550 512; x_wconf 84' lang='lat' dir='ltr'>in</span> <span class='ocrx_word' id='word_1_25' title='bbox 575 468 706 514; x_wconf 85' lang='lat' dir='ltr'>reditu</span> <span class='ocrx_word' id='word_1_26' title='bbox 725 464 904 510; x_wconf 64' lang='lat' dir='ltr'>vifitaffet</span> <span class='ocrx_word' id='word_1_27' title='bbox 921 494 936 517; x_wconf 88' lang='lat'>,</span> <span class='ocrx_word' id='word_1_28' title='bbox 959 468 1054 511; x_wconf 90' lang='lat' dir='ltr'>inde</span> <span class='ocrx_word' id='word_1_29' title='bbox 1070 469 1120 508; x_wconf 87' lang='lat' dir='ltr'>ad</span> <span class='ocrx_word' id='word_1_30' title='bbox 1137 473 1196 509; x_wconf 81' lang='lat' dir='ltr'>A·</span> 
     </span>
    </p>
   </div>
   <div class='ocr_carea' id='block_1_3' title="bbox 219 522 1206 586">
    <p class='ocr_par' dir='ltr' id='par_1_3' title="bbox 219 522 1206 586">
     <span class='ocr_line' id='line_1_6' title="bbox 219 522 1206 586; baseline -0.003 -18"><span class='ocrx_word' id='word_1_31' title='bbox 219 529 474 586; x_wconf 81' lang='lat' dir='ltr'>-quileriense</span> <span class='ocrx_word' id='word_1_32' title='bbox 503 529 542 570; x_wconf 90' lang='lat' dir='ltr'>se</span> <span class='ocrx_word' id='word_1_33' title='bbox 571 526 779 576; x_wconf 85' lang='lat' dir='ltr'>contulit,</span> <span class='ocrx_word' id='word_1_34' title='bbox 800 524 869 568; x_wconf 91' lang='lat' dir='ltr'>ubi</span> <span class='ocrx_word' id='word_1_35' title='bbox 896 522 1206 567; x_wconf 76' lang='lat' dir='ltr'>tethalimorbo&#39;</span> 
     </span>
    </p>
   </div>
   <div class='ocr_carea' id='block_1_4' title="bbox 227 582 1198 2038">
    <p class='ocr_par' dir='ltr' id='par_1_4' title="bbox 227 582 1198 1339">
     <span class='ocr_line' id='line_1_7' title="bbox 236 582 1198 642; baseline -0.008 -12"><span class='ocrx_word' id='word_1_36' title='bbox 236 597 450 642; x_wconf 84' lang='lat' dir='ltr'>correptus</span> <span class='ocrx_word' id='word_1_37' title='bbox 474 588 670 631; x_wconf 82' lang='lat' dir='ltr'>decubuit</span> <span class='ocrx_word' id='word_1_38' title='bbox 685 612 701 636; x_wconf 80' lang='lat'><strong>,</strong></span> <span class='ocrx_word' id='word_1_39' title='bbox 726 586 943 637; x_wconf 68' lang='lat' dir='ltr'>exactoque</span> <span class='ocrx_word' id='word_1_40' title='bbox 967 582 1072 624; x_wconf 88' lang='lat' dir='ltr'>inter</span> <span class='ocrx_word' id='word_1_41' title='bbox 1085 594 1198 623; x_wconf 89' lang='lat' dir='ltr'>acer-</span> 
     </span>
     <span class='ocr_line' id='line_1_8' title="bbox 235 639 1191 702; baseline -0.012 -12"><span class='ocrx_word' id='word_1_42' title='bbox 235 650 308 690; x_wconf 87' lang='lat' dir='ltr'>bos</span> <span class='ocrx_word' id='word_1_43' title='bbox 321 647 522 689; x_wconf 83' lang='lat' dir='ltr'>cruciatus</span> <span class='ocrx_word' id='word_1_44' title='bbox 535 656 657 702; x_wconf 86' lang='lat' dir='ltr'>atque</span> <span class='ocrx_word' id='word_1_45' title='bbox 671 643 882 700; x_wconf 82' lang='lat' dir='ltr'>languores</span> <span class='ocrx_word' id='word_1_46' title='bbox 899 639 1062 692; x_wconf 83' lang='lat' dir='ltr'>integro</span> <span class='ocrx_word' id='word_1_47' title='bbox 1075 641 1191 693; x_wconf 86' lang='lat' dir='ltr'>Qua-</span> 
     </span>
     <span class='ocr_line' id='line_1_9' title="bbox 235 695 1194 760; baseline -0.009 -13"><span class='ocrx_word' id='word_1_48' title='bbox 235 704 463 760; x_wconf 78' lang='lat' dir='ltr'>dragefimae</span> <span class='ocrx_word' id='word_1_49' title='bbox 481 703 596 747; x_wconf 82' lang='lat' dir='ltr'>cursu</span> <span class='ocrx_word' id='word_1_50' title='bbox 610 731 625 755; x_wconf 93' lang='lat'>,</span> <span class='ocrx_word' id='word_1_51' title='bbox 639 703 797 745; x_wconf 87' lang='lat' dir='ltr'>tandem</span> <span class='ocrx_word' id='word_1_52' title='bbox 812 699 878 741; x_wconf 87' lang='lat' dir='ltr'>die</span> <span class='ocrx_word' id='word_1_53' title='bbox 893 696 1025 755; x_wconf 65' lang='lat' dir='ltr'>saneto</span> <span class='ocrx_word' id='word_1_54' title='bbox 1043 695 1194 739; x_wconf 76' lang='lat' dir='ltr'>Palchae</span> 
     </span>
     <span class='ocr_line' id='line_1_10' title="bbox 234 755 1189 814; baseline -0.013 -6"><span class='ocrx_word' id='word_1_55' title='bbox 234 763 501 814; x_wconf 82' lang='lat' dir='ltr'>Eucharistiei</span> <span class='ocrx_word' id='word_1_56' title='bbox 532 762 650 807; x_wconf 77' lang='lat' dir='ltr'>Panis</span> <span class='ocrx_word' id='word_1_57' title='bbox 664 760 808 804; x_wconf 79' lang='lat' dir='ltr'>viatico</span> <span class='ocrx_word' id='word_1_58' title='bbox 824 759 1030 805; x_wconf 83' lang='lat' dir='ltr'>munitus,</span> <span class='ocrx_word' id='word_1_59' title='bbox 1060 757 1098 798; x_wconf 86' lang='lat'>&amp;</span> <span class='ocrx_word' id='word_1_60' title='bbox 1131 755 1189 796; x_wconf 87' lang='lat' dir='ltr'>se-</span> 
     </span>
     <span class='ocr_line' id='line_1_11' title="bbox 230 812 1191 877; baseline -0.008 -13"><span class='ocrx_word' id='word_1_61' title='bbox 230 824 372 877; x_wconf 83' lang='lat' dir='ltr'>quenti</span> <span class='ocrx_word' id='word_1_62' title='bbox 385 815 452 862; x_wconf 82' lang='lat' dir='ltr'>die</span> <span class='ocrx_word' id='word_1_63' title='bbox 465 822 514 863; x_wconf 90' lang='lat' dir='ltr'>ab</span> <span class='ocrx_word' id='word_1_64' title='bbox 539 816 740 876; x_wconf 80' lang='lat' dir='ltr'>Episcopo</span> <span class='ocrx_word' id='word_1_65' title='bbox 754 815 944 860; x_wconf 80' lang='lat' dir='ltr'>Palentiae</span> <span class='ocrx_word' id='word_1_66' title='bbox 970 812 1073 856; x_wconf 85' lang='lat' dir='ltr'>Oleo</span> <span class='ocrx_word' id='word_1_67' title='bbox 1093 816 1191 856; x_wconf 71' lang='lat' dir='ltr'>stu-</span> 
     </span>
     <span class='ocr_line' id='line_1_12' title="bbox 234 871 1188 929; baseline -0.007 -8"><span class='ocrx_word' id='word_1_68' title='bbox 234 884 301 921; x_wconf 77' lang='grc' dir='ltr'>ἂο</span> <span class='ocrx_word' id='word_1_69' title='bbox 323 880 463 922; x_wconf 71' lang='lat' dir='ltr'>unctus</span> <span class='ocrx_word' id='word_1_70' title='bbox 494 880 535 922; x_wconf 90' lang='lat' dir='ltr'>in</span> <span class='ocrx_word' id='word_1_71' title='bbox 562 878 723 921; x_wconf 88' lang='lat' dir='ltr'>nomine</span> <span class='ocrx_word' id='word_1_72' title='bbox 741 876 900 919; x_wconf 85' lang='lat' dir='ltr'>Domini</span> <span class='ocrx_word' id='word_1_73' title='bbox 914 885 1066 929; x_wconf 86' lang='lat' dir='ltr'>,quum</span> <span class='ocrx_word' id='word_1_74' title='bbox 1081 871 1188 914; x_wconf 88' lang='lat' dir='ltr'>dile-</span> 
     </span>
     <span class='ocr_line' id='line_1_13' title="bbox 232 930 1190 986; baseline -0.008 -6"><span class='ocrx_word' id='word_1_75' title='bbox 232 937 418 980; x_wconf 65' lang='lat' dir='ltr'>aiffimos</span> <span class='ocrx_word' id='word_1_76' title='bbox 449 940 609 981; x_wconf 81' lang='lat' dir='ltr'>Fratres</span> <span class='ocrx_word' id='word_1_77' title='bbox 647 936 695 978; x_wconf 82' lang='lat' dir='ltr'>ad</span> <span class='ocrx_word' id='word_1_78' title='bbox 728 933 938 977; x_wconf 76' lang='lat' dir='ltr'>severioris</span> <span class='ocrx_word' id='word_1_79' title='bbox 968 930 1190 986; x_wconf 70' lang='lat' dir='ltr'>discipline</span> 
     </span>
     <span class='ocr_line' id='line_1_14' title="bbox 233 989 1196 1051; baseline -0.008 -11"><span class='ocrx_word' id='word_1_80' title='bbox 233 996 452 1040; x_wconf 77' lang='lat' dir='ltr'>custodiam</span> <span class='ocrx_word' id='word_1_81' title='bbox 467 1023 481 1046; x_wconf 91' lang='lat'><strong>,</strong></span> <span class='ocrx_word' id='word_1_82' title='bbox 494 996 544 1038; x_wconf 88' lang='lat' dir='ltr'>ad</span> <span class='ocrx_word' id='word_1_83' title='bbox 563 994 808 1051; x_wconf 78' lang='lat' dir='ltr'>paupertatis</span> <span class='ocrx_word' id='word_1_84' title='bbox 833 992 1005 1036; x_wconf 81' lang='lat' dir='ltr'>studium</span> <span class='ocrx_word' id='word_1_85' title='bbox 1018 1015 1032 1037; x_wconf 70' lang='lat' dir='ltr'>a</span> <span class='ocrx_word' id='word_1_86' title='bbox 1045 990 1094 1032; x_wconf 87' lang='lat' dir='ltr'>ad</span> <span class='ocrx_word' id='word_1_87' title='bbox 1111 989 1196 1032; x_wconf 84' lang='lat' dir='ltr'>imi·</span> 
     </span>
     <span class='ocr_line' id='line_1_15' title="bbox 233 1049 1196 1109; baseline -0.006 -12"><span class='ocrx_word' id='word_1_88' title='bbox 233 1056 437 1103; x_wconf 62' lang='lat' dir='ltr'>tationem,</span> <span class='ocrx_word' id='word_1_89' title='bbox 457 1055 608 1098; x_wconf 80' lang='lat' dir='ltr'>Christi</span> <span class='ocrx_word' id='word_1_90' title='bbox 634 1054 886 1109; x_wconf 85' lang='lat' dir='ltr'>etiamatque</span> <span class='ocrx_word' id='word_1_91' title='bbox 917 1049 1038 1094; x_wconf 86' lang='lat' dir='ltr'>etiam</span> <span class='ocrx_word' id='word_1_92' title='bbox 1059 1050 1196 1091; x_wconf 85' lang='lat' dir='ltr'>horta-</span> 
     </span>
     <span class='ocr_line' id='line_1_16' title="bbox 230 1104 1190 1164; baseline -0.007 -9"><span class='ocrx_word' id='word_1_93' title='bbox 230 1124 296 1156; x_wconf 80' lang='lat' dir='ltr'>tus</span> <span class='ocrx_word' id='word_1_94' title='bbox 307 1112 402 1156; x_wconf 74' lang='lat' dir='ltr'>esset</span> <span class='ocrx_word' id='word_1_95' title='bbox 420 1141 434 1164; x_wconf 91' lang='lat'><strong>‚</strong></span> <span class='ocrx_word' id='word_1_96' title='bbox 449 1115 618 1156; x_wconf 88' lang='lat' dir='ltr'>animam</span> <span class='ocrx_word' id='word_1_97' title='bbox 633 1115 740 1156; x_wconf 88' lang='lat' dir='ltr'>suam</span> <span class='ocrx_word' id='word_1_98' title='bbox 757 1111 798 1153; x_wconf 88' lang='lat' dir='ltr'>in</span> <span class='ocrx_word' id='word_1_99' title='bbox 812 1124 949 1153; x_wconf 85' lang='lat' dir='ltr'>manus</span> <span class='ocrx_word' id='word_1_100' title='bbox 973 1108 1049 1149; x_wconf 89' lang='lat' dir='ltr'>Dei</span> <span class='ocrx_word' id='word_1_101' title='bbox 1064 1104 1190 1150; x_wconf 75' lang='lat' dir='ltr'>fiden-</span> 
     </span>
     <span class='ocr_line' id='line_1_17' title="bbox 230 1166 1189 1228; baseline -0.004 -15"><span class='ocrx_word' id='word_1_102' title='bbox 230 1182 296 1213; x_wconf 80' lang='lat' dir='ltr'>ter</span> <span class='ocrx_word' id='word_1_103' title='bbox 323 1183 584 1228; x_wconf 77' lang='lat' dir='ltr'>amanterque</span> <span class='ocrx_word' id='word_1_104' title='bbox 607 1169 893 1214; x_wconf 73' lang='lat' dir='ltr'>commendans</span> <span class='ocrx_word' id='word_1_105' title='bbox 918 1197 933 1220; x_wconf 84' lang='lat'><strong>,</strong></span> <span class='ocrx_word' id='word_1_106' title='bbox 960 1166 1189 1222; x_wconf 59' lang='lat' dir='ltr'>justorum</span> 
     </span>
     <span class='ocr_line' id='line_1_18' title="bbox 231 1224 1187 1281; baseline -0.003 -10"><span class='ocrx_word' id='word_1_107' title='bbox 231 1229 370 1271; x_wconf 70' lang='lat' dir='ltr'>{bonno</span> <span class='ocrx_word' id='word_1_108' title='bbox 394 1229 644 1272; x_wconf 75' lang='lat' dir='ltr'>obdormivit</span> <span class='ocrx_word' id='word_1_109' title='bbox 669 1229 798 1272; x_wconf 86' lang='lat' dir='ltr'>tertio</span> <span class='ocrx_word' id='word_1_110' title='bbox 825 1226 1025 1272; x_wconf 74' lang='lat' dir='ltr'>Kalendas</span> <span class='ocrx_word' id='word_1_111' title='bbox 1040 1224 1187 1281; x_wconf 76' lang='lat' dir='ltr'><strong>Aprilis</strong></span> 
     </span>
     <span class='ocr_line' id='line_1_19' title="bbox 227 1284 651 1339; baseline -0.005 -11"><span class='ocrx_word' id='word_1_112' title='bbox 227 1291 356 1328; x_wconf 76' lang='lat' dir='ltr'>Anno</span> <span class='ocrx_word' id='word_1_113' title='bbox 369 1284 509 1327; x_wconf 79' lang='lat' dir='ltr'>salutis</span> <span class='ocrx_word' id='word_1_114' title='bbox 529 1288 651 1339; x_wconf 83' lang='lat'><em>1456.</em></span> 
     </span>
    </p>

    <p class='ocr_par' dir='ltr' id='par_1_5' title="bbox 227 1340 1193 1912">
     <span class='ocr_line' id='line_1_20' title="bbox 350 1340 1190 1398; baseline -0.005 -15"><span class='ocrx_word' id='word_1_115' title='bbox 350 1343 463 1390; x_wconf 79' lang='lat' dir='ltr'>Petri</span> <span class='ocrx_word' id='word_1_116' title='bbox 487 1355 662 1398; x_wconf 84' lang='lat' dir='ltr'>corpus,</span> <span class='ocrx_word' id='word_1_117' title='bbox 686 1351 731 1382; x_wconf 89' lang='lat' dir='ltr'>ut</span> <span class='ocrx_word' id='word_1_118' title='bbox 747 1342 820 1395; x_wconf 85' lang='lat' dir='ltr'>piis</span> <span class='ocrx_word' id='word_1_119' title='bbox 837 1340 1034 1384; x_wconf 82' lang='lat' dir='ltr'>Fidelium</span> <span class='ocrx_word' id='word_1_120' title='bbox 1056 1340 1190 1382; x_wconf 79' lang='lat' dir='ltr'>turbis</span> 
     </span>
     <span class='ocr_line' id='line_1_21' title="bbox 232 1395 1190 1456; baseline -0.008 -11"><span class='ocrx_word' id='word_1_121' title='bbox 232 1400 283 1445; x_wconf 85' lang='lat' dir='ltr'>ad</span> <span class='ocrx_word' id='word_1_122' title='bbox 304 1399 536 1456; x_wconf 66' lang='lat' dir='ltr'>cenobium</span> <span class='ocrx_word' id='word_1_123' title='bbox 562 1395 737 1456; x_wconf 82' lang='lat' dir='ltr'>undique</span> <span class='ocrx_word' id='word_1_124' title='bbox 761 1398 1100 1442; x_wconf 73' lang='lat' dir='ltr'>concurrentibus</span> <span class='ocrx_word' id='word_1_125' title='bbox 1132 1396 1190 1437; x_wconf 72' lang='lat'>{32-</span> 
     </span>
     <span class='ocr_line' id='line_1_22' title="bbox 231 1458 1191 1515; baseline -0.005 -13"><span class='ocrx_word' id='word_1_126' title='bbox 231 1458 427 1511; x_wconf 77' lang='lat' dir='ltr'>t&#39;tsfieret‚</span> <span class='ocrx_word' id='word_1_127' title='bbox 452 1472 523 1513; x_wconf 86' lang='lat' dir='ltr'>per</span> <span class='ocrx_word' id='word_1_128' title='bbox 548 1458 706 1515; x_wconf 78' lang='lat' dir='ltr'>aliquot</span> <span class='ocrx_word' id='word_1_129' title='bbox 728 1458 816 1500; x_wconf 87' lang='lat' dir='ltr'>dies</span> <span class='ocrx_word' id='word_1_130' title='bbox 843 1458 1095 1500; x_wconf 85' lang='lat' dir='ltr'>inhumatum</span> <span class='ocrx_word' id='word_1_131' title='bbox 1127 1467 1191 1497; x_wconf 86' lang='lat' dir='ltr'>re·</span> 
     </span>
     <span class='ocr_line' id='line_1_23' title="bbox 231 1513 1193 1573; baseline -0.004 -13"><span class='ocrx_word' id='word_1_132' title='bbox 231 1516 371 1560; x_wconf 84' lang='lat' dir='ltr'>manfit</span> <span class='ocrx_word' id='word_1_133' title='bbox 384 1528 403 1570; x_wconf 74' lang='lat'>3</span> <span class='ocrx_word' id='word_1_134' title='bbox 414 1531 588 1573; x_wconf 88' lang='lat' dir='ltr'>cumque</span> <span class='ocrx_word' id='word_1_135' title='bbox 602 1516 733 1560; x_wconf 80' lang='lat' dir='ltr'>nullas</span> <span class='ocrx_word' id='word_1_136' title='bbox 754 1516 916 1558; x_wconf 83' lang='lat' dir='ltr'>interim</span> <span class='ocrx_word' id='word_1_137' title='bbox 930 1513 1193 1556; x_wconf 75' lang='lat' dir='ltr'>mortalitatis</span> 
     </span>
     <span class='ocr_line' id='line_1_24' title="bbox 230 1571 1192 1633; baseline -0.007 -14"><span class='ocrx_word' id='word_1_138' title='bbox 230 1575 396 1633; x_wconf 80' lang='lat' dir='ltr'>injurias</span> <span class='ocrx_word' id='word_1_139' title='bbox 430 1586 634 1631; x_wconf 86' lang='lat' dir='ltr'>pateretur</span> <span class='ocrx_word' id='word_1_140' title='bbox 666 1603 681 1627; x_wconf 87' lang='lat'>,</span> <span class='ocrx_word' id='word_1_141' title='bbox 720 1572 884 1617; x_wconf 83' lang='lat' dir='ltr'>tandem</span> <span class='ocrx_word' id='word_1_142' title='bbox 915 1572 955 1614; x_wconf 88' lang='lat' dir='ltr'>in</span> <span class='ocrx_word' id='word_1_143' title='bbox 985 1571 1192 1615; x_wconf 87' lang='lat' dir='ltr'>communi</span> 
     </span>
     <span class='ocr_line' id='line_1_25' title="bbox 231 1629 1193 1690; baseline -0.005 -10"><span class='ocrx_word' id='word_1_144' title='bbox 231 1638 423 1680; x_wconf 64' lang='lat' dir='ltr'>fratrum</span> <span class='ocrx_word' id='word_1_145' title='bbox 439 1634 668 1690; x_wconf 79' lang='lat' dir='ltr'>sepulchro</span> <span class='ocrx_word' id='word_1_146' title='bbox 681 1633 891 1675; x_wconf 86' lang='lat' dir='ltr'>conditum</span> <span class='ocrx_word' id='word_1_147' title='bbox 909 1629 984 1674; x_wconf 86' lang='lat' dir='ltr'>fuit</span> <span class='ocrx_word' id='word_1_148' title='bbox 1001 1629 1193 1684; x_wconf 50' lang='lat' dir='ltr'>wudes-</span> 
     </span>
     <span class='ocr_line' id='line_1_26' title="bbox 231 1690 1193 1748; baseline -0.004 -12"><span class='ocrx_word' id='word_1_149' title='bbox 231 1706 368 1736; x_wconf 84' lang='lat' dir='ltr'>tamen</span> <span class='ocrx_word' id='word_1_150' title='bbox 393 1693 478 1748; x_wconf 83' lang='lat' dir='ltr'>post</span> <span class='ocrx_word' id='word_1_151' title='bbox 501 1693 668 1748; x_wconf 89' lang='lat' dir='ltr'>triginta</span> <span class='ocrx_word' id='word_1_152' title='bbox 695 1695 759 1734; x_wconf 85' lang='lat' dir='ltr'>(ex</span> <span class='ocrx_word' id='word_1_153' title='bbox 771 1705 895 1734; x_wconf 88' lang='lat' dir='ltr'>annos</span> <span class='ocrx_word' id='word_1_154' title='bbox 916 1690 1193 1734; x_wconf 55' lang='lat' dir='ltr'>translatum-a</span> 
     </span>
     <span class='ocr_line' id='line_1_27' title="bbox 228 1745 1190 1806; baseline -0.008 -12"><span class='ocrx_word' id='word_1_155' title='bbox 228 1751 380 1795; x_wconf 71' lang='lat' dir='ltr'>fuirad</span> <span class='ocrx_word' id='word_1_156' title='bbox 394 1751 610 1806; x_wconf 80' lang='lat' dir='ltr'>praenobile</span> <span class='ocrx_word' id='word_1_157' title='bbox 625 1750 944 1793; x_wconf 80' lang='lat' dir='ltr'>loculamentum</span> <span class='ocrx_word' id='word_1_158' title='bbox 959 1774 973 1797; x_wconf 88' lang='lat'>·‚</span> <span class='ocrx_word' id='word_1_159' title='bbox 997 1747 1106 1803; x_wconf 90' lang='lat' dir='ltr'>quod</span> <span class='ocrx_word' id='word_1_160' title='bbox 1122 1745 1190 1800; x_wconf 78' lang='lat' dir='ltr'>ipti</span> 
     </span>
     <span class='ocr_line' id='line_1_28' title="bbox 227 1807 1190 1864; baseline -0.006 -12"><span class='ocrx_word' id='word_1_161' title='bbox 227 1811 328 1854; x_wconf 84' lang='lat' dir='ltr'>clar.</span> <span class='ocrx_word' id='word_1_162' title='bbox 353 1823 472 1851; x_wconf 84' lang='lat' dir='ltr'>mem.</span> <span class='ocrx_word' id='word_1_163' title='bbox 499 1809 728 1853; x_wconf 85' lang='lat' dir='ltr'>Elisabetha</span> <span class='ocrx_word' id='word_1_164' title='bbox 744 1807 931 1854; x_wconf 80' lang='lat' dir='ltr'>Casteilae</span> <span class='ocrx_word' id='word_1_165' title='bbox 954 1807 1108 1864; x_wconf 83' lang='lat' dir='ltr'>Regina</span> <span class='ocrx_word' id='word_1_166' title='bbox 1138 1817 1190 1847; x_wconf 84' lang='lat' dir='ltr'>ex</span> 
     </span>
     <span class='ocr_line' id='line_1_29' title="bbox 227 1865 1032 1912; baseline -0.005 -1"><span class='ocrx_word' id='word_1_167' title='bbox 227 1867 458 1912; x_wconf 76' lang='lat' dir='ltr'>alabastrite</span> <span class='ocrx_word' id='word_1_168' title='bbox 482 1881 679 1911; x_wconf 86' lang='lat' dir='ltr'>marmore</span> <span class='ocrx_word' id='word_1_169' title='bbox 693 1867 824 1910; x_wconf 79' lang='lat' dir='ltr'>extrui</span> <span class='ocrx_word' id='word_1_170' title='bbox 849 1865 1032 1909; x_wconf 78' lang='lat' dir='ltr'>curavit.</span> 
     </span>
    </p>

    <p class='ocr_par' dir='ltr' id='par_1_6' title="bbox 230 1920 1189 2038">
     <span class='ocr_line' id='line_1_30' title="bbox 347 1920 1189 1983; baseline -0.005 -15"><span class='ocrx_word' id='word_1_171' title='bbox 347 1928 406 1968; x_wconf 84' lang='lat' dir='ltr'>lbi</span> <span class='ocrx_word' id='word_1_172' title='bbox 421 1928 642 1983; x_wconf 87' lang='lat' dir='ltr'>&amp;propter</span> <span class='ocrx_word' id='word_1_173' title='bbox 654 1926 835 1970; x_wconf 80' lang='lat' dir='ltr'>conflans</span> <span class='ocrx_word' id='word_1_174' title='bbox 860 1925 1065 1967; x_wconf 86' lang='lat' dir='ltr'>hominum</span> <span class='ocrx_word' id='word_1_175' title='bbox 1085 1920 1189 1979; x_wconf 84' lang='lat' dir='ltr'>judi·</span> 
     </span>
     <span class='ocr_line' id='line_1_31' title="bbox 230 1983 1189 2038; baseline -0.005 -9"><span class='ocrx_word' id='word_1_176' title='bbox 230 1986 339 2030; x_wconf 84' lang='lat' dir='ltr'>cium</span> <span class='ocrx_word' id='word_1_177' title='bbox 371 1984 422 2028; x_wconf 86' lang='lat' dir='ltr'>de</span> <span class='ocrx_word' id='word_1_178' title='bbox 446 1987 560 2028; x_wconf 75' lang='lat' dir='ltr'>Servi</span> <span class='ocrx_word' id='word_1_179' title='bbox 580 1985 659 2027; x_wconf 88' lang='lat' dir='ltr'>Dei</span> <span class='ocrx_word' id='word_1_180' title='bbox 683 1983 931 2034; x_wconf 59' lang='lat' dir='ltr'>sanitate,</span> <span class='ocrx_word' id='word_1_181' title='bbox 958 1985 996 2026; x_wconf 77' lang='grc' dir='ltr'>δι</span> <span class='ocrx_word' id='word_1_182' title='bbox 1023 1992 1189 2038; x_wconf 87' lang='lat' dir='ltr'>propter</span> 
     </span>
    </p>
   </div>
   <div class='ocr_carea' id='block_1_5' title="bbox 157 2040 1190 2099">
    <p class='ocr_par' dir='ltr' id='par_1_7' title="bbox 157 2040 1190 2099">
     <span class='ocr_line' id='line_1_32' title="bbox 157 2040 1190 2099; baseline -0.006 -12"><span class='ocrx_word' id='word_1_183' title='bbox 157 2040 159 2044; x_wconf 70' lang='grc'>’</span> <span class='ocrx_word' id='word_1_184' title='bbox 231 2045 517 2087; x_wconf 77' lang='lat' dir='ltr'>miraculorum</span> <span class='ocrx_word' id='word_1_185' title='bbox 531 2041 795 2099; x_wconf 76' lang='lat' dir='ltr'>frequentiam</span> <span class='ocrx_word' id='word_1_186' title='bbox 812 2068 826 2089; x_wconf 86' lang='lat'><strong>‚</strong></span> <span class='ocrx_word' id='word_1_187' title='bbox 849 2042 995 2084; x_wconf 83' lang='lat' dir='ltr'>affidua</span> <span class='ocrx_word' id='word_1_188' title='bbox 1023 2053 1190 2083; x_wconf 84' lang='lat' dir='ltr'>venera·</span> 
     </span>
    </p>
   </div>
   <div class='ocr_carea' id='block_1_6' title="bbox 179 2098 1198 3790">
    <p class='ocr_par' dir='ltr' id='par_1_8' title="bbox 230 2098 1189 2206">
     <span class='ocr_line' id='line_1_33' title="bbox 230 2098 1189 2159; baseline -0.007 -13"><span class='ocrx_word' id='word_1_189' title='bbox 230 2103 358 2146; x_wconf 83' lang='lat' dir='ltr'>tionis</span> <span class='ocrx_word' id='word_1_190' title='bbox 372 2105 411 2145; x_wconf 76' lang='grc' dir='ltr'>δι</span> <span class='ocrx_word' id='word_1_191' title='bbox 424 2099 558 2146; x_wconf 78' lang='lat' dir='ltr'>cultris</span> <span class='ocrx_word' id='word_1_192' title='bbox 570 2100 756 2159; x_wconf 89' lang='lat' dir='ltr'>obsequia</span> <span class='ocrx_word' id='word_1_193' title='bbox 770 2100 791 2144; x_wconf 70' lang='grc' dir='ltr'>ἃ</span> <span class='ocrx_word' id='word_1_194' title='bbox 807 2101 882 2156; x_wconf 85' lang='lat' dir='ltr'>piis</span> <span class='ocrx_word' id='word_1_195' title='bbox 898 2100 1104 2144; x_wconf 78' lang='lat' dir='ltr'>Fidelibus</span> <span class='ocrx_word' id='word_1_196' title='bbox 1121 2098 1189 2154; x_wconf 77' lang='lat' dir='ltr'>ipsi</span> 
     </span>
     <span class='ocr_line' id='line_1_34' title="bbox 230 2161 571 2206; baseline -0.006 -2"><span class='ocrx_word' id='word_1_197' title='bbox 230 2161 366 2204; x_wconf 84' lang='lat' dir='ltr'>delata</span> <span class='ocrx_word' id='word_1_198' title='bbox 383 2161 541 2206; x_wconf 85' lang='lat' dir='ltr'>suerunt</span> <span class='ocrx_word' id='word_1_199' title='bbox 558 2190 571 2202; x_wconf 85' lang='lat'>.</span> 
     </span>
    </p>

    <p class='ocr_par' dir='ltr' id='par_1_9' title="bbox 179 2215 1198 3790">
     <span class='ocr_line' id='line_1_35' title="bbox 347 2215 1191 2275; baseline -0.008 -13"><span class='ocrx_word' id='word_1_200' title='bbox 347 2221 403 2262; x_wconf 79' lang='lat' dir='ltr'>Et</span> <span class='ocrx_word' id='word_1_201' title='bbox 416 2218 508 2262; x_wconf 68' lang='lat' dir='ltr'>sane</span> <span class='ocrx_word' id='word_1_202' title='bbox 533 2219 586 2263; x_wconf 86' lang='lat' dir='ltr'>de</span> <span class='ocrx_word' id='word_1_203' title='bbox 600 2218 781 2275; x_wconf 82' lang='lat' dir='ltr'>generali</span> <span class='ocrx_word' id='word_1_204' title='bbox 808 2217 920 2274; x_wconf 82' lang='lat' dir='ltr'>ipfius</span> <span class='ocrx_word' id='word_1_205' title='bbox 934 2215 1164 2261; x_wconf 71' lang='lat' dir='ltr'>Sanctitatis</span> <span class='ocrx_word' id='word_1_206' title='bbox 1177 2240 1191 2263; x_wconf 80' lang='lat'>,</span> 
     </span>
     <span class='ocr_line' id='line_1_36' title="bbox 231 2273 1191 2329; baseline -0.006 -8"><span class='ocrx_word' id='word_1_207' title='bbox 231 2277 443 2322; x_wconf 84' lang='lat' dir='ltr'>Virtutum</span> <span class='ocrx_word' id='word_1_208' title='bbox 461 2307 476 2329; x_wconf 93' lang='lat'><strong>,</strong></span> <span class='ocrx_word' id='word_1_209' title='bbox 506 2279 545 2319; x_wconf 73' lang='lat' dir='ltr'>Bt</span> <span class='ocrx_word' id='word_1_210' title='bbox 562 2277 858 2320; x_wconf 86' lang='lat' dir='ltr'>Miraculorum</span> <span class='ocrx_word' id='word_1_211' title='bbox 884 2275 1018 2327; x_wconf 84' lang='lat' dir='ltr'>fama,</span> <span class='ocrx_word' id='word_1_212' title='bbox 1052 2273 1191 2318; x_wconf 82' lang='lat' dir='ltr'>&#39;restes</span> 
     </span>
     <span class='ocr_line' id='line_1_37' title="bbox 233 2332 1191 2393; baseline -0.009 -11"><span class='ocrx_word' id='word_1_213' title='bbox 233 2340 323 2382; x_wconf 74' lang='lat' dir='ltr'>stnt</span> <span class='ocrx_word' id='word_1_214' title='bbox 336 2336 490 2393; x_wconf 76' lang='lat' dir='ltr'>antiqui</span> <span class='ocrx_word' id='word_1_215' title='bbox 508 2334 715 2380; x_wconf 80' lang='lat' dir='ltr'>Proeeffus</span> <span class='ocrx_word' id='word_1_216' title='bbox 730 2336 974 2379; x_wconf 66' lang='lat' dir='ltr'>auctoritate</span> <span class='ocrx_word' id='word_1_217' title='bbox 988 2332 1191 2378; x_wconf 87' lang='lat' dir='ltr'>ordinaria</span> 
     </span>
     <span class='ocr_line' id='line_1_38' title="bbox 195 2393 1192 2453; baseline -0.005 -14"><span class='ocrx_word' id='word_1_218' title='bbox 195 2407 199 2410; x_wconf 80' lang='grc'><strong>’</strong></span> <span class='ocrx_word' id='word_1_219' title='bbox 230 2396 348 2451; x_wconf 82' lang='lat' dir='ltr'>super</span> <span class='ocrx_word' id='word_1_220' title='bbox 371 2409 427 2439; x_wconf 88' lang='lat' dir='ltr'>eo</span> <span class='ocrx_word' id='word_1_221' title='bbox 450 2393 624 2439; x_wconf 73' lang='lat' dir='ltr'>eonseffi</span> <span class='ocrx_word' id='word_1_222' title='bbox 641 2423 656 2447; x_wconf 87' lang='lat'>‚</span> <span class='ocrx_word' id='word_1_223' title='bbox 678 2396 747 2453; x_wconf 90' lang='lat' dir='ltr'>qui</span> <span class='ocrx_word' id='word_1_224' title='bbox 777 2408 868 2437; x_wconf 92' lang='lat' dir='ltr'>eum</span> <span class='ocrx_word' id='word_1_225' title='bbox 889 2406 984 2438; x_wconf 86' lang='lat' dir='ltr'>ante</span> <span class='ocrx_word' id='word_1_226' title='bbox 1002 2395 1072 2438; x_wconf 85' lang='lat' dir='ltr'>hos</span> <span class='ocrx_word' id='word_1_227' title='bbox 1096 2405 1192 2435; x_wconf 89' lang='lat' dir='ltr'>cen-</span> 
     </span>
     <span class='ocr_line' id='line_1_39' title="bbox 229 2451 1191 2509; baseline -0.006 -11"><span class='ocrx_word' id='word_1_228' title='bbox 229 2467 318 2498; x_wconf 81' lang='lat' dir='ltr'>tum</span> <span class='ocrx_word' id='word_1_229' title='bbox 338 2454 482 2509; x_wconf 81' lang='lat' dir='ltr'>viginti</span> <span class='ocrx_word' id='word_1_230' title='bbox 495 2467 620 2497; x_wconf 87' lang='lat' dir='ltr'>annos</span> <span class='ocrx_word' id='word_1_231' title='bbox 641 2454 693 2498; x_wconf 87' lang='lat' dir='ltr'>ad</span> <span class='ocrx_word' id='word_1_232' title='bbox 711 2455 812 2497; x_wconf 87' lang='lat' dir='ltr'>hanc</span> <span class='ocrx_word' id='word_1_233' title='bbox 835 2457 1019 2496; x_wconf 70' lang='lat' dir='ltr'>sanctam</span> <span class='ocrx_word' id='word_1_234' title='bbox 1046 2451 1191 2495; x_wconf 78' lang='lat' dir='ltr'>Sedent</span> 
     </span>
     <span class='ocr_line' id='line_1_40' title="bbox 231 2509 1190 2568; baseline -0.006 -12"><span class='ocrx_word' id='word_1_235' title='bbox 231 2513 359 2556; x_wconf 79' lang='lat' dir='ltr'>delati</span> <span class='ocrx_word' id='word_1_236' title='bbox 375 2510 535 2556; x_wconf 74' lang='lat' dir='ltr'>suitsent</span> <span class='ocrx_word' id='word_1_237' title='bbox 548 2539 563 2564; x_wconf 85' lang='lat'>,</span> <span class='ocrx_word' id='word_1_238' title='bbox 577 2514 617 2555; x_wconf 72' lang='lat' dir='ltr'>dr.</span> <span class='ocrx_word' id='word_1_239' title='bbox 630 2526 706 2568; x_wconf 89' lang='lat' dir='ltr'>pro</span> <span class='ocrx_word' id='word_1_240' title='bbox 720 2511 906 2566; x_wconf 85' lang='lat' dir='ltr'>legitimo</span> <span class='ocrx_word' id='word_1_241' title='bbox 928 2512 1042 2554; x_wconf 86' lang='lat' dir='ltr'>cultu</span> <span class='ocrx_word' id='word_1_242' title='bbox 1056 2509 1190 2553; x_wconf 87' lang='lat' dir='ltr'>eidem</span> 
     </span>
     <span class='ocr_line' id='line_1_41' title="bbox 231 2567 1188 2625; baseline -0.007 -10"><span class='ocrx_word' id='word_1_243' title='bbox 231 2575 363 2615; x_wconf 80' lang='lat' dir='ltr'>Servo</span> <span class='ocrx_word' id='word_1_244' title='bbox 386 2571 460 2614; x_wconf 88' lang='lat' dir='ltr'>Dei</span> <span class='ocrx_word' id='word_1_245' title='bbox 472 2569 681 2614; x_wconf 77' lang='lat' dir='ltr'>afferendo</span> <span class='ocrx_word' id='word_1_246' title='bbox 699 2597 714 2620; x_wconf 88' lang='lat'>,</span> <span class='ocrx_word' id='word_1_247' title='bbox 729 2569 968 2625; x_wconf 77' lang='lat' dir='ltr'>Apostolicae</span> <span class='ocrx_word' id='word_1_248' title='bbox 983 2567 1188 2612; x_wconf 84' lang='lat' dir='ltr'>definitio-</span> 
     </span>
     <span class='ocr_line' id='line_1_42' title="bbox 227 2625 1192 2680; baseline -0.006 -9"><span class='ocrx_word' id='word_1_249' title='bbox 227 2629 293 2672; x_wconf 82' lang='lat' dir='ltr'>nis</span> <span class='ocrx_word' id='word_1_250' title='bbox 322 2628 519 2680; x_wconf 79' lang='lat' dir='ltr'>oracula,</span> <span class='ocrx_word' id='word_1_251' title='bbox 549 2628 782 2671; x_wconf 79' lang='lat' dir='ltr'>instantibus</span> <span class='ocrx_word' id='word_1_252' title='bbox 813 2626 935 2669; x_wconf 89' lang='lat' dir='ltr'>etiam</span> <span class='ocrx_word' id='word_1_253' title='bbox 959 2625 1192 2670; x_wconf 85' lang='lat' dir='ltr'>Catholicis</span> 
     </span>
     <span class='ocr_line' id='line_1_43' title="bbox 229 2684 1190 2744; baseline -0.005 -12"><span class='ocrx_word' id='word_1_254' title='bbox 229 2685 509 2744; x_wconf 66' lang='lat' dir='ltr'>Hispaniarum</span> <span class='ocrx_word' id='word_1_255' title='bbox 527 2687 706 2742; x_wconf 75' lang='lat' dir='ltr'>Regibus</span> <span class='ocrx_word' id='word_1_256' title='bbox 721 2715 736 2736; x_wconf 88' lang='lat'><strong>,</strong></span> <span class='ocrx_word' id='word_1_257' title='bbox 749 2684 1018 2741; x_wconf 78' lang='lat' dir='ltr'>universoque</span> <span class='ocrx_word' id='word_1_258' title='bbox 1034 2684 1190 2727; x_wconf 79' lang='lat' dir='ltr'>Ordine</span> 
     </span>
     <span class='ocr_line' id='line_1_44' title="bbox 231 2742 1191 2794; baseline -0.005 -5"><span class='ocrx_word' id='word_1_259' title='bbox 231 2749 419 2789; x_wconf 75' lang='lat' dir='ltr'>Fratmm</span> <span class='ocrx_word' id='word_1_260' title='bbox 435 2745 644 2788; x_wconf 68' lang='lat' dir='ltr'>uiuorum</span> <span class='ocrx_word' id='word_1_261' title='bbox 661 2748 703 2787; x_wconf 85' lang='lat' dir='ltr'>S.</span> <span class='ocrx_word' id='word_1_262' title='bbox 723 2742 917 2786; x_wconf 77' lang='lat' dir='ltr'>Francisei</span> <span class='ocrx_word' id='word_1_263' title='bbox 931 2771 946 2794; x_wconf 86' lang='lat'><strong>‚</strong></span> <span class='ocrx_word' id='word_1_264' title='bbox 980 2743 1191 2787; x_wconf 78' lang='lat' dir='ltr'>vehemen-</span> 
     </span>
     <span class='ocr_line' id='line_1_45' title="bbox 236 2798 1190 2858; baseline -0.002 -13"><span class='ocrx_word' id='word_1_265' title='bbox 236 2815 301 2847; x_wconf 78' lang='lat' dir='ltr'>ter</span> <span class='ocrx_word' id='word_1_266' title='bbox 321 2810 637 2858; x_wconf 60' lang='lat' dir='ltr'>attererentur,</span> <span class='ocrx_word' id='word_1_267' title='bbox 652 2801 777 2848; x_wconf 78' lang='lat' dir='ltr'>visum</span> <span class='ocrx_word' id='word_1_268' title='bbox 792 2800 848 2843; x_wconf 82' lang='lat' dir='ltr'>ess</span> <span class='ocrx_word' id='word_1_269' title='bbox 862 2798 970 2843; x_wconf 86' lang='lat' dir='ltr'>felic.</span> <span class='ocrx_word' id='word_1_270' title='bbox 985 2799 1190 2843; x_wconf 81' lang='lat' dir='ltr'>reeordat-</span> 
     </span>
     <span class='ocr_line' id='line_1_46' title="bbox 231 2855 1196 2915; baseline -0.004 -11"><span class='ocrx_word' id='word_1_271' title='bbox 231 2860 408 2904; x_wconf 77' lang='lat' dir='ltr'>Urbano</span> <span class='ocrx_word' id='word_1_272' title='bbox 432 2861 545 2915; x_wconf 80' lang='lat' dir='ltr'>Papae</span> <span class='ocrx_word' id='word_1_273' title='bbox 560 2861 681 2903; x_wconf 87' lang='lat' dir='ltr'>Vltt.</span> <span class='ocrx_word' id='word_1_274' title='bbox 709 2855 992 2902; x_wconf 66' lang='lat' dir='ltr'>predeceli&#39;ori</span> <span class='ocrx_word' id='word_1_275' title='bbox 1012 2857 1165 2902; x_wconf 75' lang='lat' dir='ltr'>Nostro</span> <span class='ocrx_word' id='word_1_276' title='bbox 1179 2885 1196 2908; x_wconf 87' lang='lat'>‚</span> 
     </span>
     <span class='ocr_line' id='line_1_47' title="bbox 232 2914 1194 2975; baseline -0.005 -14"><span class='ocrx_word' id='word_1_277' title='bbox 232 2916 388 2975; x_wconf 62' lang='lat' dir='ltr'>signati</span> <span class='ocrx_word' id='word_1_278' title='bbox 405 2917 692 2974; x_wconf 76' lang='lat' dir='ltr'>chirographo</span> <span class='ocrx_word' id='word_1_279' title='bbox 712 2916 782 2961; x_wconf 85' lang='lat' dir='ltr'>suo</span> <span class='ocrx_word' id='word_1_280' title='bbox 797 2915 1085 2960; x_wconf 76' lang='lat' dir='ltr'>Commiffione</span> <span class='ocrx_word' id='word_1_281' title='bbox 1098 2942 1114 2966; x_wconf 86' lang='lat'><strong>,</strong></span> <span class='ocrx_word' id='word_1_282' title='bbox 1143 2914 1194 2956; x_wconf 88' lang='lat' dir='ltr'>ad</span> 
     </span>
     <span class='ocr_line' id='line_1_48' title="bbox 232 2971 1197 3032; baseline -0.005 -12"><span class='ocrx_word' id='word_1_283' title='bbox 232 2975 530 3020; x_wconf 70' lang='lat' dir='ltr'>discutiendam</span> <span class='ocrx_word' id='word_1_284' title='bbox 562 2975 603 3017; x_wconf 84' lang='lat' dir='ltr'>in</span> <span class='ocrx_word' id='word_1_285' title='bbox 630 2972 762 3032; x_wconf 87' lang='lat' dir='ltr'>speeie</span> <span class='ocrx_word' id='word_1_286' title='bbox 783 2973 899 3031; x_wconf 71' lang='lat' dir='ltr'>ipsius</span> <span class='ocrx_word' id='word_1_287' title='bbox 926 2971 1197 3022; x_wconf 79' lang='lat' dir='ltr'>Beatifieatin-</span> 
     </span>
     <span class='ocr_line' id='line_1_49' title="bbox 234 3031 1196 3082; baseline -0.002 -4"><span class='ocrx_word' id='word_1_288' title='bbox 234 3035 299 3078; x_wconf 83' lang='lat' dir='ltr'>nis</span> <span class='ocrx_word' id='word_1_289' title='bbox 319 3036 360 3082; x_wconf 73' lang='grc' dir='ltr'>δι</span> <span class='ocrx_word' id='word_1_290' title='bbox 376 3033 716 3077; x_wconf 72' lang='lat' dir='ltr'>canonizationis</span> <span class='ocrx_word' id='word_1_291' title='bbox 736 3031 933 3081; x_wconf 79' lang='lat' dir='ltr'>Causam,</span> <span class='ocrx_word' id='word_1_292' title='bbox 955 3046 1196 3077; x_wconf 54' lang='lat' dir='ltr'>novorum.)</span> 
     </span>
     <span class='ocr_line' id='line_1_50' title="bbox 234 3090 1193 3145; baseline -0.006 -8"><span class='ocrx_word' id='word_1_293' title='bbox 234 3090 490 3137; x_wconf 84' lang='lat' dir='ltr'>Proeelluum</span> <span class='ocrx_word' id='word_1_294' title='bbox 515 3092 852 3135; x_wconf 70' lang='lat' dir='ltr'>constructionem</span> <span class='ocrx_word' id='word_1_295' title='bbox 879 3090 1193 3145; x_wconf 43' lang='lat' dir='ltr'>demandare-2.</span> 
     </span>
     <span class='ocr_line' id='line_1_51' title="bbox 179 3149 1193 3214; baseline -0.004 -20"><span class='ocrx_word' id='word_1_296' title='bbox 179 3161 182 3165; x_wconf 85' lang='lat'>&#39;</span> <span class='ocrx_word' id='word_1_297' title='bbox 227 3149 394 3214; x_wconf 71' lang='lat' dir='ltr'>Qubus</span> <span class='ocrx_word' id='word_1_298' title='bbox 406 3149 554 3195; x_wconf 85' lang='lat' dir='ltr'>deinde</span> <span class='ocrx_word' id='word_1_299' title='bbox 581 3149 632 3195; x_wconf 87' lang='lat' dir='ltr'>ad</span> <span class='ocrx_word' id='word_1_300' title='bbox 653 3151 802 3196; x_wconf 86' lang='lat' dir='ltr'>Urbem</span> <span class='ocrx_word' id='word_1_301' title='bbox 825 3149 984 3200; x_wconf 82' lang='lat' dir='ltr'>allatis,</span> <span class='ocrx_word' id='word_1_302' title='bbox 1009 3150 1047 3191; x_wconf 74' lang='grc' dir='ltr'>δι</span> <span class='ocrx_word' id='word_1_303' title='bbox 1069 3149 1193 3193; x_wconf 85' lang='lat' dir='ltr'>trium</span> 
     </span>
     <span class='ocr_line' id='line_1_52' title="bbox 228 3207 1194 3269; baseline -0.004 -14"><span class='ocrx_word' id='word_1_304' title='bbox 228 3208 510 3269; x_wconf 72' lang='lat' dir='ltr'>antiquiorum</span> <span class='ocrx_word' id='word_1_305' title='bbox 536 3219 637 3252; x_wconf 78' lang='lat' dir='ltr'>tunc</span> <span class='ocrx_word' id='word_1_306' title='bbox 667 3210 856 3264; x_wconf 86' lang='lat' dir='ltr'>temporis</span> <span class='ocrx_word' id='word_1_307' title='bbox 879 3207 1099 3252; x_wconf 76' lang='lat' dir='ltr'>Causarum</span> <span class='ocrx_word' id='word_1_308' title='bbox 1123 3208 1194 3251; x_wconf 79' lang='lat' dir='ltr'>Pa-</span> 
     </span>
     <span class='ocr_line' id='line_1_53' title="bbox 238 3264 1197 3324; baseline -0.008 -9"><span class='ocrx_word' id='word_1_309' title='bbox 238 3270 328 3315; x_wconf 77' lang='lat' dir='ltr'>tatii</span> <span class='ocrx_word' id='word_1_310' title='bbox 352 3267 574 3324; x_wconf 82' lang='lat' dir='ltr'>Apostoliei</span> <span class='ocrx_word' id='word_1_311' title='bbox 593 3267 842 3311; x_wconf 86' lang='lat' dir='ltr'>Auditor-um</span> <span class='ocrx_word' id='word_1_312' title='bbox 868 3266 1042 3310; x_wconf 82' lang='lat' dir='ltr'>examini</span> <span class='ocrx_word' id='word_1_313' title='bbox 1067 3264 1197 3318; x_wconf 71' lang='lat' dir='ltr'>subie-</span> 
     </span>
     <span class='ocr_line' id='line_1_54' title="bbox 234 3324 1196 3385; baseline -0.005 -13"><span class='ocrx_word' id='word_1_314' title='bbox 234 3329 334 3384; x_wconf 56' lang='grc' dir='ltr'>ὥς,</span> <span class='ocrx_word' id='word_1_315' title='bbox 345 3342 472 3385; x_wconf 86' lang='lat' dir='ltr'>quum</span> <span class='ocrx_word' id='word_1_316' title='bbox 500 3327 541 3369; x_wconf 84' lang='lat' dir='ltr'>hi</span> <span class='ocrx_word' id='word_1_317' title='bbox 564 3341 639 3383; x_wconf 80' lang='lat' dir='ltr'>pro</span> <span class='ocrx_word' id='word_1_318' title='bbox 654 3330 717 3370; x_wconf 74' lang='lat' dir='ltr'>fita</span> <span class='ocrx_word' id='word_1_319' title='bbox 728 3327 959 3383; x_wconf 84' lang='lat' dir='ltr'>integritate</span> <span class='ocrx_word' id='word_1_320' title='bbox 971 3326 1010 3367; x_wconf 79' lang='grc' dir='ltr'>δι</span> <span class='ocrx_word' id='word_1_321' title='bbox 1023 3324 1196 3380; x_wconf 89' lang='lat' dir='ltr'>pruden-</span> 
     </span>
     <span class='ocr_line' id='line_1_55' title="bbox 238 3376 1197 3437; baseline -0.004 -7"><span class='ocrx_word' id='word_1_322' title='bbox 238 3387 294 3430; x_wconf 81' lang='lat' dir='ltr'>tia</span> <span class='ocrx_word' id='word_1_323' title='bbox 306 3413 322 3437; x_wconf 84' lang='lat'>,</span> <span class='ocrx_word' id='word_1_324' title='bbox 349 3376 490 3431; x_wconf 75' lang='lat' dir='ltr'>eorum</span> <span class='ocrx_word' id='word_1_325' title='bbox 506 3386 752 3428; x_wconf 83' lang='lat' dir='ltr'>validitatem</span> <span class='ocrx_word' id='word_1_326' title='bbox 765 3387 803 3427; x_wconf 86' lang='grc' dir='ltr'>8ι</span> <span class='ocrx_word' id='word_1_327' title='bbox 820 3385 1086 3427; x_wconf 86' lang='lat' dir='ltr'>relevantiam</span> <span class='ocrx_word' id='word_1_328' title='bbox 1111 3383 1197 3437; x_wconf 82' lang='lat' dir='ltr'>ple-</span> 
     </span>
     <span class='ocr_line' id='line_1_56' title="bbox 238 3442 1198 3502; baseline -0.003 -15"><span class='ocrx_word' id='word_1_329' title='bbox 238 3444 393 3488; x_wconf 64' lang='lat' dir='ltr'>:ataine</span> <span class='ocrx_word' id='word_1_330' title='bbox 406 3446 677 3502; x_wconf 81' lang='lat' dir='ltr'>approbantes</span> <span class='ocrx_word' id='word_1_331' title='bbox 691 3474 704 3496; x_wconf 80' lang='lat'>,</span> <span class='ocrx_word' id='word_1_332' title='bbox 730 3443 990 3487; x_wconf 71' lang='lat' dir='ltr'>in&#39;luculenta</span> <span class='ocrx_word' id='word_1_333' title='bbox 1003 3442 1198 3486; x_wconf 80' lang='lat' dir='ltr'>relatione</span> 
     </span>
     <span class='ocr_line' id='line_1_57' title="bbox 234 3501 1195 3565; baseline -0.004 -18"><span class='ocrx_word' id='word_1_334' title='bbox 234 3503 547 3565; x_wconf 54' lang='lat' dir='ltr'>eidemtfmano</span> <span class='ocrx_word' id='word_1_335' title='bbox 562 3501 844 3547; x_wconf 80' lang='lat' dir='ltr'>Praedeceffori</span> <span class='ocrx_word' id='word_1_336' title='bbox 873 3502 1051 3546; x_wconf 77' lang='lat' dir='ltr'>exhibita</span> <span class='ocrx_word' id='word_1_337' title='bbox 1067 3529 1082 3552; x_wconf 89' lang='lat'><strong>‚</strong></span> <span class='ocrx_word' id='word_1_338' title='bbox 1113 3509 1195 3544; x_wconf 79' lang='lat' dir='ltr'>tam</span> 
     </span>
     <span class='ocr_line' id='line_1_58' title="bbox 237 3558 1194 3618; baseline -0.003 -14"><span class='ocrx_word' id='word_1_339' title='bbox 237 3561 448 3618; x_wconf 63' lang='lat' dir='ltr'>preclaras</span> <span class='ocrx_word' id='word_1_340' title='bbox 474 3564 588 3607; x_wconf 70' lang='lat' dir='ltr'>Servi</span> <span class='ocrx_word' id='word_1_341' title='bbox 613 3564 695 3606; x_wconf 76' lang='lat' dir='ltr'>Dei·</span> <span class='ocrx_word' id='word_1_342' title='bbox 717 3564 890 3606; x_wconf 78' lang='lat' dir='ltr'>virtutes</span> <span class='ocrx_word' id='word_1_343' title='bbox 915 3562 958 3605; x_wconf 85' lang='lat' dir='ltr'>in</span> <span class='ocrx_word' id='word_1_344' title='bbox 973 3558 1103 3616; x_wconf 83' lang='lat' dir='ltr'>gradu</span> <span class='ocrx_word' id='word_1_345' title='bbox 1123 3561 1194 3602; x_wconf 88' lang='lat' dir='ltr'>he-</span> 
     </span>
     <span class='ocr_line' id='line_1_59' title="bbox 234 3620 1194 3675; baseline -0.003 -12"><span class='ocrx_word' id='word_1_346' title='bbox 234 3623 378 3670; x_wconf 76' lang='lat' dir='ltr'>mico,</span> <span class='ocrx_word' id='word_1_347' title='bbox 409 3621 527 3675; x_wconf 69' lang='lat' dir='ltr'>quim</span> <span class='ocrx_word' id='word_1_348' title='bbox 552 3621 724 3665; x_wconf 79' lang='lat' dir='ltr'>illustria</span> <span class='ocrx_word' id='word_1_349' title='bbox 747 3622 786 3663; x_wconf 91' lang='lat' dir='ltr'>in</span> <span class='ocrx_word' id='word_1_350' title='bbox 820 3622 902 3663; x_wconf 80' lang='lat' dir='ltr'>vita</span> <span class='ocrx_word' id='word_1_351' title='bbox 920 3622 957 3663; x_wconf 64' lang='grc'>8(</span> <span class='ocrx_word' id='word_1_352' title='bbox 974 3620 1058 3675; x_wconf 85' lang='lat' dir='ltr'>post</span> <span class='ocrx_word' id='word_1_353' title='bbox 1081 3632 1194 3661; x_wconf 89' lang='lat' dir='ltr'>mor-</span> 
     </span>
     <span class='ocr_line' id='line_1_60' title="bbox 232 3676 1189 3738; baseline -0.003 -17"><span class='ocrx_word' id='word_1_354' title='bbox 232 3691 317 3721; x_wconf 81' lang='lat' dir='ltr'>tem</span> <span class='ocrx_word' id='word_1_355' title='bbox 329 3677 412 3732; x_wconf 78' lang='lat' dir='ltr'>ejus</span> <span class='ocrx_word' id='word_1_356' title='bbox 430 3679 705 3725; x_wconf 81' lang='lat' dir='ltr'>intereeffione</span> <span class='ocrx_word' id='word_1_357' title='bbox 721 3691 877 3738; x_wconf 77' lang='lat' dir='ltr'>patrata</span> <span class='ocrx_word' id='word_1_358' title='bbox 891 3679 1090 3723; x_wconf 73' lang='lat' dir='ltr'>Min-acula</span> <span class='ocrx_word' id='word_1_359' title='bbox 1103 3704 1116 3727; x_wconf 87' lang='lat'>,</span> <span class='ocrx_word' id='word_1_360' title='bbox 1133 3676 1189 3718; x_wconf 84' lang='lat' dir='ltr'>sa-</span> 
     </span>
     <span class='ocr_line' id='line_1_61' title="bbox 230 3737 1190 3790; baseline -0.001 -9"><span class='ocrx_word' id='word_1_361' title='bbox 230 3739 283 3781; x_wconf 84' lang='lat' dir='ltr'>tis</span> <span class='ocrx_word' id='word_1_362' title='bbox 309 3737 578 3780; x_wconf 77' lang='lat' dir='ltr'>demonstrata</span> <span class='ocrx_word' id='word_1_363' title='bbox 602 3739 676 3782; x_wconf 76' lang='lat' dir='ltr'>effe</span> <span class='ocrx_word' id='word_1_364' title='bbox 702 3738 964 3790; x_wconf 83' lang='lat' dir='ltr'>censuiffent‚</span> <span class='ocrx_word' id='word_1_365' title='bbox 992 3739 1097 3781; x_wconf 88' lang='lat' dir='ltr'>idem</span> <span class='ocrx_word' id='word_1_366' title='bbox 1113 3739 1190 3781; x_wconf 86' lang='lat' dir='ltr'>Ur·</span> 
     </span>
    </p>
   </div>
   <div class='ocr_carea' id='block_1_7' title="bbox 1985 179 2142 262">
    <p class='ocr_par' dir='ltr' id='par_1_10' title="bbox 1985 179 2142 262">
     <span class='ocr_line' id='line_1_62' title="bbox 1985 179 2142 262; baseline -0.013 0"><span class='ocrx_word' id='word_1_367' title='bbox 1985 179 2142 262; x_wconf 77' lang='lat'>309</span> 
     </span>
    </p>
   </div>
   <div class='ocr_carea' id='block_1_8' title="bbox 1249 289 2220 1453">
    <p class='ocr_par' dir='ltr' id='par_1_11' title="bbox 1249 289 2220 1453">
     <span class='ocr_line' id='line_1_63' title="bbox 1253 289 2205 351; baseline 0.005 -16"><span class='ocrx_word' id='word_1_368' title='bbox 1253 289 1658 339; x_wconf 23' lang='lat' dir='ltr'>banusvpraedeeeffor</span> <span class='ocrx_word' id='word_1_369' title='bbox 1678 291 1793 345; x_wconf 63' lang='lat' dir='ltr'>ipsius</span> <span class='ocrx_word' id='word_1_370' title='bbox 1807 293 1945 336; x_wconf 85' lang='lat' dir='ltr'>Causae</span> <span class='ocrx_word' id='word_1_371' title='bbox 1973 297 2205 351; x_wconf 53' lang='lat' dir='ltr'>judicium,</span> 
     </span>
     <span class='ocr_line' id='line_1_64' title="bbox 1253 349 2206 404; baseline 0.015 -14"><span class='ocrx_word' id='word_1_372' title='bbox 1253 352 1399 395; x_wconf 68' lang='lat' dir='ltr'>remisit</span> <span class='ocrx_word' id='word_1_373' title='bbox 1422 349 1746 403; x_wconf 79' lang='lat' dir='ltr'>congregationi</span> <span class='ocrx_word' id='word_1_374' title='bbox 1771 351 1988 392; x_wconf 79' lang='lat' dir='ltr'>Sacrorum</span> <span class='ocrx_word' id='word_1_375' title='bbox 2015 361 2206 404; x_wconf 79' lang='lat' dir='ltr'>Rituum:</span> 
     </span>
     <span class='ocr_line' id='line_1_65' title="bbox 1256 406 2210 463; baseline 0.009 -18"><span class='ocrx_word' id='word_1_376' title='bbox 1256 412 1358 463; x_wconf 85' lang='lat' dir='ltr'>Quae</span> <span class='ocrx_word' id='word_1_377' title='bbox 1385 406 1470 461; x_wconf 85' lang='lat' dir='ltr'>post</span> <span class='ocrx_word' id='word_1_378' title='bbox 1495 409 1759 460; x_wconf 79' lang='lat' dir='ltr'>approbatam</span> <span class='ocrx_word' id='word_1_379' title='bbox 1787 408 2018 453; x_wconf 86' lang='lat' dir='ltr'>eorumdem</span> <span class='ocrx_word' id='word_1_380' title='bbox 2049 417 2210 460; x_wconf 49' lang='lat' dir='ltr'>proces.</span> 
     </span>
     <span class='ocr_line' id='line_1_66' title="bbox 1256 462 2212 527; baseline 0.009 -20"><span class='ocrx_word' id='word_1_381' title='bbox 1256 466 1366 507; x_wconf 88' lang='lat' dir='ltr'>suum</span> <span class='ocrx_word' id='word_1_382' title='bbox 1400 462 1654 505; x_wconf 81' lang='lat' dir='ltr'>validitatem</span> <span class='ocrx_word' id='word_1_383' title='bbox 1681 489 1695 512; x_wconf 89' lang='lat'><strong>,</strong></span> <span class='ocrx_word' id='word_1_384' title='bbox 1724 463 1764 503; x_wconf 85' lang='lat'>&amp;</span> <span class='ocrx_word' id='word_1_385' title='bbox 1794 465 1983 506; x_wconf 79' lang='lat' dir='ltr'>examinis</span> <span class='ocrx_word' id='word_1_386' title='bbox 2017 469 2212 527; x_wconf 75' lang='lat' dir='ltr'>formam,</span> 
     </span>
     <span class='ocr_line' id='line_1_67' title="bbox 1256 518 2214 577; baseline 0.003 -16"><span class='ocrx_word' id='word_1_387' title='bbox 1256 534 1377 577; x_wconf 86' lang='lat' dir='ltr'>quum</span> <span class='ocrx_word' id='word_1_388' title='bbox 1390 518 1637 562; x_wconf 81' lang='lat' dir='ltr'>decrevisset</span> <span class='ocrx_word' id='word_1_389' title='bbox 1655 547 1669 569; x_wconf 91' lang='lat'>‚</span> <span class='ocrx_word' id='word_1_390' title='bbox 1697 518 1772 561; x_wconf 67' lang='lat' dir='ltr'>uni</span> <span class='ocrx_word' id='word_1_391' title='bbox 1797 535 1887 562; x_wconf 88' lang='lat' dir='ltr'>cum</span> <span class='ocrx_word' id='word_1_392' title='bbox 1909 519 2036 566; x_wconf 88' lang='lat' dir='ltr'>dubio</span> <span class='ocrx_word' id='word_1_393' title='bbox 2062 529 2112 570; x_wconf 91' lang='lat' dir='ltr'>de</span> <span class='ocrx_word' id='word_1_394' title='bbox 2132 533 2214 574; x_wconf 76' lang='lat' dir='ltr'>Re-</span> 
     </span>
     <span class='ocr_line' id='line_1_68' title="bbox 1256 578 2218 635; baseline 0.009 -16"><span class='ocrx_word' id='word_1_395' title='bbox 1256 579 1380 635; x_wconf 79' lang='lat' dir='ltr'>galati</span> <span class='ocrx_word' id='word_1_396' title='bbox 1400 578 1619 621; x_wconf 73' lang='lat' dir='ltr'>virtutibus</span> <span class='ocrx_word' id='word_1_397' title='bbox 1633 602 1648 625; x_wconf 67' lang='lat'>2</span> <span class='ocrx_word' id='word_1_398' title='bbox 1661 578 1832 620; x_wconf 83' lang='lat' dir='ltr'>alterum</span> <span class='ocrx_word' id='word_1_399' title='bbox 1845 592 2008 634; x_wconf 89' lang='lat' dir='ltr'>quoque</span> <span class='ocrx_word' id='word_1_400' title='bbox 2020 584 2072 625; x_wconf 90' lang='lat' dir='ltr'>de</span> <span class='ocrx_word' id='word_1_401' title='bbox 2089 586 2218 628; x_wconf 77' lang='lat' dir='ltr'>Mira·</span> 
     </span>
     <span class='ocr_line' id='line_1_69' title="bbox 1253 633 2218 696; baseline 0.008 -18"><span class='ocrx_word' id='word_1_402' title='bbox 1253 636 1356 678; x_wconf 87' lang='lat' dir='ltr'>culis</span> <span class='ocrx_word' id='word_1_403' title='bbox 1376 633 1489 688; x_wconf 77' lang='lat' dir='ltr'>ipfius</span> <span class='ocrx_word' id='word_1_404' title='bbox 1501 634 1781 680; x_wconf 82' lang='lat' dir='ltr'>interceffione</span> <span class='ocrx_word' id='word_1_405' title='bbox 1799 638 1969 693; x_wconf 82' lang='lat' dir='ltr'>sequutis</span> <span class='ocrx_word' id='word_1_406' title='bbox 1997 644 2218 696; x_wconf 85' lang='lat' dir='ltr'>proponi&amp;</span> 
     </span>
     <span class='ocr_line' id='line_1_70' title="bbox 1252 691 2217 752; baseline 0.005 -15"><span class='ocrx_word' id='word_1_407' title='bbox 1252 695 1451 748; x_wconf 76' lang='lat' dir='ltr'>expendi,</span> <span class='ocrx_word' id='word_1_408' title='bbox 1478 703 1656 749; x_wconf 87' lang='lat' dir='ltr'>quatuor</span> <span class='ocrx_word' id='word_1_409' title='bbox 1669 691 1920 752; x_wconf 81' lang='lat' dir='ltr'>infrascripta</span> <span class='ocrx_word' id='word_1_410' title='bbox 1944 699 2142 741; x_wconf 85' lang='lat' dir='ltr'>Miracula</span> <span class='ocrx_word' id='word_1_411' title='bbox 2166 702 2217 742; x_wconf 85' lang='lat' dir='ltr'>ad</span> 
     </span>
     <span class='ocr_line' id='line_1_71' title="bbox 1249 752 2216 810; baseline 0.005 -16"><span class='ocrx_word' id='word_1_412' title='bbox 1249 753 1440 794; x_wconf 79' lang='lat' dir='ltr'>trutinam</span> <span class='ocrx_word' id='word_1_413' title='bbox 1473 752 1636 796; x_wconf 85' lang='lat' dir='ltr'>vocavit</span> <span class='ocrx_word' id='word_1_414' title='bbox 1654 777 1667 792; x_wconf 88' lang='grc'><strong>.</strong></span> <span class='ocrx_word' id='word_1_415' title='bbox 1701 752 1876 799; x_wconf 86' lang='lat' dir='ltr'>Primum</span> <span class='ocrx_word' id='word_1_416' title='bbox 1891 781 1906 805; x_wconf 83' lang='lat'><strong>,</strong></span> <span class='ocrx_word' id='word_1_417' title='bbox 1921 757 2028 810; x_wconf 90' lang='lat' dir='ltr'>quod</span> <span class='ocrx_word' id='word_1_418' title='bbox 2046 757 2145 799; x_wconf 87' lang='lat' dir='ltr'>olim</span> <span class='ocrx_word' id='word_1_419' title='bbox 2177 759 2216 799; x_wconf 89' lang='lat' dir='ltr'>in</span> 
     </span>
     <span class='ocr_line' id='line_1_72' title="bbox 1254 812 2215 868; baseline 0.006 -17"><span class='ocrx_word' id='word_1_420' title='bbox 1254 812 1479 853; x_wconf 75' lang='lat' dir='ltr'>vintatione</span> <span class='ocrx_word' id='word_1_421' title='bbox 1502 812 1793 855; x_wconf 84' lang='lat' dir='ltr'>Conventuum</span> <span class='ocrx_word' id='word_1_422' title='bbox 1821 814 2037 868; x_wconf 80' lang='lat' dir='ltr'>Aquileriae</span> <span class='ocrx_word' id='word_1_423' title='bbox 2061 816 2101 856; x_wconf 77' lang='grc' dir='ltr'>δι</span> <span class='ocrx_word' id='word_1_424' title='bbox 2123 816 2215 857; x_wconf 82' lang='lat' dir='ltr'>Tri·</span> 
     </span>
     <span class='ocr_line' id='line_1_73' title="bbox 1252 869 2212 928; baseline 0.007 -18"><span class='ocrx_word' id='word_1_425' title='bbox 1252 871 1375 918; x_wconf 79' lang='lat' dir='ltr'>buli„</span> <span class='ocrx_word' id='word_1_426' title='bbox 1397 882 1520 926; x_wconf 83' lang='lat' dir='ltr'>quam</span> <span class='ocrx_word' id='word_1_427' title='bbox 1555 869 1630 913; x_wconf 86' lang='lat' dir='ltr'>Dei</span> <span class='ocrx_word' id='word_1_428' title='bbox 1659 872 1806 915; x_wconf 78' lang='lat' dir='ltr'>servus</span> <span class='ocrx_word' id='word_1_429' title='bbox 1824 873 1947 927; x_wconf 83' lang='lat' dir='ltr'>pedes</span> <span class='ocrx_word' id='word_1_430' title='bbox 1973 874 2212 928; x_wconf 85' lang='lat' dir='ltr'>peragebat,</span> 
     </span>
     <span class='ocr_line' id='line_1_74' title="bbox 1251 925 2215 988; baseline 0.004 -19"><span class='ocrx_word' id='word_1_431' title='bbox 1251 929 1542 971; x_wconf 87' lang='lat' dir='ltr'>intermedium</span> <span class='ocrx_word' id='word_1_432' title='bbox 1565 925 1736 982; x_wconf 86' lang='lat' dir='ltr'>spatium</span> <span class='ocrx_word' id='word_1_433' title='bbox 1759 929 2030 988; x_wconf 83' lang='lat' dir='ltr'>quadraginta</span> <span class='ocrx_word' id='word_1_434' title='bbox 2044 932 2215 975; x_wconf 84' lang='lat' dir='ltr'>millium</span> 
     </span>
     <span class='ocr_line' id='line_1_75' title="bbox 1258 986 2219 1043; baseline 0.002 -14"><span class='ocrx_word' id='word_1_435' title='bbox 1258 988 1440 1043; x_wconf 79' lang='lat' dir='ltr'>passuum</span> <span class='ocrx_word' id='word_1_436' title='bbox 1454 986 1572 1030; x_wconf 86' lang='lat' dir='ltr'>unius</span> <span class='ocrx_word' id='word_1_437' title='bbox 1587 988 1695 1029; x_wconf 81' lang='lat' dir='ltr'>horae</span> <span class='ocrx_word' id='word_1_438' title='bbox 1719 986 1940 1034; x_wconf 78' lang='lat' dir='ltr'>intervallo</span> <span class='ocrx_word' id='word_1_439' title='bbox 1953 988 2194 1034; x_wconf 83' lang='lat' dir='ltr'>confecisset</span> <span class='ocrx_word' id='word_1_440' title='bbox 2205 1018 2219 1031; x_wconf 85' lang='lat'><strong>.</strong></span> 
     </span>
     <span class='ocr_line' id='line_1_76' title="bbox 1257 1045 2215 1100; baseline 0.001 -11"><span class='ocrx_word' id='word_1_441' title='bbox 1257 1047 1473 1096; x_wconf 85' lang='lat' dir='ltr'>Alterum,</span> <span class='ocrx_word' id='word_1_442' title='bbox 1486 1045 1596 1100; x_wconf 84' lang='lat' dir='ltr'>quod</span> <span class='ocrx_word' id='word_1_443' title='bbox 1614 1058 1736 1100; x_wconf 87' lang='lat' dir='ltr'>quum</span> <span class='ocrx_word' id='word_1_444' title='bbox 1755 1045 1944 1091; x_wconf 66' lang='lat' dir='ltr'>collefias</span> <span class='ocrx_word' id='word_1_445' title='bbox 1968 1050 1991 1089; x_wconf 77' lang='lat' dir='ltr'>e</span> <span class='ocrx_word' id='word_1_446' title='bbox 2012 1048 2215 1092; x_wconf 87' lang='lat' dir='ltr'>communi</span> 
     </span>
     <span class='ocr_line' id='line_1_77' title="bbox 1251 1103 2218 1161; baseline -0.002 -11"><span class='ocrx_word' id='word_1_447' title='bbox 1251 1103 1390 1150; x_wconf 84' lang='lat' dir='ltr'>Mensa</span> <span class='ocrx_word' id='word_1_448' title='bbox 1410 1104 1601 1160; x_wconf 81' lang='lat' dir='ltr'>reliquias</span> <span class='ocrx_word' id='word_1_449' title='bbox 1619 1103 1697 1158; x_wconf 88' lang='lat' dir='ltr'>aliq</span> <span class='ocrx_word' id='word_1_450' title='bbox 1706 1105 1837 1147; x_wconf 75' lang='lat' dir='ltr'>nando</span> <span class='ocrx_word' id='word_1_451' title='bbox 1852 1106 2024 1151; x_wconf 79' lang='lat' dir='ltr'>deferret</span> <span class='ocrx_word' id='word_1_452' title='bbox 2050 1107 2100 1148; x_wconf 88' lang='lat' dir='ltr'>ad</span> <span class='ocrx_word' id='word_1_453' title='bbox 2122 1120 2218 1161; x_wconf 87' lang='lat' dir='ltr'>pau-</span> 
     </span>
     <span class='ocr_line' id='line_1_78' title="bbox 1250 1162 2214 1220; baseline -0.002 -12"><span class='ocrx_word' id='word_1_454' title='bbox 1250 1178 1398 1220; x_wconf 77' lang='lat' dir='ltr'>peres,</span> <span class='ocrx_word' id='word_1_455' title='bbox 1427 1165 1481 1207; x_wconf 91' lang='lat' dir='ltr'>ob</span> <span class='ocrx_word' id='word_1_456' title='bbox 1513 1162 1636 1219; x_wconf 88' lang='lat' dir='ltr'>idque</span> <span class='ocrx_word' id='word_1_457' title='bbox 1668 1163 1687 1204; x_wconf 77' lang='lat' dir='ltr'>:i</span> <span class='ocrx_word' id='word_1_458' title='bbox 1711 1164 1875 1209; x_wconf 83' lang='lat' dir='ltr'>vicario</span> <span class='ocrx_word' id='word_1_459' title='bbox 1890 1166 1959 1210; x_wconf 73' lang='lat' dir='ltr'>sibi</span> <span class='ocrx_word' id='word_1_460' title='bbox 1974 1173 2214 1208; x_wconf 85' lang='lat' dir='ltr'>occurrente</span> 
     </span>
     <span class='ocr_line' id='line_1_79' title="bbox 1249 1221 2220 1280; baseline 0.001 -15"><span class='ocrx_word' id='word_1_461' title='bbox 1249 1221 1692 1280; x_wconf 75' lang='lat' dir='ltr'>objurgaretur-‚quod</span> <span class='ocrx_word' id='word_1_462' title='bbox 1711 1222 1824 1278; x_wconf 82' lang='lat' dir='ltr'>supra</span> <span class='ocrx_word' id='word_1_463' title='bbox 1841 1223 2009 1268; x_wconf 89' lang='lat' dir='ltr'>modum</span> <span class='ocrx_word' id='word_1_464' title='bbox 2036 1223 2075 1266; x_wconf 90' lang='lat' dir='ltr'>in</span> <span class='ocrx_word' id='word_1_465' title='bbox 2105 1233 2220 1267; x_wconf 82' lang='lat' dir='ltr'>exte-</span> 
     </span>
     <span class='ocr_line' id='line_1_80' title="bbox 1252 1279 2216 1337; baseline -0.001 -13"><span class='ocrx_word' id='word_1_466' title='bbox 1252 1296 1317 1324; x_wconf 87' lang='lat' dir='ltr'>ros</span> <span class='ocrx_word' id='word_1_467' title='bbox 1332 1281 1369 1323; x_wconf 87' lang='lat' dir='ltr'>se</span> <span class='ocrx_word' id='word_1_468' title='bbox 1385 1281 1594 1325; x_wconf 80' lang='lat' dir='ltr'>liberalem</span> <span class='ocrx_word' id='word_1_469' title='bbox 1628 1283 1848 1336; x_wconf 83' lang='lat' dir='ltr'>praeberet,</span> <span class='ocrx_word' id='word_1_470' title='bbox 1878 1297 2080 1337; x_wconf 90' lang='lat' dir='ltr'>quumque</span> <span class='ocrx_word' id='word_1_471' title='bbox 2095 1282 2127 1323; x_wconf 82' lang='lat' dir='ltr'>is</span> <span class='ocrx_word' id='word_1_472' title='bbox 2159 1279 2216 1323; x_wconf 90' lang='lat' dir='ltr'>nil</span> 
     </span>
     <span class='ocr_line' id='line_1_81' title="bbox 1250 1338 2219 1395; baseline 0 -14"><span class='ocrx_word' id='word_1_473' title='bbox 1250 1339 1362 1381; x_wconf 84' lang='lat' dir='ltr'>aliud</span> <span class='ocrx_word' id='word_1_474' title='bbox 1393 1340 1510 1395; x_wconf 70' lang='lat' dir='ltr'>quim</span> <span class='ocrx_word' id='word_1_475' title='bbox 1545 1340 1665 1382; x_wconf 83' lang='lat' dir='ltr'>flores</span> <span class='ocrx_word' id='word_1_476' title='bbox 1689 1338 1851 1386; x_wconf 86' lang='lat' dir='ltr'>deferre</span> <span class='ocrx_word' id='word_1_477' title='bbox 1878 1341 1918 1384; x_wconf 88' lang='lat' dir='ltr'>se</span> <span class='ocrx_word' id='word_1_478' title='bbox 1933 1339 2219 1389; x_wconf 63' lang='lat' dir='ltr'>asseverasset,</span> 
     </span>
     <span class='ocr_line' id='line_1_82' title="bbox 1249 1396 2216 1453; baseline -0.001 -13"><span class='ocrx_word' id='word_1_479' title='bbox 1249 1397 1370 1440; x_wconf 84' lang='lat' dir='ltr'>flores</span> <span class='ocrx_word' id='word_1_480' title='bbox 1386 1410 1528 1438; x_wconf 82' lang='lat' dir='ltr'>revera</span> <span class='ocrx_word' id='word_1_481' title='bbox 1543 1398 1584 1437; x_wconf 88' lang='lat' dir='ltr'>in</span> <span class='ocrx_word' id='word_1_482' title='bbox 1601 1396 1759 1439; x_wconf 83' lang='lat' dir='ltr'>sacculo</span> <span class='ocrx_word' id='word_1_483' title='bbox 1790 1400 1941 1453; x_wconf 88' lang='lat' dir='ltr'>reperti</span> <span class='ocrx_word' id='word_1_484' title='bbox 1967 1397 2087 1448; x_wconf 86' lang='lat' dir='ltr'>sunt,</span> <span class='ocrx_word' id='word_1_485' title='bbox 2115 1410 2216 1452; x_wconf 77' lang='lat' dir='ltr'>quos</span> 
     </span>
    </p>
   </div>
   <div class='ocr_carea' id='block_1_9' title="bbox 1229 1453 2220 1514">
    <p class='ocr_par' dir='ltr' id='par_1_12' title="bbox 1229 1453 2220 1514">
     <span class='ocr_line' id='line_1_83' title="bbox 1229 1453 2220 1514; baseline 0.002 -19"><span class='ocrx_word' id='word_1_486' title='bbox 1229 1467 1380 1514; x_wconf 18' lang='lat' dir='ltr'>&amp;neque</span> <span class='ocrx_word' id='word_1_487' title='bbox 1403 1453 1494 1497; x_wconf 88' lang='lat' dir='ltr'>anui</span> <span class='ocrx_word' id='word_1_488' title='bbox 1512 1462 1692 1508; x_wconf 84' lang='lat' dir='ltr'>tempus,</span> <span class='ocrx_word' id='word_1_489' title='bbox 1715 1469 1848 1511; x_wconf 83' lang='lat' dir='ltr'>neque</span> <span class='ocrx_word' id='word_1_490' title='bbox 1874 1456 2062 1509; x_wconf 75' lang='lat' dir='ltr'>Regionis</span> <span class='ocrx_word' id='word_1_491' title='bbox 2077 1465 2220 1497; x_wconf 85' lang='lat' dir='ltr'>natura</span> 
     </span>
    </p>
   </div>
   <div class='ocr_carea' id='block_1_10' title="bbox 1247 1512 2222 3736">
    <p class='ocr_par' dir='ltr' id='par_1_13' title="bbox 1247 1512 2222 2563">
     <span class='ocr_line' id='line_1_84' title="bbox 1254 1512 2215 1569; baseline 0.003 -16"><span class='ocrx_word' id='word_1_492' title='bbox 1254 1512 1513 1568; x_wconf 80' lang='lat' dir='ltr'>suppeditare</span> <span class='ocrx_word' id='word_1_493' title='bbox 1543 1522 1761 1566; x_wconf 81' lang='lat' dir='ltr'>potuerant</span> <span class='ocrx_word' id='word_1_494' title='bbox 1789 1544 1802 1556; x_wconf 85' lang='lat'>.</span> <span class='ocrx_word' id='word_1_495' title='bbox 1842 1516 2027 1558; x_wconf 79' lang='lat' dir='ltr'>‘remum</span> <span class='ocrx_word' id='word_1_496' title='bbox 2059 1542 2073 1565; x_wconf 90' lang='lat'>‚</span> <span class='ocrx_word' id='word_1_497' title='bbox 2103 1514 2215 1569; x_wconf 92' lang='lat' dir='ltr'>quod</span> 
     </span>
     <span class='ocr_line' id='line_1_85' title="bbox 1253 1569 2222 1627; baseline 0 -15"><span class='ocrx_word' id='word_1_498' title='bbox 1253 1569 1369 1614; x_wconf 88' lang='lat' dir='ltr'>Durii</span> <span class='ocrx_word' id='word_1_499' title='bbox 1387 1569 1579 1614; x_wconf 79' lang='lat' dir='ltr'>Fluminis</span> <span class='ocrx_word' id='word_1_500' title='bbox 1594 1573 1897 1627; x_wconf 54' lang='lat' dir='ltr'>aquagquoties</span> <span class='ocrx_word' id='word_1_501' title='bbox 1913 1572 2222 1623; x_wconf 78' lang='lat' dir='ltr'>increbuissent,</span> 
     </span>
     <span class='ocr_line' id='line_1_86' title="bbox 1253 1628 2220 1684; baseline 0.002 -12"><span class='ocrx_word' id='word_1_502' title='bbox 1253 1631 1294 1672; x_wconf 78' lang='grc' dir='ltr'>δι</span> <span class='ocrx_word' id='word_1_503' title='bbox 1309 1628 1492 1672; x_wconf 83' lang='lat' dir='ltr'>navicula</span> <span class='ocrx_word' id='word_1_504' title='bbox 1507 1628 1662 1672; x_wconf 80' lang='lat' dir='ltr'>deesset</span> <span class='ocrx_word' id='word_1_505' title='bbox 1678 1629 1729 1671; x_wconf 88' lang='lat' dir='ltr'>ad</span> <span class='ocrx_word' id='word_1_506' title='bbox 1753 1630 2098 1675; x_wconf 73' lang='lat' dir='ltr'>transfretandum</span> <span class='ocrx_word' id='word_1_507' title='bbox 2118 1657 2134 1684; x_wconf 85' lang='lat'><strong>,</strong></span> <span class='ocrx_word' id='word_1_508' title='bbox 2147 1645 2220 1674; x_wconf 85' lang='lat' dir='ltr'>ex-</span> 
     </span>
     <span class='ocr_line' id='line_1_87' title="bbox 1253 1688 2221 1745; baseline 0.005 -16"><span class='ocrx_word' id='word_1_509' title='bbox 1253 1699 1372 1732; x_wconf 86' lang='lat' dir='ltr'>tento</span> <span class='ocrx_word' id='word_1_510' title='bbox 1391 1689 1507 1742; x_wconf 83' lang='lat' dir='ltr'>super</span> <span class='ocrx_word' id='word_1_511' title='bbox 1536 1700 1604 1730; x_wconf 84' lang='lat' dir='ltr'>cas</span> <span class='ocrx_word' id='word_1_512' title='bbox 1620 1688 1766 1743; x_wconf 76' lang='lat' dir='ltr'>panio,</span> <span class='ocrx_word' id='word_1_513' title='bbox 1797 1703 1877 1734; x_wconf 89' lang='lat' dir='ltr'>non</span> <span class='ocrx_word' id='word_1_514' title='bbox 1889 1688 2009 1733; x_wconf 89' lang='lat' dir='ltr'>semel</span> <span class='ocrx_word' id='word_1_515' title='bbox 2030 1691 2137 1732; x_wconf 77' lang='lat' dir='ltr'>{icco</span> <span class='ocrx_word' id='word_1_516' title='bbox 2148 1705 2221 1745; x_wconf 87' lang='lat' dir='ltr'>pe·</span> 
     </span>
     <span class='ocr_line' id='line_1_88' title="bbox 1251 1748 2221 1805; baseline 0.001 -16"><span class='ocrx_word' id='word_1_517' title='bbox 1251 1748 1303 1790; x_wconf 86' lang='lat' dir='ltr'>de</span> <span class='ocrx_word' id='word_1_518' title='bbox 1317 1752 1524 1789; x_wconf 70' lang='lat' dir='ltr'>tranlnerat</span> <span class='ocrx_word' id='word_1_519' title='bbox 1545 1774 1556 1787; x_wconf 86' lang='lat'><strong>.</strong></span> <span class='ocrx_word' id='word_1_520' title='bbox 1571 1750 1782 1802; x_wconf 84' lang='lat' dir='ltr'>Quartum</span> <span class='ocrx_word' id='word_1_521' title='bbox 1794 1749 1986 1805; x_wconf 80' lang='lat' dir='ltr'>denique,</span> <span class='ocrx_word' id='word_1_522' title='bbox 2000 1750 2108 1804; x_wconf 87' lang='lat' dir='ltr'>quod</span> <span class='ocrx_word' id='word_1_523' title='bbox 2123 1763 2221 1804; x_wconf 83' lang='lat' dir='ltr'>pau·</span> 
     </span>
     <span class='ocr_line' id='line_1_89' title="bbox 1251 1803 2218 1862; baseline 0 -13"><span class='ocrx_word' id='word_1_524' title='bbox 1251 1808 1334 1862; x_wconf 89' lang='lat' dir='ltr'>peri</span> <span class='ocrx_word' id='word_1_525' title='bbox 1360 1805 1443 1861; x_wconf 85' lang='lat' dir='ltr'>post</span> <span class='ocrx_word' id='word_1_526' title='bbox 1472 1803 1586 1859; x_wconf 81' lang='lat' dir='ltr'>ipsius</span> <span class='ocrx_word' id='word_1_527' title='bbox 1612 1806 1768 1849; x_wconf 88' lang='lat' dir='ltr'>obitum</span> <span class='ocrx_word' id='word_1_528' title='bbox 1795 1805 1947 1852; x_wconf 70' lang='lat' dir='ltr'>assueta</span> <span class='ocrx_word' id='word_1_529' title='bbox 1963 1806 2218 1862; x_wconf 80' lang='lat' dir='ltr'>eleemosyna</span> 
     </span>
     <span class='ocr_line' id='line_1_90' title="bbox 1249 1860 2216 1921; baseline 0.001 -14"><span class='ocrx_word' id='word_1_530' title='bbox 1249 1878 1330 1920; x_wconf 82' lang='lat' dir='ltr'>prae</span> <span class='ocrx_word' id='word_1_531' title='bbox 1344 1863 1519 1921; x_wconf 64' lang='lat' dir='ltr'>cenobii</span> <span class='ocrx_word' id='word_1_532' title='bbox 1533 1860 1686 1908; x_wconf 84' lang='lat' dir='ltr'>foribus</span> <span class='ocrx_word' id='word_1_533' title='bbox 1705 1865 1889 1910; x_wconf 78' lang='lat' dir='ltr'>fraudato</span> <span class='ocrx_word' id='word_1_534' title='bbox 1904 1864 2059 1920; x_wconf 68' lang='lat' dir='ltr'>,eaque</span> <span class='ocrx_word' id='word_1_535' title='bbox 2089 1864 2140 1908; x_wconf 91' lang='lat' dir='ltr'>de</span> <span class='ocrx_word' id='word_1_536' title='bbox 2171 1879 2216 1908; x_wconf 90' lang='lat' dir='ltr'>re</span> 
     </span>
     <span class='ocr_line' id='line_1_91' title="bbox 1248 1922 2216 1980; baseline -0.003 -14"><span class='ocrx_word' id='word_1_537' title='bbox 1248 1923 1298 1966; x_wconf 87' lang='lat' dir='ltr'>ad</span> <span class='ocrx_word' id='word_1_538' title='bbox 1332 1923 1447 1978; x_wconf 80' lang='lat' dir='ltr'>ipuus</span> <span class='ocrx_word' id='word_1_539' title='bbox 1481 1923 1593 1967; x_wconf 74' lang='lat' dir='ltr'>Petri</span> <span class='ocrx_word' id='word_1_540' title='bbox 1626 1922 1881 1979; x_wconf 82' lang='lat' dir='ltr'>sepulchrum</span> <span class='ocrx_word' id='word_1_541' title='bbox 1914 1924 2183 1980; x_wconf 88' lang='lat' dir='ltr'>conquerenti</span> <span class='ocrx_word' id='word_1_542' title='bbox 2200 1951 2216 1975; x_wconf 84' lang='lat'>,</span> 
     </span>
     <span class='ocr_line' id='line_1_92' title="bbox 1247 1981 2219 2037; baseline -0.002 -11"><span class='ocrx_word' id='word_1_543' title='bbox 1247 1993 1391 2027; x_wconf 79' lang='lat' dir='ltr'>exerto</span> <span class='ocrx_word' id='word_1_544' title='bbox 1417 1981 1442 2023; x_wconf 80' lang='grc' dir='ltr'>ὲ</span> <span class='ocrx_word' id='word_1_545' title='bbox 1471 1981 1684 2035; x_wconf 82' lang='lat' dir='ltr'>sepulchro</span> <span class='ocrx_word' id='word_1_546' title='bbox 1699 1981 1892 2031; x_wconf 84' lang='lat' dir='ltr'>brachio,</span> <span class='ocrx_word' id='word_1_547' title='bbox 1919 1996 2059 2037; x_wconf 78' lang='lat' dir='ltr'>panem</span> <span class='ocrx_word' id='word_1_548' title='bbox 2074 1995 2219 2037; x_wconf 86' lang='lat' dir='ltr'>porre-</span> 
     </span>
     <span class='ocr_line' id='line_1_93' title="bbox 1253 2038 2214 2097; baseline -0.002 -13"><span class='ocrx_word' id='word_1_549' title='bbox 1253 2039 1372 2084; x_wconf 76' lang='lat' dir='ltr'>xerit.</span> <span class='ocrx_word' id='word_1_550' title='bbox 1391 2039 1547 2094; x_wconf 77' lang='lat' dir='ltr'>Hisque</span> <span class='ocrx_word' id='word_1_551' title='bbox 1564 2038 1872 2085; x_wconf 77' lang='lat' dir='ltr'>admirabilibus</span> <span class='ocrx_word' id='word_1_552' title='bbox 1885 2038 1978 2084; x_wconf 65' lang='lat' dir='ltr'>{ane</span> <span class='ocrx_word' id='word_1_553' title='bbox 1993 2040 2214 2097; x_wconf 80' lang='lat' dir='ltr'>prodigiis,</span> 
     </span>
     <span class='ocr_line' id='line_1_94' title="bbox 1250 2096 2219 2155; baseline 0.005 -15"><span class='ocrx_word' id='word_1_554' title='bbox 1250 2110 1336 2155; x_wconf 79' lang='lat' dir='ltr'>quae</span> <span class='ocrx_word' id='word_1_555' title='bbox 1365 2098 1487 2142; x_wconf 84' lang='lat' dir='ltr'>etiam</span> <span class='ocrx_word' id='word_1_556' title='bbox 1509 2096 1531 2140; x_wconf 73' lang='lat' dir='ltr'>a</span> <span class='ocrx_word' id='word_1_557' title='bbox 1553 2097 1815 2143; x_wconf 78' lang='lat' dir='ltr'>vetustiffimis</span> <span class='ocrx_word' id='word_1_558' title='bbox 1845 2099 2095 2153; x_wconf 81' lang='lat' dir='ltr'>temporibus</span> <span class='ocrx_word' id='word_1_559' title='bbox 2110 2111 2219 2145; x_wconf 78' lang='lat' dir='ltr'>mar·-</span> 
     </span>
     <span class='ocr_line' id='line_1_95' title="bbox 1251 2156 2218 2213; baseline 0.001 -13"><span class='ocrx_word' id='word_1_560' title='bbox 1251 2168 1390 2200; x_wconf 87' lang='lat' dir='ltr'>moreo</span> <span class='ocrx_word' id='word_1_561' title='bbox 1404 2156 1520 2201; x_wconf 79' lang='lat' dir='ltr'>Servi</span> <span class='ocrx_word' id='word_1_562' title='bbox 1540 2157 1618 2201; x_wconf 87' lang='lat' dir='ltr'>Dei</span> <span class='ocrx_word' id='word_1_563' title='bbox 1645 2158 1891 2213; x_wconf 74' lang='lat' dir='ltr'>sarcophago</span> <span class='ocrx_word' id='word_1_564' title='bbox 1917 2157 2111 2213; x_wconf 85' lang='lat' dir='ltr'>insculpta</span> <span class='ocrx_word' id='word_1_565' title='bbox 2125 2171 2218 2201; x_wconf 83' lang='lat' dir='ltr'>cer-</span> 
     </span>
     <span class='ocr_line' id='line_1_96' title="bbox 1251 2215 2213 2272; baseline 0.002 -12"><span class='ocrx_word' id='word_1_566' title='bbox 1251 2216 1453 2260; x_wconf 86' lang='lat' dir='ltr'>nebantur</span> <span class='ocrx_word' id='word_1_567' title='bbox 1466 2241 1482 2266; x_wconf 83' lang='lat'>,</span> <span class='ocrx_word' id='word_1_568' title='bbox 1514 2216 1673 2259; x_wconf 76' lang='lat' dir='ltr'>mature</span> <span class='ocrx_word' id='word_1_569' title='bbox 1702 2215 1878 2260; x_wconf 78' lang='lat' dir='ltr'>diseussis</span> <span class='ocrx_word' id='word_1_570' title='bbox 1897 2218 1935 2258; x_wconf 71' lang='grc' dir='ltr'>ἃ</span> <span class='ocrx_word' id='word_1_571' title='bbox 1951 2217 2184 2272; x_wconf 82' lang='lat' dir='ltr'>approbatis</span> <span class='ocrx_word' id='word_1_572' title='bbox 2198 2244 2213 2267; x_wconf 84' lang='lat'><strong>‚</strong></span> 
     </span>
     <span class='ocr_line' id='line_1_97' title="bbox 1253 2274 2218 2331; baseline -0.001 -13"><span class='ocrx_word' id='word_1_573' title='bbox 1253 2275 1413 2331; x_wconf 65' lang='lat' dir='ltr'>peraeto</span> <span class='ocrx_word' id='word_1_574' title='bbox 1426 2286 1589 2328; x_wconf 86' lang='lat' dir='ltr'>quoque</span> <span class='ocrx_word' id='word_1_575' title='bbox 1618 2276 1814 2320; x_wconf 84' lang='lat' dir='ltr'>virtutum</span> <span class='ocrx_word' id='word_1_576' title='bbox 1840 2276 2046 2328; x_wconf 77' lang='lat' dir='ltr'>examine3</span> <span class='ocrx_word' id='word_1_577' title='bbox 2076 2274 2218 2320; x_wconf 87' lang='lat' dir='ltr'>eadem</span> 
     </span>
     <span class='ocr_line' id='line_1_98' title="bbox 1250 2332 2219 2388; baseline 0 -10"><span class='ocrx_word' id='word_1_578' title='bbox 1250 2332 1532 2388; x_wconf 72' lang='lat' dir='ltr'>congregatio</span> <span class='ocrx_word' id='word_1_579' title='bbox 1548 2335 1771 2378; x_wconf 82' lang='lat' dir='ltr'>Decretum</span> <span class='ocrx_word' id='word_1_580' title='bbox 1788 2333 1913 2378; x_wconf 84' lang='lat' dir='ltr'>edidit</span> <span class='ocrx_word' id='word_1_581' title='bbox 1943 2333 2007 2377; x_wconf 86' lang='lat' dir='ltr'>die</span> <span class='ocrx_word' id='word_1_582' title='bbox 2020 2347 2116 2376; x_wconf 78' lang='lat' dir='ltr'>xvi.</span> <span class='ocrx_word' id='word_1_583' title='bbox 2134 2337 2219 2378; x_wconf 87' lang='grc' dir='ltr'>Νο-</span> 
     </span>
     <span class='ocr_line' id='line_1_99' title="bbox 1253 2390 2216 2449; baseline 0.004 -15"><span class='ocrx_word' id='word_1_584' title='bbox 1253 2391 1426 2434; x_wconf 85' lang='lat' dir='ltr'>vembris</span> <span class='ocrx_word' id='word_1_585' title='bbox 1439 2390 1531 2432; x_wconf 84' lang='lat' dir='ltr'>anni</span> <span class='ocrx_word' id='word_1_586' title='bbox 1554 2393 1673 2448; x_wconf 81' lang='lat'>1630.</span> <span class='ocrx_word' id='word_1_587' title='bbox 1688 2421 1704 2445; x_wconf 86' lang='lat'>‚</span> <span class='ocrx_word' id='word_1_588' title='bbox 1719 2402 1896 2449; x_wconf 88' lang='lat' dir='ltr'>quotam</span> <span class='ocrx_word' id='word_1_589' title='bbox 1915 2394 2097 2436; x_wconf 82' lang='lat' dir='ltr'>Virtutes</span> <span class='ocrx_word' id='word_1_590' title='bbox 2113 2392 2216 2448; x_wconf 81' lang='lat' dir='ltr'>ejus·</span> 
     </span>
     <span class='ocr_line' id='line_1_100' title="bbox 1249 2450 2216 2509; baseline 0.001 -16"><span class='ocrx_word' id='word_1_591' title='bbox 1249 2450 1345 2495; x_wconf 86' lang='lat' dir='ltr'>dem</span> <span class='ocrx_word' id='word_1_592' title='bbox 1367 2450 1485 2495; x_wconf 82' lang='lat' dir='ltr'>Servi</span> <span class='ocrx_word' id='word_1_593' title='bbox 1498 2450 1728 2508; x_wconf 72' lang='lat' dir='ltr'>Dei‚qua&#39;m</span> <span class='ocrx_word' id='word_1_594' title='bbox 1743 2450 1824 2509; x_wconf 86' lang='lat' dir='ltr'>ipsa</span> <span class='ocrx_word' id='word_1_595' title='bbox 1841 2451 2023 2508; x_wconf 68' lang='lat' dir='ltr'>praedieta</span> <span class='ocrx_word' id='word_1_596' title='bbox 2038 2452 2216 2497; x_wconf 85' lang='lat' dir='ltr'>Miracu·</span> 
     </span>
     <span class='ocr_line' id='line_1_101' title="bbox 1250 2508 1780 2563; baseline 0.004 -11"><span class='ocrx_word' id='word_1_597' title='bbox 1250 2510 1289 2552; x_wconf 82' lang='lat' dir='ltr'>la</span> <span class='ocrx_word' id='word_1_598' title='bbox 1306 2508 1569 2563; x_wconf 83' lang='lat' dir='ltr'>comprobata</span> <span class='ocrx_word' id='word_1_599' title='bbox 1593 2508 1780 2558; x_wconf 83' lang='lat' dir='ltr'>suerunt.</span> 
     </span>
    </p>

    <p class='ocr_par' dir='ltr' id='par_1_14' title="bbox 1248 2569 2220 3736">
     <span class='ocr_line' id='line_1_102' title="bbox 1369 2569 2212 2628; baseline 0.001 -19"><span class='ocrx_word' id='word_1_600' title='bbox 1369 2570 1512 2628; x_wconf 86' lang='lat' dir='ltr'>Qum</span> <span class='ocrx_word' id='word_1_601' title='bbox 1529 2571 1628 2614; x_wconf 70' lang='lat' dir='ltr'>vero</span> <span class='ocrx_word' id='word_1_602' title='bbox 1648 2570 1773 2626; x_wconf 89' lang='lat' dir='ltr'>paulo</span> <span class='ocrx_word' id='word_1_603' title='bbox 1788 2569 1874 2627; x_wconf 79' lang='lat' dir='ltr'>post</span> <span class='ocrx_word' id='word_1_604' title='bbox 1887 2596 1903 2621; x_wconf 82' lang='lat'>‚</span> <span class='ocrx_word' id='word_1_605' title='bbox 1928 2584 2047 2625; x_wconf 85' lang='lat' dir='ltr'>super</span> <span class='ocrx_word' id='word_1_606' title='bbox 2073 2569 2212 2625; x_wconf 83' lang='lat' dir='ltr'>hujus·</span> 
     </span>
     <span class='ocr_line' id='line_1_103' title="bbox 1255 2626 2216 2681; baseline 0 -12"><span class='ocrx_word' id='word_1_607' title='bbox 1255 2626 1366 2669; x_wconf 91' lang='lat' dir='ltr'>modi</span> <span class='ocrx_word' id='word_1_608' title='bbox 1384 2626 1625 2679; x_wconf 82' lang='lat' dir='ltr'>judiciorum</span> <span class='ocrx_word' id='word_1_609' title='bbox 1642 2628 1785 2671; x_wconf 89' lang='lat' dir='ltr'>ordine</span> <span class='ocrx_word' id='word_1_610' title='bbox 1796 2632 1838 2674; x_wconf 73' lang='grc' dir='ltr'>δι</span> <span class='ocrx_word' id='word_1_611' title='bbox 1851 2628 2049 2672; x_wconf 83' lang='lat' dir='ltr'>methodo</span> <span class='ocrx_word' id='word_1_612' title='bbox 2065 2657 2080 2681; x_wconf 87' lang='lat'>,</span> <span class='ocrx_word' id='word_1_613' title='bbox 2111 2641 2216 2670; x_wconf 71' lang='lat' dir='ltr'>nova</span> 
     </span>
     <span class='ocr_line' id='line_1_104' title="bbox 1251 2685 2215 2743; baseline 0.001 -16"><span class='ocrx_word' id='word_1_614' title='bbox 1251 2685 1591 2729; x_wconf 80' lang='lat' dir='ltr'>&amp;consultiffima</span> <span class='ocrx_word' id='word_1_615' title='bbox 1616 2686 1800 2743; x_wconf 81' lang='lat' dir='ltr'>ejusdem</span> <span class='ocrx_word' id='word_1_616' title='bbox 1822 2689 1973 2731; x_wconf 81' lang='lat' dir='ltr'>Urbani</span> <span class='ocrx_word' id='word_1_617' title='bbox 1995 2688 2074 2729; x_wconf 79' lang='lat' dir='ltr'>PP.</span> <span class='ocrx_word' id='word_1_618' title='bbox 2092 2687 2215 2729; x_wconf 78' lang='lat' dir='ltr'>vul.</span> 
     </span>
     <span class='ocr_line' id='line_1_105' title="bbox 1249 2741 2219 2801; baseline 0.006 -18"><span class='ocrx_word' id='word_1_619' title='bbox 1249 2744 1428 2787; x_wconf 85' lang='lat' dir='ltr'>Decreta</span> <span class='ocrx_word' id='word_1_620' title='bbox 1449 2741 1684 2797; x_wconf 78' lang='lat' dir='ltr'>prodiifl&#39;ent</span> <span class='ocrx_word' id='word_1_621' title='bbox 1701 2772 1717 2795; x_wconf 83' lang='lat'>‚</span> <span class='ocrx_word' id='word_1_622' title='bbox 1744 2746 1994 2801; x_wconf 85' lang='lat' dir='ltr'>proindeque</span> <span class='ocrx_word' id='word_1_623' title='bbox 2025 2743 2219 2789; x_wconf 50' lang='lat' dir='ltr'>inducta„</span> 
     </span>
     <span class='ocr_line' id='line_1_106' title="bbox 1248 2797 2219 2861; baseline 0.001 -18"><span class='ocrx_word' id='word_1_624' title='bbox 1248 2797 1386 2847; x_wconf 72' lang='lat' dir='ltr'>{uiffet</span> <span class='ocrx_word' id='word_1_625' title='bbox 1400 2802 1605 2847; x_wconf 81' lang='lat' dir='ltr'>necessitas</span> <span class='ocrx_word' id='word_1_626' title='bbox 1621 2803 1881 2856; x_wconf 82' lang='lat' dir='ltr'>ostendendi,</span> <span class='ocrx_word' id='word_1_627' title='bbox 1911 2803 2021 2860; x_wconf 89' lang='lat' dir='ltr'>quod</span> <span class='ocrx_word' id='word_1_628' title='bbox 2048 2804 2097 2847; x_wconf 86' lang='lat' dir='ltr'>iis</span> <span class='ocrx_word' id='word_1_629' title='bbox 2109 2802 2219 2861; x_wconf 89' lang='lat' dir='ltr'>pari·</span> 
     </span>
     <span class='ocr_line' id='line_1_107' title="bbox 1254 2857 2219 2915; baseline -0.006 -5"><span class='ocrx_word' id='word_1_630' title='bbox 1254 2870 1343 2903; x_wconf 72' lang='lat' dir='ltr'>tum</span> <span class='ocrx_word' id='word_1_631' title='bbox 1374 2857 1499 2910; x_wconf 61' lang='lat' dir='ltr'>etseq</span> <span class='ocrx_word' id='word_1_632' title='bbox 1529 2870 1748 2915; x_wconf 67' lang='lat' dir='ltr'>tutequam</span> <span class='ocrx_word' id='word_1_633' title='bbox 1776 2864 1827 2909; x_wconf 72' lang='lat' dir='ltr'>ad</span> <span class='ocrx_word' id='word_1_634' title='bbox 1859 2863 2057 2907; x_wconf 84' lang='lat' dir='ltr'>ulteriora</span> <span class='ocrx_word' id='word_1_635' title='bbox 2086 2863 2127 2904; x_wconf 93' lang='lat' dir='ltr'>in</span> <span class='ocrx_word' id='word_1_636' title='bbox 2141 2861 2219 2904; x_wconf 79' lang='lat' dir='ltr'>hac</span> 
     </span>
     <span class='ocr_line' id='line_1_108' title="bbox 1259 2915 2220 2977; baseline 0.001 -16"><span class='ocrx_word' id='word_1_637' title='bbox 1259 2919 1394 2962; x_wconf 83' lang='lat' dir='ltr'>Causa</span> <span class='ocrx_word' id='word_1_638' title='bbox 1407 2916 1695 2971; x_wconf 85' lang='lat' dir='ltr'>procederetur</span> <span class='ocrx_word' id='word_1_639' title='bbox 1710 2932 1835 2973; x_wconf 82' lang='lat' dir='ltr'>‚opus</span> <span class='ocrx_word' id='word_1_640' title='bbox 1848 2918 1923 2963; x_wconf 83' lang='lat' dir='ltr'>fuit</span> <span class='ocrx_word' id='word_1_641' title='bbox 1936 2920 2101 2977; x_wconf 66' lang='lat' dir='ltr'>planum</span> <span class='ocrx_word' id='word_1_642' title='bbox 2114 2915 2220 2962; x_wconf 84' lang='lat' dir='ltr'>face-</span> 
     </span>
     <span class='ocr_line' id='line_1_109' title="bbox 1259 2974 2216 3030; baseline 0.003 -13"><span class='ocrx_word' id='word_1_643' title='bbox 1259 2990 1330 3026; x_wconf 86' lang='lat' dir='ltr'>re,</span> <span class='ocrx_word' id='word_1_644' title='bbox 1359 2974 1469 3030; x_wconf 86' lang='lat' dir='ltr'>quod</span> <span class='ocrx_word' id='word_1_645' title='bbox 1486 2988 1558 3030; x_wconf 90' lang='lat' dir='ltr'>per</span> <span class='ocrx_word' id='word_1_646' title='bbox 1580 2983 1741 3018; x_wconf 85' lang='lat' dir='ltr'>centum</span> <span class='ocrx_word' id='word_1_647' title='bbox 1771 2990 1920 3029; x_wconf 81' lang='lat' dir='ltr'>annos,</span> <span class='ocrx_word' id='word_1_648' title='bbox 1949 2977 2034 3019; x_wconf 75' lang='lat' dir='ltr'>imo</span> <span class='ocrx_word' id='word_1_649' title='bbox 2048 2976 2181 3019; x_wconf 73' lang='lat' dir='ltr'>verius</span> <span class='ocrx_word' id='word_1_650' title='bbox 2198 3004 2216 3028; x_wconf 78' lang='lat'>‚</span> 
     </span>
     <span class='ocr_line' id='line_1_110' title="bbox 1258 3031 2218 3089; baseline 0.002 -14"><span class='ocrx_word' id='word_1_651' title='bbox 1258 3047 1330 3089; x_wconf 86' lang='lat' dir='ltr'>per</span> <span class='ocrx_word' id='word_1_652' title='bbox 1345 3033 1428 3075; x_wconf 87' lang='lat' dir='ltr'>duo</span> <span class='ocrx_word' id='word_1_653' title='bbox 1442 3031 1526 3076; x_wconf 70' lang='lat' dir='ltr'>fere</span> <span class='ocrx_word' id='word_1_654' title='bbox 1557 3031 1688 3079; x_wconf 67' lang='lat' dir='ltr'>secula</span> <span class='ocrx_word' id='word_1_655' title='bbox 1703 3045 1796 3080; x_wconf 88' lang='lat' dir='ltr'>ante</span> <span class='ocrx_word' id='word_1_656' title='bbox 1824 3035 2046 3081; x_wconf 86' lang='lat' dir='ltr'>eorundem</span> <span class='ocrx_word' id='word_1_657' title='bbox 2064 3038 2218 3078; x_wconf 83' lang='lat' dir='ltr'>Decre-</span> 
     </span>
     <span class='ocr_line' id='line_1_111' title="bbox 1258 3090 2218 3149; baseline 0 -15"><span class='ocrx_word' id='word_1_658' title='bbox 1258 3105 1399 3136; x_wconf 87' lang='lat' dir='ltr'>torum</span> <span class='ocrx_word' id='word_1_659' title='bbox 1417 3090 1639 3135; x_wconf 86' lang='lat' dir='ltr'>editionem</span> <span class='ocrx_word' id='word_1_660' title='bbox 1652 3120 1669 3145; x_wconf 85' lang='lat'>‚</span> <span class='ocrx_word' id='word_1_661' title='bbox 1689 3094 1876 3148; x_wconf 82' lang='lat' dir='ltr'>publicus</span> <span class='ocrx_word' id='word_1_662' title='bbox 1898 3095 2035 3137; x_wconf 83' lang='lat' dir='ltr'>cultus</span> <span class='ocrx_word' id='word_1_663' title='bbox 2063 3094 2130 3149; x_wconf 74' lang='lat' dir='ltr'>ipsi</span> <span class='ocrx_word' id='word_1_664' title='bbox 2143 3092 2218 3135; x_wconf 91' lang='lat' dir='ltr'>Dei</span> 
     </span>
     <span class='ocr_line' id='line_1_112' title="bbox 1256 3149 2217 3213; baseline -0.002 -18"><span class='ocrx_word' id='word_1_665' title='bbox 1256 3154 1390 3195; x_wconf 84' lang='lat' dir='ltr'>Servo</span> <span class='ocrx_word' id='word_1_666' title='bbox 1403 3149 1595 3205; x_wconf 77' lang='lat' dir='ltr'>praestitus</span> <span class='ocrx_word' id='word_1_667' title='bbox 1611 3149 1768 3196; x_wconf 85' lang='lat' dir='ltr'>fuerat.</span> <span class='ocrx_word' id='word_1_668' title='bbox 1794 3156 1934 3213; x_wconf 85' lang='lat' dir='ltr'>Qare</span> <span class='ocrx_word' id='word_1_669' title='bbox 1962 3152 2046 3206; x_wconf 82' lang='lat' dir='ltr'>post</span> <span class='ocrx_word' id='word_1_670' title='bbox 2061 3152 2217 3209; x_wconf 85' lang='lat' dir='ltr'>aliquot</span> 
     </span>
     <span class='ocr_line' id='line_1_113' title="bbox 1253 3209 2218 3268; baseline -0.002 -15"><span class='ocrx_word' id='word_1_671' title='bbox 1253 3221 1450 3254; x_wconf 81' lang='lat' dir='ltr'>annorum</span> <span class='ocrx_word' id='word_1_672' title='bbox 1478 3209 1678 3253; x_wconf 79' lang='lat' dir='ltr'>filentium</span> <span class='ocrx_word' id='word_1_673' title='bbox 1696 3239 1712 3263; x_wconf 89' lang='lat'>‚</span> <span class='ocrx_word' id='word_1_674' title='bbox 1742 3210 2137 3268; x_wconf 83' lang='lat' dir='ltr'>percrebescentibus</span> <span class='ocrx_word' id='word_1_675' title='bbox 2152 3223 2218 3253; x_wconf 87' lang='lat' dir='ltr'>re-</span> 
     </span>
     <span class='ocr_line' id='line_1_114' title="bbox 1252 3266 2218 3328; baseline 0.005 -17"><span class='ocrx_word' id='word_1_676' title='bbox 1252 3266 1405 3323; x_wconf 79' lang='lat' dir='ltr'>ligiolis</span> <span class='ocrx_word' id='word_1_677' title='bbox 1433 3266 1742 3312; x_wconf 81' lang='lat' dir='ltr'>Catholicoruru</span> <span class='ocrx_word' id='word_1_678' title='bbox 1773 3272 2003 3328; x_wconf 81' lang='lat' dir='ltr'>Principum</span> <span class='ocrx_word' id='word_1_679' title='bbox 2029 3271 2218 3326; x_wconf 78' lang='lat' dir='ltr'>&amp;Popu-</span> 
     </span>
     <span class='ocr_line' id='line_1_115' title="bbox 1257 3327 2218 3386; baseline -0.001 -14"><span class='ocrx_word' id='word_1_680' title='bbox 1257 3327 1390 3372; x_wconf 82' lang='lat' dir='ltr'>lorum</span> <span class='ocrx_word' id='word_1_681' title='bbox 1415 3327 1801 3379; x_wconf 77' lang='lat' dir='ltr'>votis,instamibus</span> <span class='ocrx_word' id='word_1_682' title='bbox 1817 3344 1978 3386; x_wconf 85' lang='lat' dir='ltr'>quoque</span> <span class='ocrx_word' id='word_1_683' title='bbox 2004 3328 2218 3384; x_wconf 87' lang='lat' dir='ltr'>quamplu-</span> 
     </span>
     <span class='ocr_line' id='line_1_116' title="bbox 1258 3384 2217 3444; baseline 0.002 -15"><span class='ocrx_word' id='word_1_684' title='bbox 1258 3386 1372 3429; x_wconf 83' lang='lat' dir='ltr'>rimis</span> <span class='ocrx_word' id='word_1_685' title='bbox 1389 3384 1594 3441; x_wconf 76' lang='lat' dir='ltr'>Epistopis</span> <span class='ocrx_word' id='word_1_686' title='bbox 1607 3413 1623 3437; x_wconf 89' lang='lat'>‚</span> <span class='ocrx_word' id='word_1_687' title='bbox 1652 3387 1918 3444; x_wconf 84' lang='lat' dir='ltr'>universoque</span> <span class='ocrx_word' id='word_1_688' title='bbox 1930 3387 2121 3444; x_wconf 68' lang='lat' dir='ltr'>praedieto</span> <span class='ocrx_word' id='word_1_689' title='bbox 2134 3388 2217 3431; x_wconf 86' lang='lat' dir='ltr'>Or·</span> 
     </span>
     <span class='ocr_line' id='line_1_117' title="bbox 1253 3445 2217 3496; baseline -0.002 -7"><span class='ocrx_word' id='word_1_690' title='bbox 1253 3445 1353 3489; x_wconf 81' lang='lat' dir='ltr'>dine</span> <span class='ocrx_word' id='word_1_691' title='bbox 1378 3445 1566 3490; x_wconf 80' lang='lat' dir='ltr'>Fratrum</span> <span class='ocrx_word' id='word_1_692' title='bbox 1599 3446 1807 3491; x_wconf 85' lang='lat' dir='ltr'>Minorum</span> <span class='ocrx_word' id='word_1_693' title='bbox 1833 3447 1962 3493; x_wconf 67' lang='lat' dir='ltr'>sanai</span> <span class='ocrx_word' id='word_1_694' title='bbox 1986 3445 2217 3496; x_wconf 73' lang='lat' dir='ltr'>francisci,</span> 
     </span>
     <span class='ocr_line' id='line_1_118' title="bbox 1255 3503 2218 3556; baseline -0.002 -8"><span class='ocrx_word' id='word_1_695' title='bbox 1255 3506 1381 3548; x_wconf 72' lang='lat' dir='ltr'>Anno</span> <span class='ocrx_word' id='word_1_696' title='bbox 1411 3503 1574 3547; x_wconf 77' lang='lat' dir='ltr'>Domini</span> <span class='ocrx_word' id='word_1_697' title='bbox 1610 3505 1733 3556; x_wconf 76' lang='lat'><em>1675.</em></span> <span class='ocrx_word' id='word_1_698' title='bbox 1760 3509 1787 3553; x_wconf 70' lang='grc' dir='ltr'><strong>ὲ</strong></span> <span class='ocrx_word' id='word_1_699' title='bbox 1810 3506 1878 3552; x_wconf 83' lang='lat' dir='ltr'>fel.</span> <span class='ocrx_word' id='word_1_700' title='bbox 1895 3505 2218 3550; x_wconf 72' lang='lat' dir='ltr'>recordat-Pra-</span> 
     </span>
     <span class='ocr_line' id='line_1_119' title="bbox 1257 3559 2216 3622; baseline 0.002 -17"><span class='ocrx_word' id='word_1_701' title='bbox 1257 3559 1460 3607; x_wconf 73' lang='lat' dir='ltr'>decessore</span> <span class='ocrx_word' id='word_1_702' title='bbox 1476 3564 1626 3617; x_wconf 80' lang='lat' dir='ltr'>pariter</span> <span class='ocrx_word' id='word_1_703' title='bbox 1640 3564 1798 3610; x_wconf 79' lang='lat' dir='ltr'>Nostro</span> <span class='ocrx_word' id='word_1_704' title='bbox 1810 3565 2028 3610; x_wconf 85' lang='lat' dir='ltr'>Clemente</span> <span class='ocrx_word' id='word_1_705' title='bbox 2043 3565 2150 3622; x_wconf 82' lang='lat' dir='ltr'>Papa</span> <span class='ocrx_word' id='word_1_706' title='bbox 2166 3566 2216 3607; x_wconf 84' lang='lat' dir='ltr'>X·</span> 
     </span>
     <span class='ocr_line' id='line_1_120' title="bbox 1252 3618 2213 3679; baseline -0.002 -13"><span class='ocrx_word' id='word_1_707' title='bbox 1252 3621 1307 3666; x_wconf 87' lang='lat' dir='ltr'>de</span> <span class='ocrx_word' id='word_1_708' title='bbox 1317 3621 1487 3666; x_wconf 82' lang='lat' dir='ltr'>confilio</span> <span class='ocrx_word' id='word_1_709' title='bbox 1498 3621 1672 3675; x_wconf 79' lang='lat' dir='ltr'>proesatoe</span> <span class='ocrx_word' id='word_1_710' title='bbox 1696 3618 2044 3679; x_wconf 75' lang='lat' dir='ltr'>Congregationis</span> <span class='ocrx_word' id='word_1_711' title='bbox 2073 3626 2213 3668; x_wconf 89' lang='lat' dir='ltr'>Sacro-</span> 
     </span>
     <span class='ocr_line' id='line_1_121' title="bbox 1251 3679 2214 3736; baseline -0.002 -14"><span class='ocrx_word' id='word_1_712' title='bbox 1251 3693 1342 3724; x_wconf 87' lang='lat' dir='ltr'>rum</span> <span class='ocrx_word' id='word_1_713' title='bbox 1362 3679 1560 3730; x_wconf 84' lang='lat' dir='ltr'>Rituum,</span> <span class='ocrx_word' id='word_1_714' title='bbox 1585 3682 1735 3736; x_wconf 75' lang='lat' dir='ltr'>signata</span> <span class='ocrx_word' id='word_1_715' title='bbox 1767 3680 1841 3727; x_wconf 82' lang='lat' dir='ltr'>fuit</span> <span class='ocrx_word' id='word_1_716' title='bbox 1874 3681 2111 3727; x_wconf 84' lang='lat' dir='ltr'>Commiffio</span> <span class='ocrx_word' id='word_1_717' title='bbox 2143 3693 2214 3735; x_wconf 90' lang='lat' dir='ltr'>pro</span> 
     </span>
    </p>
   </div>
   <div class='ocr_carea' id='block_1_11' title="bbox 1251 3734 2213 3837">
    <p class='ocr_par' dir='ltr' id='par_1_15' title="bbox 1251 3734 2213 3837">
     <span class='ocr_line' id='line_1_122' title="bbox 1251 3734 2213 3796; baseline -0.006 -14"><span class='ocrx_word' id='word_1_718' title='bbox 1251 3734 1560 3796; x_wconf 77' lang='lat' dir='ltr'>reaffumptione</span> <span class='ocrx_word' id='word_1_719' title='bbox 1589 3737 1723 3784; x_wconf 80' lang='lat' dir='ltr'>Causae</span> <span class='ocrx_word' id='word_1_720' title='bbox 1747 3740 1787 3784; x_wconf 87' lang='lat' dir='ltr'>in</span> <span class='ocrx_word' id='word_1_721' title='bbox 1815 3741 1918 3785; x_wconf 76' lang='lat' dir='ltr'>statu</span> <span class='ocrx_word' id='word_1_722' title='bbox 1948 3743 1987 3784; x_wconf 80' lang='grc' dir='ltr'>δι</span> <span class='ocrx_word' id='word_1_723' title='bbox 2005 3737 2213 3788; x_wconf 84' lang='lat' dir='ltr'>terminis,</span> 
     </span>
     <span class='ocr_line' id='line_1_123' title="bbox 2063 3807 2153 3837; baseline -0.033 0"><span class='ocrx_word' id='word_1_724' title='bbox 2063 3807 2153 3837; x_wconf 89' lang='lat' dir='ltr'>cum</span> 
     </span>
    </p>
   </div>
  </div>
 </body>
</html>
