2444 4192
181 371 260 430 pta
295 355 423 424 typis
456 352 638 404 edidere
664 384 679 408 ,
723 361 803 398 aut
839 352 949 399 alias
997 350 1039 397 in
1070 352 1216 399 Curia
1259 352 1471 399 Romana
1504 352 1887 403 commendantur
1908 391 1923 413 ,
1964 360 2013 410 ὅ(
2062 379 2170 428 quo.

180 445 286 483 rum
317 430 470 496 plures
506 418 816 475 sanetiffimus
843 421 1071 471 Dominus
1110 418 1257 469 noster
1291 422 1577 471 ssmmncws
1619 425 1764 472 XIV.
1795 438 1896 473 tum
1933 428 1978 474 in
2015 432 2173 490 libris,

185 516 301 569 quos
325 496 502 550 Saniiae
543 499 760 545 Romanae
791 490 1000 540 Ecclesiae
1030 490 1290 541 Cardinalis
1326 490 1518 557 publicae
1551 494 1644 541 luci
1678 495 1808 542 dedit
1834 530 1849 552 ,
1890 510 1991 543 turn
2020 501 2064 545 in
2104 503 2172 550 lit-

185 572 328 627 teris,
353 586 464 637 quas
493 568 613 635 Papa
649 563 898 632 vulgavit,
931 578 1022 610 non
1056 559 1147 612 fine
1176 562 1348 612 honore
1375 562 1422 610 in
1456 561 1591 613 hosce
1628 565 1859 615 Austores
1888 566 2172 620 redundante

182 641 370 693 citavit.

322 707 638 777 Qantumvis
658 718 812 755 autem
843 707 974 768 juxta
1020 704 1271 754 Batonium
1309 706 1352 754 in
1386 707 1505 756 notis
1532 706 1590 757 ad
1628 708 2036 777 Martyrologium
2082 713 2174 758 Ro·

182 800 371 837 manum
419 797 497 842 13.
543 778 707 829 Martii
738 775 850 824 nihil
874 774 970 843 fine
1013 780 1140 825 certis
1166 776 1419 825 AuHoribus
1454 777 1664 846 qffi'rmaere
1690 781 1838 847 religio
1864 780 1930 846 fit
1959 815 1974 838 ,
2012 780 2068 829 ab
2105 782 2178 829 iis-

184 857 292 907 dem
329 868 481 903 tamen
517 850 685 901 veritas
720 848 946 915 opinionis
993 864 1082 896 non
1131 849 1193 897 ita
1223 848 1452 915 dependet
1482 885 1498 908 ,
1542 850 1652 917 quin
1681 848 1914 901 efficacius
1951 869 2006 899 ex
2040 853 2174 900 ratio-

184 945 241 977 ne
274 936 490 974 eruatur.
521 924 580 971 In
613 920 701 970 hoc
727 918 954 969 declinavi
980 920 1004 968 ὲ
1037 920 1109 968 via
1138 920 1323 968 illorum
1345 956 1360 978 ,
1391 922 1498 987 qui,
1529 918 1680 971 nescio
1710 939 1803 989 quo
1826 924 1903 990 pio
1933 918 2172 972 enthusias-

181 1010 306 1049 mate
333 992 508 1061 abrepti
536 991 768 1061 pruritui,
796 1006 888 1057 quo
921 990 1268 1060 privilegiorum
1304 990 1553 1041 extenfioni
1581 993 1758 1043 inhiant
1786 1029 1803 1052 ,
1844 995 2039 1043 rationes
2074 990 2172 1042 suas

182 1063 493 1119 accomodant
522 1098 538 1122 ,
582 1059 849 1129 sensumque
879 1062 1136 1110 litterarum
1177 1060 1521 1112 Pontificiarum
1551 1078 1767 1131 torquent
1808 1064 1866 1114 ad
1911 1061 2173 1114 abusum...

184 1136 510 1190 Charasterem
547 1135 795 1201 scriptoris
825 1130 1060 1182 severioris
1089 1130 1297 1190 servavi3
1333 1132 1381 1184 ὅ(
1402 1152 1534 1201 ,quae
1561 1136 1675 1183 mihi
1714 1137 1897 1185 veriora
1927 1134 2020 1184 visa
2052 1132 2177 1192 sunt,

183 1209 357 1279 selegi,
396 1204 590 1256 libenter
623 1202 858 1254 censuram
887 1205 979 1252 mei
1015 1202 1181 1252 laboris
1200 1240 1216 1262 ,
1253 1202 1509 1254 sublimiori
1551 1204 1820 1256 submittens
1842 1207 2018 1271 judicio
2038 1242 2050 1254 .
2077 1206 2176 1260 Ubi

185 1293 340 1331 autem
369 1275 641 1326 aufioritate
666 1276 740 1325 vel
769 1274 945 1324 ratione
985 1275 1047 1322 rei
1085 1273 1235 1325 dubiae
1274 1276 1474 1326 necdum
1512 1275 1751 1344 provisum
1780 1277 1829 1329 ἃ
1872 1277 2174 1327 consultum,

182 1347 436 1402 existimavi
468 1381 485 1404 ,
528 1361 769 1413 utramque
794 1382 811 1405 ,
845 1344 923 1394 ubi
953 1345 1086 1395 licuit
1116 1381 1132 1404 ,
1185 1350 1432 1396 Sacrarum
1481 1350 1913 1416 Congregationum
1959 1350 2171 1396 Decretis

188 1420 478 1472 communivi
506 1450 524 1477 ,
556 1431 608 1467 ut
628 1451 644 1475 ,
694 1416 770 1465 ubi
802 1416 964 1468 harum
991 1418 1178 1466 oracula
1213 1417 1461 1468 audiuntur
1495 1452 1511 1476 ,
1546 1417 1680 1468 ceffet
1708 1422 1857 1468 omnis
1890 1417 1940 1468 ὅ(
1970 1417 2177 1467 diffiden-

185 1494 303 1544 tium
335 1489 598 1542 Austorum
617 1523 634 1547 ,
657 1486 707 1539 <St
736 1488 963 1536 rationum
998 1486 1241 1537 conflieius
1260 1523 1273 1537 .

329 1564 387 1612 In
416 1573 629 1611 notarum
667 1555 921 1608 extenfione
967 1556 1092 1624 stylo
1127 1556 1233 1608 usus
1280 1557 1381 1608 sum
1420 1555 1612 1626 simplici
1647 1594 1663 1617 ,
1699 1578 1807 1609 cum
1841 1558 1960 1608 hunc
1995 1556 2173 1627 legibus

185 1633 388 1684 amicum
418 1634 463 1680 in
489 1631 669 1698 institut.
701 1630 752 1679 de
764 1628 960 1695 fidecom.
986 1629 1135 1678 haered.
1160 1630 1215 1679 β’.
1248 1630 1331 1697 fid
1353 1634 1450 1698 quia
1479 1632 1685 1699 legamus
1720 1634 1763 1680 in
1798 1632 1947 1681 verbis
1978 1656 2033 1682 .-.-.
2062 1628 2176 1676 nobis

186 1709 233 1755 ἑκ
265 1701 425 1772 legibus
450 1705 581 1770 magis
593 1698 851 1768 simplicitas
875 1735 891 1758 ,
926 1704 1046 1768 qudm
1071 1700 1297 1768 disp'cultas
1319 1703 1460 1767 placet
1490 1736 1502 1749 .
1538 1703 1676 1767 Sique
1709 1720 1780 1750 eas
1815 1701 1999 1770 longius
2041 1703 2178 1749 inter-

188 1775 309 1825 dum
333 1772 530 1842 produxi
554 1769 773 1831 ,feci,ut
803 1772 974 1821 utilitas
1005 1774 1069 1821 rei
1100 1773 1412 1839 prolixitatem
1447 1771 1762 1840 compensaret
1794 1771 2042 1822 sermonis.
2062 1770 2180 1840 Qi-

188 1846 264 1896 bus
291 1842 494 1914 tamensi
513 1845 606 1913 quis
632 1857 875 1913 gravetur,
908 1847 1037 1907 juxta
1069 1844 1301 1893 monitum
1329 1846 1451 1893 Petri
1483 1843 1724 1893 Coustant.
1743 1862 1860 1894 tom.
1884 1864 1924 1895 1.
1964 1847 2182 1894 firm-01„

193 1922 387 1968 Rom.
430 1919 617 1967 Pom-11⁷.
660 1931 710 1964 m
759 1931 902 1965 mast.
947 1931 1053 1964 Pac.
1079 1930 1237 1965 cxuv.
1264 1951 1280 1974 ,
1327 1915 1428 1963 aliis
1469 1915 1642 1963 illarum
1687 1915 1799 1983 usum
1830 1918 2042 1984 relinquat
2069 1950 2084 1971 ,
2126 1919 2182 1962 ὅ

193 1988 271 2035 ille
294 1988 370 2051 fico
396 2019 412 2040 .
437 1985 491 2052 st
507 1984 611 2034 libet
629 2020 646 2043 ,
660 1984 837 2053 fisticlio
875 1983 1179 2053 obsequatur.
1222 1990 1311 2036 Eos
1341 2002 1496 2036 autem
1523 2021 1539 2044 ,
1584 1988 1662 2053 qui
1690 1989 1748 2036 de
1778 1990 1957 2036 natione
1984 1986 2185 2035 Critico-

194 2072 299 2105 rum
342 2070 456 2121 opus
490 2070 546 2101 ex
579 2054 760 2118 integro
797 2053 1053 2117 despiciunt
1082 2088 1099 2109 ,
1144 2072 1237 2104 non
1275 2074 1391 2105 curo
1426 2092 1442 2114 ,
1489 2074 1599 2106 cum
1636 2059 1662 2106 ὲ
1693 2060 1850 2109 multis
1883 2058 2022 2107 libros
2057 2055 2182 2122 prius

194 2125 428 2174 contemni
457 2121 595 2185 quarn
627 2122 719 2182 legi
752 2118 913 2182 paffim
958 2118 1095 2166 sciam
1122 2139 1134 2166 τ
1167 2123 1318 2170 Notat
1348 2124 1430 2171 hos
1467 2128 1527 2171 D.
1559 2127 1881 2191 Hieronymus
1921 2131 1966 2174 in
2003 2141 2176 2190 prooem.

188 2191 334 2248 lib-9·
369 2187 489 2257 Isciiae
506 2221 523 2245 ‚
556 2186 625 2234 his
648 2183 800 2234 verbis
826 2199 884 2227 =
909 2183 960 2232 de
982 2202 1027 2230 eo
1054 2185 1203 2232 audent
1215 2189 1418 2246 judicare
1450 2192 1563 2252 quod
1583 2193 1762 2252 nesciunt
1792 2226 1809 2247 ,
1838 2196 1894 2240 (9'
1923 2210 2018 2241 ame
2050 2195 2184 2260 despi-

189 2266 306 2314 ciunt
322 2296 340 2321 ‚
368 2261 489 2329 quaeim
511 2253 686 2324 probent
715 2289 732 2314 ,
758 2247 1013 2322 erudt'wsque
1035 2253 1086 2321 fi
1117 2253 1366 2303 existimant
1399 2293 1414 2315 ,
1452 2258 1508 2304 (2¹
1542 2256 1717 2324 disertos
1741 2294 1756 2316 ,
1788 2261 1843 2308 (7
1877 2264 1922 2308 in
1958 2281 1999 2308 eo
2020 2263 2070 2327 s}
2095 2264 2180 2329 sci.

191 2353 240 2386 re
266 2331 432 2402 aliquid
453 2327 715 2378 arbitrantur
730 2361 748 2385 ,
762 2324 817 2394 fi
838 2324 890 2374 de
916 2324 1074 2374 curilis
1103 2325 1388 2392 scriptoribus
1413 2327 1638 2376 detrahant
1664 2344 1721 2372 =
1748 2329 1930 2381 Sufficit
1964 2334 2074 2381 mihi
2117 2332 2179 2382 as.

198 2403 403 2455 secutum
441 2417 515 2449 me
553 2395 643 2448 effe
682 2398 934 2447 terminum
969 2397 1233 2446 intentionis
1269 2415 1380 2448 meae
1419 2398 1476 2447 ab
1505 2401 1632 2448 omni
1679 2399 1862 2467 prorsus
1902 2406 2008 2451 vani
2050 2405 2178 2470 plau-

194 2473 268 2526 sus
292 2471 500 2543 cupidine
531 2471 687 2521 alienae
719 2466 768 2520 δε
803 2467 1068 2537 depuratae;
1102 2465 1273 2518 sufficit
1302 2470 1416 2518 mihi
1447 2487 1564 2537 opus
1592 2473 1871 2521 antelucanis
1903 2474 2103 2542 vigiliis,
2135 2474 2187 2527 <St

195 2546 344 2597 multa
376 2542 699 2594 contrarietate
730 2553 947 2609 partum,
982 2557 1038 2589 ac
1069 2539 1243 2590 Ordini
1275 2538 1429 2591 nostro
1461 2543 1702 2610 Capucino
1731 2558 1832 2593 tum
1863 2546 2007 2604 utile,
2043 2561 2185 2598 tum..

196 2613 487 2669 necessarium
513 2610 700 2664 tandem
727 2608 955 2680 quiescere
983 2612 1031 2660 in
1059 2607 1147 2660 fine
1162 2645 1177 2660 .

1934 3900 2121 3948 ELEN-
