2444 4192
908 125 1071 206 Sub
1132 125 1210 208 S.
1252 125 1388 209 Pio
1428 121 1550 204 -V

256 263 506 334 Regulares
558 254 880 323 cujuscumque
935 265 1128 312 Ordinis
1164 278 1181 322 ,’

301 337 436 383 etiam
461 328 701 391 Lectores2
727 327 844 374 acin
885 328 1183 400 Theologia...

211 422 215 427 ·
297 399 546 478 graduatos
562 434 578 456 ,
600 396 657 448 ad
682 393 974 445 confeffiones
995 402 1185 450 Saecula.

217 530 220 535 ,
293 476 416 529 rium
445 468 687 520 audiendas
704 501 720 524 ,
744 464 800 513 ab
819 465 1078 530 Ordinariis
1110 488 1186 537 ap-

294 541 506 613 probari,
529 553 609 592 aut
635 536 850 592 admitti,
877 533 1085 584 admiffos
1109 556 1185 586 au-

294 630 391 666 tem
416 629 505 662 non
537 611 593 662 ab
623 607 781 658 eodem
814 602 1064 674 Episcopo,
1105 604 1183 656 sed

295 683 478 736 tanturn
520 680 546 730 ὲ
578 673 850 731 ,Successore
881 677 1180 727 reexaminari

213 779 216 782 ·
268 753 417 826 ·posse
446 751 620 802 sancit.
668 764 672 768 ’

226 875 486 932 prus
558 844 1183 931 ss‘rtvscorus

399 993 572 1036 Sznvus
605 958 856 1049 sanvotum
887 989 993 1031 Det·

356 1110 424 1154 Ad
435 1115 668 1166 perpetuans
695 1106 756 1147 ret·
786 1104 1010 1148 memoriam
1023 1131 1036 1144 .

340 1206 487 1249 Omani
508 1203 718 1247 Pontificis
732 1202 988 1259 providentia
1003 1200 1180 1246 circum?

370 1263 498 1321 speeia
522 1275 805 1319 nonnunquam
826 1260 934 1316 gesta
961 1274 1033 1315 per
1055 1275 1146 1304 eum
1161 1286 1178 1310 ,

219 1322 534 1368 rationabilibus
549 1321 589 1363 δι
602 1319 773 1364 honestis
793 1318 1050 1361 suadentibus
1077 1332 1169 1360 cau·

220 1382 268 1428 iis
278 1382 516 1429 moderatur
528 1407 544 1432 ,
557 1380 598 1422 &
610 1386 836 1422 commutat
850 1377 891 1420 in
906 1374 1064 1427 melius,
1078 1390 1176 1433 pro·

221 1451 268 1487 ut
281 1442 322 1489 in
335 1441 510 1485 Domino
521 1437 716 1495 conspicit
729 1436 946 1480 salubriter
965 1436 1174 1492 expedire.

223 1503 366 1558 Nuper
379 1497 572 1556 fiquidem
587 1495 774 1554 quasdam
800 1494 1095 1538 declarationes
1108 1520 1123 1544 ‚
1134 1496 1176 1537 δι

222 1558 519 1603 moderationes
533 1556 641 1600 circa
654 1553 847 1599 nonnulla
878 1553 1058 1598 Concilii
1079 1553 1174 1595 Tri-

220 1618 374 1661 dentini
391 1620 566 1671 Decreta
577 1643 592 1668 ,
606 1613 832 1671 Regulares
845 1610 1034 1669 personas
1048 1612 1173 1654 Ordi-

220 1689 318 1721 num
341 1672 667 1719 Mendicantium
683 1684 931 1728 ,eorumque
963 1671 1175 1714 instituta„

220 1733 514 1779 concernentia
527 1729 725 1781 edidimus
737 1757 752 1781 ,
765 1732 803 1773 δι
815 1728 1174 1787 promulgavimus:

220 1795 277 1837 Et
322 1792 412 1844 uia,
426 1792 485 1834 uti
500 1790 746 1845 accepimus,
763 1788 922 1833 illarum
942 1789 1087 1844 rigore¹
1101 1792 1175 1833 Sa-

222 1864 292 1896 cet
321 1861 410 1900 otes
425 1850 644 1905 Regulares
671 1847 948 1906 proedifiorum
973 1847 1173 1891 Ordinum

253 1909 460 1964 nandoque
488 1907 618 1951 minus
643 1905 780 1950 idonei
805 1906 1056 1949 &inhabiles
1073 1920 1171 1949 con-

186 1970 189 1974 ’
223 1924 453 2012 sessionibus
469 1963 725 2009 Saecularium
746 1962 957 2009 audiendis
969 1965 1019 2005 ab
1033 1977 1173 2006 eorum

225 2025 506 2086 Superioribus
522 2021 713 2080 praepofiti
729 2050 744 2074 ‚
757 2020 897 2076 absque
909 2020 1040 2076 aliqua
1068 2019 1177 2077 Epis·

230 2098 428 2143 coporum
442 2111 456 2136 ,
475 2081 542 2125 sed
571 2080 653 2124 sola
667 2080 843 2137 Magistri
855 2078 1021 2123 Ordinis
1036 2081 1176 2123 Gene-

226 2146 350 2194 ralis,
380 2151 450 2186 aut
472 2138 789 2184 Provincialium
820 2137 1098 2182 Ministrorum
1112 2151 1179 2192 ap·

223 2200 469 2260 probatione
481 2197 746 2239 admittuntur
759 2209 774 2237 ε
797 2200 883 2239 Nos
896 2193 1010 2249 super
1025 2196 1086 2236 his
1102 2206 1178 2248 pro

220 2259 366 2304 debito
390 2253 604 2299 Pastoralis
628 2251 795 2304 Officii,
828 2262 949 2309 prout
966 2263 1177 2298 tenemur,

219 2315 432 2362 salubriter
446 2311 662 2370 providere
678 2311 859 2355 volentes
876 2339 892 2363 ‚
916 2320 1063 2356 tenore
1078 2323 1177 2367 prae·

219 2374 483 2426 sentium,hac
507 2371 637 2414 nostra
651 2370 952 2415 Constitutione
983 2377 1178 2428 perpetua

220 2434 414 2482 sancimus
426 2459 440 2484 ,
455 2430 706 2475 decernimus
732 2431 771 2472 δι
799 2429 1052 2474 declaramus
1066 2457 1082 2481 ,
1101 2428 1174 2472 de-

221 2502 378 2539 cretum
391 2489 568 2535 Concilii
583 2487 814 2535 Tridentini
840 2489 891 2531 de
910 2503 959 2544 ap
989 2487 1175 2537 robatio·

220 2568 271 2598 uc
303 2548 571 2605 Regularium
597 2547 806 2591 audiendis
853 2548 942 2590 Con
963 2546 1172 2591 effionibus

221 2608 459 2656 saecularium
484 2608 785 2665 praepofitorum
809 2606 861 2650 ab
878 2607 1086 2663 Episcopis
1118 2602 1175 2645 sa-

218 2666 363 2714 cienda
374 2665 574 2711 observari
595 2666 747 2710 debere
764 2695 779 2719 ‚
790 2666 912 2710 etiam
935 2666 976 2709 in
989 2664 1175 2719 omnibus

219 2725 489 2784 Regulatibus
501 2726 736 2780 quorumvis
749 2724 951 2768 Ordinum
966 2753 981 2775 ,
1011 2724 1172 2766 etiam-³

219 2782 554 2834 mendicantium,
565 2784 682 2825 etiam
697 2781 766 2826 sub
781 2782 982 2837 Regulari
1002 2780 1177 2836 discipli-

222 2861 272 2889 na
288 2840 511 2886 viventibus
526 2868 541 2892 ,
557 2838 705 2883 etiamn
722 2839 796 2883 sint
816 2841 1005 2884 Lectores
1019 2868 1035 2892 ‚
1058 2849 1123 2882 aut
1137 2839 1178 2880 in

225 2898 454 2955 'theologia
477 2898 600 2943 etiam
629 2897 682 2941 de
706 2897 965 2955 superiorum
981 2896 1180 2942 suorum-0

225 2960 389 3008 licentia
404 2957 616 3013 graduati‚
643 2956 706 3000 vel
721 2957 928 3014 promoti,
960 2956 1025 2999 vel
1052 2956 1074 2998 ἐ
1102 2955 1177 2998 suis

225 3017 424 3075 Magistris
449 3016 743 3066 Generalibus‚
769 3014 831 3059 vel
859 3015 1175 3058 provincialibus

225 3076 414 3127 Ministris
438 3103 454 3127 ‚
484 3074 740 3118 Saecularium
764 3071 1074 3116 conseffionibus
1106 3085 1177 3114 au-

225 3135 384 3185 diendis
410 3133 622 3191 expositi53
638 3134 833 3177 Volumus
860 3143 995 3174 tamen
1009 3143 1092 3181 eos,
1111 3133 1180 3186 qui

227 3195 348 3243 semel
362 3195 412 3236 ab
428 3192 628 3250 Episcopo
645 3194 686 3236 in
702 3193 887 3236 Civitate
910 3192 950 3232 δι
981 3190 1177 3232 Dioeceli-

229 3259 302 3302 bus
315 3255 388 3298 suis
403 3253 551 3310 praevio
562 3251 747 3295 examine
761 3250 970 3306 approbati
995 3245 1176 3301 fuerint,

233 3312 438 3360 abeodem
454 3309 814 3368 Episcopoiterum
831 3323 908 3351 non
927 3306 1175 3356 examinari,

234 3374 283 3416 ab
306 3371 506 3428 Episcopo
531 3378 664 3414 autem
700 3367 917 3412 successore
941 3382 1015 3423 pro
1041 3366 1177 3421 majori

237 3425 485 3477 conscientia
497 3428 571 3474 suae
584 3429 720 3485 quiete
746 3427 963 3470 examinari
993 3424 1045 3467 de
1071 3438 1176 3466 novo

237 3496 428 3545 poterunt
442 3517 455 3529 .
481 3489 712 3532 Inhibentes
723 3484 1021 3543 quibuscunque
1037 3484 1176 3539 Regu-

234 3545 381 3590 laribus
394 3547 622 3600 quorumvis
635 3546 837 3591 Ordinum
852 3574 866 3597 ,
881 3545 1004 3586 etiam
1015 3541 1174 3586 Mendi-

236 3603 412 3647 cantium
426 3603 714 3661 ‚ut'praefertur
726 3635 742 3657 ,
774 3620 822 3649 ne
848 3604 987 3659 vigore
1005 3600 1174 3654 deputa-

232 3662 379 3709 tionis,
409 3662 446 3702 δί
472 3665 768 3720 approbationis
793 3665 844 3707 ab
868 3661 1019 3705 eisdem
1047 3658 1177 3713 Magis

230 3722 317 3767 stris
331 3749 347 3772 ³
377 3719 418 3761 &
432 3720 616 3822 Mlinistris
631 3722 952 3768 Provincialibus
975 3746 990 3771 2
1019 3719 1171 3762 etiam,

347 3780 450 3823 Tem.
489 3781 522 3822 Ι.

1977 150 2130 229 273

1243 271 1354 322 quod
1383 270 1544 311 illarum
1570 264 1781 308 occasione
1795 264 1845 306 ab
1863 267 2087 316 Ordinariis
2105 278 2207 317 huc-

1242 326 1364 377 usque
1387 324 1556 366 tolerati
1583 322 1758 370 fuerint,
1786 322 1933 377 absque
1953 328 2110 380 speciali
2139 335 2201 375 in-

1243 380 1446 435 posterum
1474 379 1639 420 licentia
1652 406 1668 429 ,
1695 381 1735 419 δι
1754 381 2045 433 approbatione
2061 388 2110 427 ab
2125 391 2207 430 Or-

1242 436 1410 478 dinariis
1424 435 1917 483 obtinenda‚Saecularium
1932 440 2208 487 Conseffiones

1245 493 1385 535 audire
1397 490 1627 547 praesumant
1643 521 1658 544 ‚
1672 494 1934 538 decernentes
1948 496 2106 539 irritum
2124 526 2138 549 ,
2163 503 2202 543 &

1244 552 1389 600 inane,
1404 550 1428 591 fi
1445 552 1554 592 secus
1579 553 1697 607 super
1720 554 1782 596 his
1796 554 1816 595 i
1833 567 2036 611 quoquam
2066 559 2204 612 quavis

1244 609 1486 652 auctoritate
1507 611 1707 663 scienter,
1742 612 1803 654 vel
1819 613 2050 670 ignoranter
2071 617 2201 657 conti-

1244 668 1348 723 gerit
1362 670 1582 712 attentari.
1612 672 1708 713 Non
1721 672 1969 715 obstantibus
1993 673 2205 716 Constitu-

1245 727 1426 770 tionibus
1438 756 1452 779 ,
1466 730 1502 769 δε
1516 729 1851 773 ordinationibus
1868 732 2108 787 Apostolicis
2127 758 2141 780 ‚
2160 747 2205 774 ac

1246 786 1386 828 nostris
1402 786 1549 830 litteris
1570 788 1764 843 proediCiis
1777 816 1791 839 ,
1814 791 1855 831 δι
1868 791 1954 832 aliis
1968 790 2102 847 postea
2116 791 2206 846 qui-

1243 844 1474 900 buscunque
1490 846 1760 903 chularibus
1782 849 1971 893 concessis
1986 879 2000 901 ‚
2015 851 2055 891 δι
2070 848 2200 892 forsan

1243 904 1413 948 extentis
1431 934 1444 957 ,
1457 919 1555 961 quas
1568 934 1582 957 ‚
1596 906 1732 961 quoad
1746 922 1791 950 ea
1806 935 1820 958 ‚
1852 923 1936 964 quae
1950 907 2205 965 praesentibus

1245 962 1508 1007 adversantur
1530 967 1571 1007 &
1595 968 1894 1010 contrariantur
1910 995 1923 1016 ‚
1943 969 2102 1023 penitus
2116 995 2132 1018 ,
2163 969 2205 1010 δι.

1245 1024 1412 1067 omnino
1426 1037 1660 1067 revocamus
1675 1053 1688 1076 ‚
1701 1022 1907 1075 cassamus,
1922 1028 1962 1068 δι
1982 1028 2201 1080 irritamus;

1247 1096 1403 1127 necnon
1434 1083 1764 1127 Monafleriorum
1782 1111 1796 1134 ,
1822 1086 1862 1127 δι
1875 1086 2047 1128 aliorum
2064 1087 2204 1142 Regu-

1247 1142 1390 1185 larium
1404 1142 1589 1185 locorum
1604 1171 1618 1195 ,
1640 1157 1686 1184 ac
1702 1143 1904 1186 Ordinum
1930 1158 2203 1201 quorumcun-

1242 1201 1484 1256 que,etiam
1510 1202 1762 1257 juramento,
1780 1200 2094 1247 confirmatione
2122 1205 2203 1247 &c.

1241 1261 1406 1316 Quibus
1444 1262 1627 1303 omnibus
1651 1263 1731 1303 διε.
1765 1263 1821 1304 Ut
1840 1273 1975 1306 autem
1992 1263 2203 1318 praesentes

1237 1319 1386 1362 litterae
1401 1317 1449 1359 ad
1472 1320 1682 1368 omnium,
1703 1333 1874 1375 quorum
1905 1322 2067 1363 interest
2083 1349 2097 1372 ‚
2128 1335 2205 1362 no-

1237 1376 1369 1419 titiam
1404 1376 1660 1419 deducantur
1685 1402 1699 1424 ,
1742 1390 1816 1419 nec
1847 1378 1992 1435 aliquis
2025 1393 2198 1423 earum„

1235 1435 1499 1492 ignorantiam
1514 1434 1764 1490 praetendere
1777 1464 1791 1487 ,
1809 1447 1879 1479 aut
1906 1447 2050 1480 contra
2069 1452 2136 1481 eas
2165 1435 2202 1478 se

1233 1490 1422 1538 excusare
1455 1494 1586 1537 valeat
1613 1523 1627 1545 ‚
1654 1496 1757 1537 dicta
1789 1497 2033 1539 auc‘toritate
2057 1496 2197 1540 statui-

1235 1566 1320 1596 mus
1359 1554 1398 1593 &
1422 1551 1674 1596 decernimus
1702 1581 1718 1603 ,
1751 1563 1794 1596 ut
1823 1555 1994 1610 ipsaemet
2022 1554 2200 1607 litterae,

1236 1611 1300 1655 vel
1316 1625 1453 1653 earum
1469 1612 1766 1666 transumptum
1792 1613 1832 1655 in
1850 1613 2015 1657 Basilica
2044 1615 2201 1658 Princi-

1239 1671 1299 1727 pis
1316 1669 1602 1726 Apostolorum
1630 1670 1684 1713 de
1714 1671 1855 1723 Urbe,
1889 1674 2198 1730 SanctiJoannis

1239 1728 1514 1773 Lateranenfis
1543 1757 1557 1781 ,
1591 1743 1637 1773 ac
1667 1730 1935 1773 Cancellariae
1959 1732 2199 1788 Apostolicoe

1237 1789 1368 1834 valvis
1381 1815 1395 1836 ‚
1411 1789 1511 1830 acin
1525 1788 1613 1830 acie
1626 1788 1773 1843 Campi
1802 1790 1932 1831 Florae
1949 1804 2023 1846 per
2039 1791 2197 1847 aliquos

1233 1862 1285 1891 ex
1303 1842 1547 1890 Cursoribus
1571 1846 1712 1888 nolitis
1742 1847 1998 1900 publicentur
2018 1878 2033 1900 ,
2058 1851 2200 1890 hatum

1232 1905 1419 1960 exemplo
1442 1905 1483 1949 in
1514 1904 1676 1960 fingulis
1700 1903 1827 1947 valvis
1844 1933 1858 1955 ‚
1888 1907 1928 1946 &
1945 1907 2031 1948 acie
2056 1906 2201 1963 praedi-

1232 1967 1306 2010 etis
1319 1963 1438 2006 affixo
1451 1991 1466 2015 ‚
1479 1962 1636 2005 dimiffo
1650 1992 1661 2004 .
1686 1964 1853 2012 Verum,
1866 1965 1959 2019 quia
1974 1965 2199 2010 difficile.»

1236 2021 1342 2063 foret
1371 2020 1581 2075 presentes
1606 2020 1766 2061 litteras
1797 2022 1849 2063 ad
1865 2023 2013 2077 singula
2034 2037 2199 2078 quaeque

1241 2079 1355 2127 loca,
1387 2078 1427 2118 in
1443 2077 1586 2134 quibus
1614 2076 1666 2120 de
1694 2078 1750 2119 eis
1775 2077 1876 2121 fides
1893 2077 2073 2123 facienda
2088 2083 2170 2124 erit
2183 2108 2201 2131 ,

1239 2135 1391 2181 deferri
1410 2149 1425 2189 ;
1441 2136 1640 2180 Volumus
1660 2163 1674 2187 ‚
1689 2137 1729 2177 δι
1742 2137 1847 2180 dieta
1859 2138 2099 2182 auctoritate
2123 2139 2199 2181 de·

1239 2195 1437 2238 cernimus
1466 2221 1482 2244 ,
1521 2193 1628 2249 quod
1666 2196 1902 2238 earumdem
1936 2197 2199 2241 litterarum..

1238 2253 1522 2308 transumptis,
1548 2265 1667 2294 manu
1693 2252 1860 2310 alicujus
1876 2255 2038 2296 Notarii
2064 2255 2199 2312 publi·

1239 2313 1274 2355 ci
1302 2309 1528 2366 subscriptis
1546 2338 1560 2362 ,
1583 2311 1623 2351 δι
1646 2310 1773 2365 figillo
1799 2311 1969 2368 alicujus
2008 2314 2166 2357 Praelati
2182 2343 2198 2367 ,

1237 2370 1302 2414 seu
1318 2369 1493 2426 personae
1513 2370 1553 2410 in
1582 2368 1786 2424 dignitate
1814 2372 2084 2416 Ecclesiastica
2099 2387 2201 2416 con-

1235 2430 1381 2472 stitutae
1406 2428 1567 2471 munitis
1595 2453 1610 2474 2
1634 2428 1777 2471 eadem
1794 2431 1955 2485 prorsus
1971 2430 2068 2474 fides
2084 2431 2200 2474 adhi-

1233 2487 1624 2542 benun-injudicio,
1650 2490 1690 2529 &
1715 2499 1831 2530 extra
1856 2489 1957 2531 illud
1974 2515 1988 2536 ‚
2019 2504 2104 2544 quae
2117 2490 2196 2532 eis-

1235 2547 1327 2590 dem
1341 2546 1593 2603 praesentibus
1618 2546 1882 2590 adhiberetur
1900 2575 1914 2599 ,
1938 2548 1965 2587 fi
1980 2546 2112 2591 forent
2128 2562 2196 2590 ex-

1237 2606 1372 2649 hibita
1396 2606 1461 2647 vel
1487 2602 1646 2648 ostensae
1661 2634 1672 2646 .

1353 2664 1469 2709 Nulli
1516 2677 1615 2719 ergo
1640 2667 1808 2708 omnino
1841 2666 2047 2709 hominum
2079 2666 2198 2709 liceat

1237 2727 1341 2768 hanc
1367 2725 1552 2781 paginam
1580 2723 1718 2768 nostrae
1742 2724 1947 2768 sanc-‘lionis
1968 2755 1981 2777 ‚
2014 2725 2200 2778 decreti,

1237 2783 1524 2827 declarationis
1539 2810 1553 2833 ,
1581 2782 1834 2827 inhibitionis
1859 2809 1874 2831 ‚
1895 2785 2167 2827 revocationis
2181 2813 2196 2836 ,

1240 2841 1466 2884 cassationis
1480 2868 1494 2890 ‚
1510 2841 1752 2884 irritationis
1761 2870 1776 2892 ,
1788 2842 1921 2883 statuti
1932 2870 1947 2893 ,
1959 2843 2198 2897 derogatio·

1240 2901 1330 2949 nis,
1351 2901 1391 2942 δι
1419 2899 1642 2942 voluntatis
1668 2898 1917 2953 infringere,
1948 2901 2010 2943 vel
2039 2903 2076 2942 ei
2102 2901 2196 2943 ausu

1237 2960 1450 3002 temerario
1462 2956 1663 3000 contraire
1677 2970 1692 3009 3
1718 2957 1758 3000 Si
1775 2956 1865 3012 quis
1879 2965 2022 2999 autem*
2039 2959 2118 3000 lioc
2130 2970 2195 3000 at-

1240 3028 1399 3061 tentare
1413 3014 1701 3071 praesumpserit
1717 3043 1731 3067 ‚
1759 3015 2074 3067 indignationem
2098 3017 2194 3058 Om-

1242 3075 1461 3131 nipotentis
1479 3073 1552 3115 Dei
1566 3098 1580 3120 ,
1595 3086 1641 3116 ac
1654 3074 1866 3116 Beatorum
1885 3074 1991 3116 Petri
2007 3099 2020 3122 ,
2035 3073 2073 3114 δι
2091 3075 2195 3115 Pau-

1242 3135 1270 3177 li
1285 3131 1571 3189 Apostolorum
1584 3129 1664 3186 ejus
1676 3130 1714 3175 se
1727 3132 1887 3174 noverit
1904 3130 2162 3174 incursurum.

1354 3194 1507 3233 Datum
1534 3191 1675 3232 Roma
1696 3191 1802 3247 apud
1818 3193 2001 3234 sanetum
2025 3189 2192 3234 Petrum

1238 3255 1357 3296 Anno
1391 3247 1682 3292 incarnationis
1711 3249 1957 3300 Dominicae‚
1984 3248 2193 3292 millefimo

1238 3307 1555 3366 quingentefimo
1568 3305 1850 3363 septuagesimo
1860 3308 1992 3363 primo
2005 3333 2020 3356 ‚
2050 3309 2194 3350 octavo

1236 3370 1335 3412 Idus
1366 3366 1536 3422 Augusti
1561 3392 1577 3416 ‚
1607 3364 1872 3411 pontificatus
1911 3366 2035 3409 nostri
2066 3367 2191 3419 Anno

1235 3430 1362 3472 Sexto
1379 3454 1391 3467 .

1243 3590 1246 3591 ⁷
1292 3543 1514 3596 Rodriqucz
1526 3542 1568 3584 in
1584 3541 1824 3601 ColleH-sol.
1839 3553 1890 3595 4¹
1895 3555 1938 3599 9.
1971 3542 2078 3586 Ball.
2094 3542 2190 3585 Ord-

1347 3601 1471 3645 Praed.
1482 3601 1805 3660 tom.5.sol.285.

1710 3780 1754 3821 Μ
1767 3791 1807 3819 m
2036 3771 2125 3814 Pri-
