2444 4192
762 225 928 309 Sub
989 222 1435 311 Alexandro
1496 224 1540 308 I
1563 226 1670 312 V.

184 384 265 436 ,ὁ
286 377 408 428 male
422 373 661 443 acquisitis
675 408 692 435 ,
707 371 758 424 ὅ(
783 375 968 425 incertis
986 411 1002 434 ,
1019 379 1190 426 Fratri-

205 462 207 465 ⁴
256 449 341 500 bus
380 447 652 497 Minoribus
687 443 858 495 donata
901 445 959 495 ab
989 449 1046 497 iis
1074 448 1184 498 reci-

259 521 309 589 pi
339 516 462 590 posse
494 518 736 589 indulget.

259 663 688 714 'ALEXANDER
735 659 1110 715 EPISCOPUS

295 826 297 828 v
385 792 558 836 Servus
590 790 848 834 Seavoauu
879 789 960 834 Der
983 819 997 832 .

195 908 367 956 Dileffls
383 912 501 957 Filiis
514 939 527 962 ,
547 909 763 958 cenerati,
790 908 846 959 ὸ·
868 907 1176 954 Provincialibus

242 970 445 1030 Ministris
458 997 473 1021 ‚
488 983 534 1012 ac
548 967 766 1013 Fratribus
783 970 828 1009 dc
846 970 994 1011 Ordine
1011 972 1118 1012 Fra-

300 1039 413 1074 trum
438 1032 648 1073 Mmormn
664 1056 678 1080 ,
689 1026 871 1085 salutem
890 1028 938 1077 (5
955 1031 1063 1085 Apo-

411 1088 590 1142 stoltcam
605 1088 914 1132 Benedrttronem
924 1116 938 1130 .

289 1207 414 1251 Elicis
439 1221 526 1250 rec.
543 1207 809 1252 Innocentius
833 1210 939 1264 Papa
954 1207 1176 1252 Praedeces-

300 1268 368 1311 sor
382 1266 517 1310 noster
531 1295 546 1319 ,
559 1269 600 1310 δι
616 1271 702 1310 Nos
723 1268 983 1323 postmodum
998 1269 1176 1311 adinstar

179 1328 314 1383 ipliut,
333 1326 492 1370 dilectis
522 1327 634 1370 Filiis
651 1325 874 1382 Magistro,
900 1329 940 1372 δι
966 1329 1173 1370 Fratribus

179 1383 341 1430 Domus
355 1386 510 1430 militiae
524 1385 664 1442 templi
695 1385 1079 1443 Hierosolymitani,
1095 1401 1171 1444 pro

177 1446 470 1490 exoneratione
484 1447 720 1490 debitorum
737 1474 751 1497 ,
781 1446 924 1501 quibus
945 1449 1075 1490 teneri
1105 1447 1170 1488 di·

178 1513 346 1556 eantur,
368 1516 413 1550 ut
440 1506 493 1550 de
519 1504 643 1549 usuris
656 1532 671 1555 ,
689 1506 868 1562 rapinis,
894 1508 934 1549 δι
948 1506 1047 1551 aliis
1065 1519 1169 1563 quo·

178 1579 342 1623 cunque
365 1566 491 1611 modo
507 1565 655 1609 illicite
671 1565 888 1622 acquitifis,
903 1578 988 1622 quae
1001 1566 1172 1609 Christi-

175 1624 319 1669 fideles
334 1625 526 1669 mandant
544 1626 694 1669 restitui
714 1624 754 1667 in
768 1626 912 1668 ultima
940 1627 1172 1675 voluntate,

177 1684 245 1729 vel
261 1684 360 1727 dum
381 1685 558 1736 vivunt,
578 1685 734 1727 etiamst
761 1684 947 1741 sospitate
961 1683 1172 1735 fruuntur,

177 1742 391 1789 restituere
406 1742 494 1788 sunt
511 1746 669 1799 parati:
697 1742 723 1786 fi
737 1745 882 1800 quibus
908 1744 1087 1801 ipsorum
1106 1758 1172 1787 rc·

175 1804 337 1850 stitutio
366 1802 452 1847 fieri
478 1802 654 1854 debeat,
680 1805 853 1846 omnino
876 1805 1049 1848 inveniri
1086 1818 1172 1847 non

175 1861 322 1925 poffint
335 1877 348 1907 :
362 1877 439 1907 nec
456 1877 538 1906 non
553 1864 605 1908 de
621 1863 764 1919 legatis
790 1864 1016 1908 indistincte
1031 1866 1070 1907 in
1085 1866 1173 1921 pios

175 1921 268 1969 usus
299 1921 451 1966 relictis
464 1950 480 1975 ,
495 1936 576 1965 non
591 1924 779 1981 expressis
806 1924 911 1968 locis
937 1924 1143 1982 aliquibus
1157 1952 1173 1976 ,

177 1982 247 2024 vel
262 1980 442 2038 personis
462 2009 477 2032 ‚
490 1980 676 2039 usquead
690 1984 836 2027 decem
862 1984 991 2028 millia
1010 1998 1171 2028 marea-

178 2052 278 2084 rum
302 2038 458 2094 argenti
481 2063 497 2086 2
538 2041 688 2094 ubique
715 2041 908 2084 locorum
932 2055 1050 2086 extra
1083 2045 1170 2085 Re-

180 2112 307 2154 gnum
323 2096 548 2140 Alemaniae
562 2098 742 2150 recipere
757 2097 947 2140 valeant:
965 2113 1039 2153 per
1058 2100 1169 2152 Apo-

177 2157 344 2200 ssolicas
358 2184 373 2206 ‚
403 2154 476 2198 sub
498 2164 612 2197 certa
638 2154 795 2203 forma,
820 2156 981 2198 litteras
995 2157 1169 2199 dicimur

175 2209 589 2260 conceffiffe,diverfis
604 2209 721 2263 super
736 2211 815 2249 hoc
832 2212 891 2250 eis
908 2213 1169 2252 executor-ia-

173 2272 282 2321 libus
295 2265 679 2325 deputatis-Verum
693 2266 783 2322 quia
793 2264 890 2310 ficut
905 2267 1171 2323 intelligimus

174 2329 272 2376 dini
287 2326 531 2385 Magistri,&
547 2327 711 2370 Fratres
725 2325 840 2382 super
864 2326 1169 2384 praemillis‚quae

173 2390 259 2435 five
273 2388 390 2431 vobis
404 2414 418 2437 ‚
432 2387 513 2430 live
528 2384 772 2442 depolitioni
789 2414 803 2437 ,
831 2385 911 2431 five
932 2387 1168 2431 ordinatio-

177 2450 221 2494 ni
243 2446 439 2506 alicujus,
455 2446 524 2491 vel
538 2445 772 2502 aliquorum
785 2459 838 2488 ex
854 2450 970 2491 vobis
992 2461 1172 2504 quomo·

1247 378 1408 420 dolibet
1424 381 1711 435 relinquuntur
1724 407 1740 430 ,
1765 381 1835 424 seu
1859 382 1886 424 fi
1904 399 2141 435 executores
2159 395 2231 437 de.¹

1243 439 1478 478 cedentium
1501 442 1554 480 de
1568 440 1718 481 talibus
1738 453 1880 481 eorum
1899 444 2147 499 dispositioni
2161 460 2232 495 rev-²

1242 493 1368 546 lictis,
1386 497 1501 538 vobis
1516 497 1644 540 velint
1661 498 1794 552 aliqua
1812 501 1996 556 elargiri,
2013 507 2098 546 Vos
2111 520 2232 550 occa-

1241 553 1353 597 fione
1365 556 1637 599 conceffionis
1649 555 1878 611 hujusmodi
1895 561 2116 616 inquietant
2127 567 2232 608 mul.

1244 613 1475 669 tipliciter,
1500 618 1542 658 ἃ.
1568 616 1785 658 molestant
1802 645 1812 653 .
1830 620 1918 659 Nos
1951 620 2139 663 volentes
2166 638 2231 678 pa.

1241 676 1280 715 ei
1300 700 1315 723 ‚
1343 675 1381 715 &
1410 675 1702 733 tranquillitati
1732 674 1868 717 vcstrae
1881 707 1897 728 ,
1927 690 2094 734 paterna
2117 684 2233 736 {uper

1243 732 1325 774 hoc
1346 734 1626 778 sollicitudine
1647 734 1895 791 providere,
1925 739 2041 780 vobis
2069 740 2230 785 univer-

1243 792 1289 834 fis
1305 820 1318 842 ,
1334 793 1553 850 &lingulis
1570 822 1586 845 ‚
1614 806 1658 838 ut
1679 793 1792 849 super
1824 795 1926 839 tales
1945 798 2108 839 litteras
2130 811 2232 852 pra:-

1236 851 1355 894 die'tis
1371 855 1571 908 Magistris
1584 881 1599 903 ‚
1615 856 1655 896 δι
1671 854 1883 896 Fratribus
1898 885 1913 908 ,
1928 859 1978 899 ab
1994 856 2228 912 Apostolica

1235 911 1344 956 Sede
1361 914 1750 965 conceffas‚nu11um
1774 916 1889 956 vobis
1909 916 2120 972 vestroque
2145 918 2226 958 Or-

1234 970 1323 1014 dini
1339 970 1618 1029 praejudiciuni
1633 976 1969 1032 generetur,quin
1988 975 2144 1018 eisdem
2160 976 2230 1018 lit-

1237 1032 1340 1074 teris
1367 1046 1617 1089 nequaquam
1632 1034 1885 1077 obstantibus
1898 1063 1913 1086 ,
1941 1050 2004 1084 ea,
2018 1048 2105 1091 quae
2120 1033 2229 1079 du

1238 1091 1444 1147 praemiffis
1463 1096 1579 1136 vobis
1592 1123 1607 1145 ,
1619 1094 1659 1134 δι
1672 1092 1740 1149 ipfi
1759 1092 1907 1137 Ordini
1924 1095 2228 1151 relinquuntur,

1236 1152 1278 1193 δι
1291 1153 1342 1192 ab
1355 1154 1646 1196 executoribus
1660 1153 1949 1197 decedentium
1964 1156 2225 1202 exhibentur,

1238 1212 1424 1266 recipere
1437 1238 1450 1260 ‚
1466 1226 1512 1254 ac
1529 1213 1580 1255 de
1599 1214 1645 1254 iis
1659 1241 1674 1265 ‚
1692 1226 1778 1268 quae
1793 1213 1927 1256 vestrae
1955 1214 2227 1256 committun-

1238 1282 1303 1314 tur
1317 1270 1388 1313 dis
1381 1272 1585 1327 politioni,
1601 1273 1796 1315 ordinare
1810 1302 1824 1319 ,
1840 1287 1886 1314 ac
1901 1273 2110 1330 disponere
2127 1272 2232 1316 libe-

1233 1331 1280 1374 re
1298 1330 1466 1374 valeatis
1481 1362 1495 1383 ,
1509 1333 1756 1376 auctoritate
1773 1333 2026 1389 praesentium
2041 1333 2229 1390 indulge·

1233 1404 1320 1432 mus
1335 1418 1350 1440 ,
1380 1391 1574 1446 praedielo
1607 1392 1799 1447 Magistro
1814 1420 1828 1444 ,
1852 1394 1888 1434 &
1907 1393 2118 1436 Fratribus
2133 1420 2150 1441 ‚
2182 1405 2226 1432 ac

1232 1450 1357 1492 ctiam
1386 1452 1675 1492 executoribus
1703 1452 1929 1493 eorundem
1962 1451 2000 1492 in
2018 1452 2227 1494 virtute-³

1233 1508 1479 1551 obedienti:
1493 1509 1709 1551 districtius
1726 1509 1974 1558 inhibentes,
1986 1523 2040 1552 ne
2054 1524 2145 1562 vos,
2162 1508 2229 1551 vel

1235 1566 1411 1610 vestrum
1447 1567 1608 1625 aliquos
1641 1569 1923 1624 pra-dictarum
1966 1569 2228 1613 litterarum.»

1234 1638 1431 1684 praetextu
1451 1628 1712 1680 „molestare
1736 1638 1883 1671 contra
1915 1627 2145 1682 hujusmodi
2170 1640 2229 1670 te-

1235 1702 1377 1729 norem
1402 1689 1628 1743 inquietare
1654 1718 1668 1739 ,
1699 1686 1760 1731 {eu
1787 1688 2107 1742 quomodolibet
2138 1701 2229 1743 per-

1236 1747 1402 1790 turbate
1418 1747 1658 1801 prael‘uniant
1678 1777 1690 1790 .
1718 1752 1804 1790 Nos
1822 1749 1930 1790 enim
1958 1749 2227 1791 nihilominus

1235 1820 1375 1849 omnes
1392 1808 1831 1850 excommunicationis
1845 1835 1859 1857 ‚
1876 1805 2151 1862 suspensionis,
2165 1808 2229 1848 in-

1236 1867 1398 1909 terdiai
1424 1866 1639 1910 sententias
1652 1892 1667 1915 ,
1681 1881 1781 1920 quas
1810 1880 1880 1920 per
1905 1868 2067 1910 eosdem
2082 1880 2228 1908 execu-

1234 1936 1346 1968 tores
1373 1928 1412 1968 in
1429 1939 1502 1968 vos
1514 1953 1530 1974 ,
1547 1926 1610 1968 vel
1641 1925 1813 1968 vestrum
1839 1925 1997 1983 aliquos
2010 1926 2225 1969 occasione

1233 1985 1355 2040 hujus
1386 1986 1639 2042 promulgari
1663 1986 1891 2041 contigerit
1920 2012 1935 2035 ‚
1964 1987 2222 2029 decernimus

1229 2045 1392 2096 irritas,
1404 2046 1446 2087 ἃ.
1465 2047 1600 2088 inanes
1618 2074 1630 2086 .
1647 2045 1765 2088 Nulli
1780 2059 1880 2099 ergo
1894 2046 1973 2087 διε.

1347 2103 1500 2143 Datum
1537 2105 1712 2144 viterbii
1751 2105 1915 2145 decimo
1943 2105 2115 2162 septimo
2143 2106 2228 2146 Ka·

1232 2156 1372 2199 lendas
1404 2160 1652 2201 Novembris
1684 2159 1951 2203 Pontificatiis
1987 2164 2111 2206 nostri
2138 2168 2229 2207 An-

1229 2226 1287 2253 no
1306 2216 1453 2254 Tertio
1467 2242 1481 2254 .

1291 2331 1558 2374 Monumenta
1577 2326 1759 2385 Ord.fhl.
1776 2332 1844 2374 26.
1867 2334 2070 2387 speculum
2084 2334 2166 2394 sol.
2184 2336 2226 2376 8.

1350 2388 1600 2447 Waddingus
1612 2400 1763 2445 tom.4,
1775 2391 2007 2448 Annalfol.
2022 2406 2094 2444 72.

933 2579 1475 2646 NOTA

180 2692 348 2786 Hos
371 2744 468 2784 idem
490 2743 528 2783 δι
547 2743 627 2784 nm:
650 2741 804 2792 ejusdem
834 2742 972 2782 Summi
994 2743 1180 2784 Pontificis
1202 2743 1450 2782 confirmatum
1473 2742 1539 2782 else
1555 2744 1704 2793 litteris,
1729 2756 1875 2796 quarum
1890 2746 2034 2795 sequens
2046 2746 2221 2787 esttenorz

189 2852 1203 2954 *ALEXANDER
1301 2853 2159 2925 EPISCOPUS

619 2998 974 3054 SERVUS
1033 3001 1543 3044 SERVORUM
1602 3002 1782 3045 DEI.

312 3106 520 3166 vniversts
536 3104 818 3151 executoribus
830 3105 1153 3156 testamentorum
1166 3138 1181 3160 ‚
1203 3108 1412 3163 pra-linter
1438 3109 1599 3151 litteras
1624 3106 1860 3169 inspeHurt‘s
1873 3137 1888 3162 ,
1903 3106 2084 3168 salutem

839 3165 895 3216 ά
924 3168 1182 3226 Apostolicam
1208 3166 1520 3211 Beni-dimam·
1537 3197 1550 3210 .

183 3285 260 3371 E
272 3282 312 3324 X
327 3286 452 3334 parte
475 3276 708 3321 dileflorum
735 3276 937 3320 FIIiorum
963 3276 1147 3335 Ministri
1165 3279 1373 3321 Generalis
1387 3307 1402 3330 ,
1415 3278 1470 3328 ό*
1497 3280 1689 3322 Fratrum
1708 3276 1870 3322 ordinis
1898 3279 2103 3323 Minor-um
2117 3275 2215 3335 suit

278 3336 525 3396 propost't'mn
540 3349 673 3379 coram
693 3334 813 3379 Nobis
827 3363 842 3386 ,
856 3335 964 3391 quod
982 3350 1069 3378 cum
1087 3337 1217 3392 aliqui
1232 3337 1403 3393 vestram
1427 3338 1473 3378 de
1486 3337 1588 3378 male
1605 3336 1772 3386 ablatis,
1807 3340 1855 3387 (ς’
1876 3340 2018 3381 illicltc‘
2042 3337 2215 3392 acquisi-

182 3399 235 3444 tt's
246 3428 263 3452 ,
287 3396 516 3455 quaefideles
531 3393 737 3453 cestii-ntes
747 3423 762 3446 ‚
778 3394 917 3450 quibus
931 3395 1069 3438 borum
1083 3397 1387 3455 rssitutioficri
1400 3395 1535 3439 debeat
1547 3425 1562 3447 ‚
1575 3411 1644 3440 nec
1658 3410 1733 3439 non
1744 3398 1789 3438 de
1804 3401 1870 3449 iis,
1885 3411 1973 3452 quc
1984 3398 2101 3440 iidem
2104 3395 2212 3452 fide-

188 3458 240 3505 ἦ
250 3455 492 3514 inglorium,
510 3470 587 3500 non
599 3453 776 3512 expreffls
792 3455 970 3513 persistis
996 3456 1059 3496 vel
1069 3456 1179 3510 loeis,
1190 3458 1316 3516 vestro
1329 3455 1503 3500 arbitrio
1516 3455 1609 3514 ‚fia
1623 3457 1668 3498 de
1679 3455 1838 3513 confilio
1854 3457 2024 3511 alicujus
2040 3482 2055 3505 ‚
2062 3465 2138 3511 per
2151 3469 2215 3497 vos

188 3515 331 3571 inpios
352 3515 441 3572 ustas
462 3517 663 3572 eroganda
675 3518 923 3558 committunt
935 3543 950 3564 ,
965 3516 1091 3557 velint
1108 3518 1328 3560 eorumdem
1345 3518 1541 3562 Fratrum
1554 3515 1786 3571 indigentiis
1792 3516 2003 3571 providere
2015 3531 2028 3559 :
2042 3516 2212 3557 nonnul-

191 3574 489 3632 tiranii-siarum
508 3577 674 3620 Prelati
685 3604 699 3627 ‚
713 3587 781 3619 nec
799 3575 1015 3633 Hospitalis
1030 3603 1043 3626 ,
1059 3575 1112 3625 ὠ·
1127 3577 1284 3619 militie
1306 3576 1452 3631 Templi
1469 3576 1812 3633 Hierosbiymitant
1824 3601 1839 3626 ‚
1854 3589 1901 3618 ac
1915 3579 2039 3619 etiam
2055 3576 2211 3616 militie

190 3634 388 3687 savaro&
406 3638 620 3680 Donioruin
637 3634 830 3692 Magistri
843 3664 857 3686 ‚
872 3638 925 3687 (9·
941 3637 1107 3679 fratres
1118 3665 1134 3686 ,
1147 3636 1202 3687 ά·
1216 3635 1293 3679 alii
1303 3663 1318 3685 ‚
1336 3648 1414 3694 pro
1430 3635 1570 3689 quibas
1584 3635 1709 3691 sitpcr
1724 3633 1941 3678 obtinendis
1954 3637 2006 3677 ab
2019 3635 2071 3677 eis
2094 3636 2209 3674 certis

187 3693 478 3748 quantitatibus
497 3697 717 3752 &aarum
734 3724 747 3747 ,
771 3694 991 3754 hujusmodi
1018 3694 1175 3737 litteras
1196 3696 1345 3753 nastros
1360 3694 1545 3750 dirextffi
1562 3694 1759 3737 dicimur:
1780 3704 1854 3750 per
1869 3699 2103 3738 Executares
2122 3690 2209 3748 sthi

174 3752 306 3810 fieper
327 3751 394 3794 boc
418 3754 620 3810 deputatas
634 3757 662 3797 a*
678 3754 800 3798 Nobis
811 3754 998 3811 impedire
1000 3764 1227 3811 procurant
1238 3785 1253 3807 ‚
1269 3753 1610 3812 nepraedielorum
1634 3756 1715 3799 FF·
1730 3757 1938 3798 Minor-um
1958 3754 2202 3807 indigentiis,

187 3811 234 3852 de
251 3810 530 3864 pra-dmum„
552 3816 691 3871 legatis
702 3824 775 3869 per
791 3830 854 3859 vos
869 3815 1001 3859 valeat
1014 3814 1260 3874 fibveniri3
1278 3825 1449 3873 propter
1470 3813 1577 3869 quod
1600 3813 1796 3859 duxerunt
1810 3815 1866 3857 ad
1888 3813 2115 3871 Apostolicae
2138 3812 2199 3849 sc·

184 3871 244 3914 dis
266 3869 465 3918 auxilium
486 3875 770 3920 recurrendum
782 3904 795 3918 .
2048 3929 2084 3968 C

2079 3935 2142 3968 um
