2444 4192
737 144 898 231 Sub
965 146 1359 232 Benedic‘lo
1421 145 1569 229 Χ]
1593 146 1693 230 V.

224 299 398 347 ustulata
410 295 515 340 facie
529 323 543 347 ,
561 295 751 339 crematis
766 299 970 352 palpebris
990 327 1004 349 ,
1031 303 1069 343 &
1094 315 1190 344 ocu-

225 358 458 406 lorum-acie
474 351 709 398 labefactata
723 383 740 406 ,
761 369 924 399 omnem
951 360 1112 401 videndi
1131 361 1191 399 fa-

225 419 422 462 cultatem
441 414 602 471 penitus
627 413 779 462 amisit,
810 428 882 456 nec
899 429 989 456 eam
1018 428 1188 472 quatuor

222 473 390 519 circiter
407 473 600 517 mensium
614 473 743 528 spatio
757 500 770 523 ,
789 472 970 528 pluribus
985 477 1186 516 etiamre·

223 534 368 579 mediis
383 531 577 576 adhibitis
592 557 607 582 2
623 529 702 575 ulla
725 531 764 572 in
791 540 905 586 parte
921 533 1186 585 recuperavit.

221 593 377 637 Verum
390 621 405 645 ,
417 591 528 649 quod
541 603 669 647 neque
691 590 870 634 §natura
884 616 899 640 ,
922 591 1087 645 nequea
1102 592 1189 631 Me·

222 652 416 696 dicorum
445 660 532 694 arte
561 650 748 693 obtinere
762 646 844 704 jam
861 646 1033 702 amplius
1048 646 1183 701 spera-

222 714 294 755 bat
309 740 324 764 ,
348 710 390 754 id
404 709 440 754 ei
454 710 504 752 ab
516 707 798 764 omnipotenti
829 709 921 749 Deo
942 704 1186 748 mirabiliter

223 767 452 820 conceffum
467 768 540 811 fuit
555 781 625 824 per
642 767 780 809 merita
798 767 841 808 B.
857 767 967 809 Petri
985 762 1187 819 Regalati,

223 830 339 887 cujus
363 826 586 870 Cucullum
620 825 752 868 oculis
774 822 852 868 suis
883 821 1090 866 admoveri
1111 836 1185 863 cu·

222 888 329 932 ravit
348 899 364 939 ·,
382 885 478 928 dum
500 885 554 928 ad
575 884 685 928 illius
712 882 908 940 Reliquiae
922 883 1154 925 contaetum
1167 908 1184 930 ,

220 946 338 992 illico
365 942 683 999 perfeetiffimum
707 942 922 986 oculorum
947 942 1060 984 usum
1078 953 1188 981 rece·

220 1007 283 1062 pit
297 1031 312 1055 ‚
331 1015 451 1060 quem
465 1003 516 1047 ad
532 1011 704 1045 mortem
728 1001 848 1059 usque
863 1001 972 1045 haud
998 999 1188 1042 imminu-

222 1073 313 1107 tum
340 1061 539 1105 retinuit.

339 1119 530 1165 Alterum
541 1120 743 1164 recentius
769 1118 1014 1165 Miraculum
1042 1132 1193 1177 exper-

222 1188 265 1223 ta
279 1178 353 1222 fuit
368 1178 540 1236 Birgitta
552 1180 708 1235 ortega
736 1181 775 1223 in
787 1178 993 1222 sanatione
1015 1180 1190 1223 horren-

223 1239 268 1281 di
282 1237 461 1288 ulceris,
475 1235 585 1292 quod
606 1237 676 1293 ipsi
694 1252 742 1281 ex
765 1238 914 1293 praevio
937 1249 1125 1288 tumore,
1151 1238 1192 1278 δι

222 1291 440 1339 interclusa
471 1293 607 1342 sanie,
637 1296 678 1336 in
702 1296 848 1337 finistra
874 1296 1102 1339 lumborum
1127 1309 1192 1338 rc-

221 1354 343 1412 gione
357 1349 580 1398 obortum,
609 1364 699 1392 cum
726 1352 1000 1407 integumenta
1026 1355 1191 1402 omnia,

222 1411 368 1470 quibus
382 1422 502 1452 renes
526 1409 846 1476 continebantur
861 1439 877 1462 ,
906 1411 947 1452 δι
964 1412 1064 1455 duas
1088 1423 1194 1468 quo·

223 1466 1193 1582 ‘izzssffiffiffffozi’xaff'infimis2

225 1591 267 1632 δι
295 1583 556 1630 acerbiffirnis
584 1582 797 1629 doloribus
827 1599 924 1628 cum
953 1585 1055 1629 febri
1070 1599 1191 1629 acce-

226 1645 418 1691 dentibus
432 1672 447 1697 ,
461 1642 542 1702 jam
558 1644 683 1699 prope
702 1655 819 1695 erat,
845 1655 888 1686 ut
912 1645 1032 1701 ipsam
1046 1645 1192 1687 Mulie·

225 1709 280 1751 ris
311 1704 438 1747 vitam
458 1701 721 1758 praecideret.
741 1708 847 1748 Cum
875 1713 1008 1746 tamen
1037 1705 1109 1746 illa
1140 1702 1191 1745 ad

230 1763 346 1808 Beati
383 1761 422 1805 se
451 1759 637 1803 ulchrum
665 1761 814 1805 adduci
846 1760 883 1803 se
921 1762 1148 1819 postuliffet
1176 1789 1193 1812 ,

226 1824 361 1879 ibique
375 1774 493 1877 {ptius
507 1833 623 1875 opem
639 1820 746 1876 apud
771 1822 906 1864 Deum
933 1835 1026 1864 cum
1057 1821 1192 1874 lacry-

154 1912 157 1920 Δ
229 1883 305 1926 mis
320 1875 563 1935 imploraffet
578 1906 591 1930 ,
616 1879 694 1923 iter
709 1878 875 1934 ingreffa
889 1889 932 1923 ut
946 1881 1113 1924 domum
1126 1893 1195 1921 re-

228 1942 364 1991 diret,
378 1935 494 1983 senfit
508 1937 543 1979 se
567 1937 737 1992 repente
751 1935 925 1982 sanatam
942 1969 960 1991 ,
987 1948 1109 1995 atque
1126 1937 1194 1982 ul-

159 2036 161 2039 .
229 2001 332 2044 ceris
359 1995 495 2039 iocum
510 1994 734 2051 inspiciens,
749 1997 902 2042 invenit
919 1997 1193 2055 ampliffimam

233 2052 408 2102 fistulam
419 2052 605 2098 coalu‘tffe
616 2087 633 2110 ,
647 2060 687 2100 &
699 2057 891 2100 cicatrice
905 2057 1064 2100 inducta
1079 2085 1093 2109 ,
1110 2055 1200 2098 nul-

229 2119 290 2163 las
306 2116 399 2159 alias
412 2115 547 2159 morbi
566 2117 754 2174 reliquias
770 2114 849 2170 jam
865 2110 1196 2182 supereffe3Qin

229 2176 352 2222 etiam
375 2172 501 2217 suetis
527 2172 597 2217 fibi
611 2176 798 2231 corporis
823 2175 976 2219 viribus
993 2203 1011 2226 ,
1038 2185 1199 2231 optima

227 2235 424 2337 deinceps
454 2232 520 2275 usa
549 2234 605 2277 est
636 2232 868 2278 valetudine
898 2262 914 2286 ,
951 2234 1048 2276 dum
1081 2232 1197 2276 vita.»

250 2294 328 2338 uit.

349 2348 425 2393 His
453 2349 590 2408 itaque
615 2351 772 2396 duobus
787 2350 997 2395 Miraculis
1027 2349 1202 2407 cognitis

229 2411 272 2453 δι
282 2411 510 2466 approbatis
523 2437 539 2463 ,
566 2410 671 2454 illud
687 2410 959 2459 definiendum
973 2411 1200 2465 supererat,

229 2483 281 2513 an
311 2481 376 2513 res
403 2469 456 2511 eo
482 2468 654 2513 adducta
678 2471 968 2522 videretur,ut
983 2469 1034 2514 ad
1049 2468 1197 2512 solem-

228 2541 320 2572 nem
351 2525 466 2571 Beati
500 2530 868 2574 canonizationem
900 2530 993 2574 tuto
1026 2525 1198 2584 procedi

226 2585 377 2646 poffet=
390 2588 490 2642 Qua
515 2586 558 2629 in
575 2601 619 2631 re
641 2601 766 2642 quum
784 2586 1023 2642 jampridem
1039 2586 1198 2630 dubita-

226 2655 315 2689 tum
329 2641 461 2687 sufflet
473 2671 490 2697 ,
504 2656 554 2687 au
577 2645 758 2690 obstaret
783 2647 1010 2688 Decretum
1035 2646 1057 2687 i
1074 2645 1200 2688 Nobis

228 2704 389 2749 editum
402 2703 469 2747 die
479 2716 556 2747 xxi
571 2718 635 2748 ιι.
649 2704 803 2761 Aprilis
819 2705 929 2748 Anni
949 2716 1070 2757 ¹⁷4¹·
1084 2732 1099 2754 ,
1114 2716 1201 2760 quo

229 2760 435 2812 scrilicet,
458 2760 565 2805 inter
592 2762 702 2812 alia,
728 2762 938 2805 statuimus
953 2790 969 2813 ,
992 2766 1034 2806 in
1060 2761 1199 2807 Cauiis

231 2822 452 2866 Servorum
479 2819 557 2862 Dei
588 2833 660 2873 per
688 2819 797 2862 viam
820 2818 973 2863 Cultt‘is
987 2821 1202 2864 immemo-

229 2877 401 2928 rabilis,
423 2874 502 2921 five
521 2877 680 2922 Indulti
710 2877 1026 2934 procedentibus
1049 2905 1064 2931 ,
1094 2881 1136 2922 Gt.
1158 2879 1201 2923 in

231 2937 379 2996 quibus
394 2934 569 2981 virtutes
583 2950 635 2981 ex
659 2936 846 2980 'restibus
865 2936 1077 2981 dumtaxat
1092 2937 1200 2983 dea

233 2994 380 3041 auditu
391 3019 406 3044 ‚
423 2992 503 3039 five
515 3009 568 3040 ex
582 3008 806 3039 coaevorum
823 2996 1082 3051 Scriptorum
1095 2995 1200 3039 testi·

235 3054 382 3100 moniis
409 3054 588 3110 probate
600 3052 755 3098 fuiffent
771 3083 786 3106 ,
807 3068 930 3111 quum
957 3055 1043 3111 post
1058 3068 1205 3111 appro-

235 3114 445 3158 bationem
461 3110 610 3158 Cultus
627 3114 971 3165 immemorabilis,
991 3114 1042 3156 ad
1061 3114 1204 3158 solem-

234 3186 333 3219 nem
346 3173 712 3217 canonizationem
733 3172 918 3215 tranfitus
939 3171 1027 3216 fieri
1052 3173 1174 3216 vellet
1191 3198 1209 3221 ,

235 3246 318 3277 non
336 3231 423 3274 duo
450 3227 592 3280 solam,
603 3241 649 3274 ut
663 3229 761 3276 olim
773 3244 865 3276 mos
878 3231 1128 3284 obtinuerat,
1142 3231 1207 3274 sed

239 3296 241 3301 '
266 3300 421 3335 uatuor
449 3290 695 3347 inposterum
719 3290 918 3334 Miracula
937 3289 1019 3333 rite
1047 3290 1207 3347 probari

233 3303 391 3395 {rbere
406 3347 680 3409 :Huiusmodi
699 3349 936 3393 dubitatioi
963 3350 1094 3394 Nobis
1119 3348 1208 3392 sub-

239 3409 323 3452 lata
344 3408 476 3452 fiterat
494 3423 564 3464 per
578 3407 689 3452 aliud
703 3412 924 3452 Decretum
937 3407 1006 3452 die
1033 3406 1208 3451 secunda

238 3467 407 3522 Augusti
419 3467 594 3525 ejusdem
607 3468 700 3511 anni
716 3469 922 3526 prolatum
937 3497 953 3520 ,
968 3482 1055 3524 quo
1065 3467 1208 3511 decla-

238 3528 441 3575 ravimus,
455 3529 558 3572 banc
574 3526 744 3571 Causam
771 3529 821 3570 ab
835 3542 881 3571 ea
896 3527 986 3584 lege
999 3536 1207 3583 exceptam

237 3581 318 3629 effe
331 3585 374 3627 ἃ
385 3585 538 3630 censeri
556 3587 708 3631 debere
723 3601 740 3641 3
763 3587 818 3629 ob
830 3600 920 3629 eam
940 3587 1133 3629 nimirum
1148 3584 1205 3640 ju-

238 3642 440 3716 {tiffimam
453 3645 668 3710 ‘rationem
683 3674 699 3698 ,
714 3646 826 3703 quod
842 3659 965 3702 quum
989 3645 1068 3702 jam
1082 3643 1204 3702 usque

238 3705 540 3813 isaari:
552 3704 1205 3825 {aaziae}

1997 185 2142 265 3¹1

1254 303 1408 345 tutibus
1424 331 1436 353 ,
1452 312 1630 357 quatuor
1647 299 1759 342 fimul
1777 299 1971 345 Miracula
1987 312 2210 363 approbata

1249 358 1429 412 fuerint,
1443 359 1529 414 jure
1543 361 1623 400 dici
1639 366 1801 412 poterat
1824 360 2009 410 praedicto
2030 370 2208 419 geum-311

1248 419 1435 459 Decreto
1449 417 1596 457 'nostro
1608 413 1901 456 antecedenter
1927 421 2098 469 paritum
2118 425 2208 466 fuiss.

1245 472 1312 522 se,
1328 472 1579 529 proindeque
1602 472 1652 513 ad
1668 470 1781 526 ipfius
1796 472 1910 514 Beati
1927 476 2211 525 Canonizatio-

1247 538 1338 573 nem
1357 557 1372 580 ,
1395 542 1475 572 non
1505 540 1704 585 quatuor,
1720 527 1784 570 sed
1809 529 1893 570 duo
1919 531 2076 574 tantiam
2090 538 2210 579 Mira.

1245 589 1338 630 cula
1361 587 1624 643 approbanda
1638 584 1831 642 superesse
1845 614 1856 628 .
1873 588 2015 645 Itaque
2026 593 2212 645 praedi&a

1243 646 1459 702 quaeflione
1483 645 1690 702 propolita
1715 646 1755 686 in
1771 645 2096 702 Congregatione
2121 653 2210 694 Ge.

1245 704 1375 748 nerali
1403 707 1627 747 Sacrorum
1649 704 1819 746 Rituum
1834 718 1970 747 coram
1995 708 2126 749 Nobis
2144 709 2211 750 ha·-

1243 764 1330 806 bita
1345 763 1412 805 die
1429 777 1502 804 xxi
1515 776 1548 805 1.
1563 762 1815 818 Septembris
1835 764 1943 806 Anni
1963 778 2102 820 ¹744,
2119 780 2212 808 una-

1247 823 1365 866 nimis
1378 822 1558 864 omnium
1581 820 1715 864 sensus
1730 820 1836 872 fuit,
1859 831 1905 863 ut
1930 824 1979 867 ad
1994 822 2210 867 solemnem

1248 882 1361 926 Beati
1393 881 1502 922 Petri
1535 880 1902 923 Canonizationem
1942 883 2103 926 servatis
2134 882 2212 926 ser-

1248 940 1390 984 vandis
1403 939 1739 996 quandocumque
1752 938 1922 994 procedi
1934 941 2088 996 poffet3
2106 939 2213 985 Nos-

1246 997 2214 1102 iss³ieississ32s⁶2133333⁶3552⁰1m5232?ss

1248 1118 1430 1176 ejusdem
1450 1116 1587 1159 Anni.

1364 1180 1551 1232 Cumque
1583 1173 1813 1219 Chariffimi
1854 1176 1895 1218 in
1923 1175 2088 1218 Christo
2122 1174 2216 1218 Filii

1252 1235 1390 1281 Nostri
1410 1235 1619 1291 Philippus
1637 1236 1750 1286 V.‚&
1766 1233 1994 1278 Elissbetha
2010 1233 2088 1289 ejus
2107 1235 2218 1276 Con-

1251 1295 1647 1355 jux,Hispauiarum
1661 1295 1799 1350 Reges
1825 1294 2061 1342 Catholici,
2088 1308 2217 1337 cum,

1252 1353 1414 1409 reliquis
1438 1351 1608 1407 ipsorum
1635 1353 1772 1407 Regiae
1808 1352 1983 1396 Familiae
2011 1352 2213 1404 Principi-

1253 1415 1329 1456 bus
1343 1439 1357 1463 ‚
1374 1409 1535 1452 oblatas
1561 1409 1802 1465 jampridem
1816 1411 1838 1452 i
1862 1407 2220 1454 Praedecefforibus

1250 1470 1329 1515 suis
1355 1467 1599 1524 Apostolicae
1620 1467 1738 1512 Sedis
1764 1481 1906 1523 preces
1933 1466 2218 1522 &postulatio-

1251 1525 2222 1641 253„iwi”‘soiiffnifflafct‘l‘zssssffissffia

1777 1612 1792 1634 2

1254 1659 1345 1690 eum
1362 1643 1485 1686 finem
1515 1643 1785 1699 complurium
1802 1642 2104 1687 venerabilium
2121 1646 2219 1686 Fra·

1253 1717 1364 1748 trum
1381 1701 1578 1757 Hispaniae
1592 1702 1825 1746 Antistitum
1840 1728 1854 1752 ‚
1870 1699 2075 1758 totiusque
2099 1701 2217 1746 Reli-

1255 1761 1450 1821 giossffimi
1463 1761 1634 1804 Ordinis
1649 1764 1840 1806 Fratrum
1864 1763 2069 1804 Minorum
2085 1759 2220 1805 Sancti

1256 1818 1456 1867 Francisci
1474 1832 1569 1862 vota
1583 1849 1597 1870 ,
1622 1820 1997 1873 &obsecrationem
2027 1823 2116 1863 Nos
2130 1846 2145 1867 ,
2176 1829 2221 1861 ut

1255 1883 1295 1925 in
1323 1882 1401 1923 hoc
1419 1877 1646 1933 graviffimo
1671 1879 1844 1933 negocio
1869 1878 1982 1936 juxta
2012 1878 2220 1933 praescrip-

1255 1953 1339 1984 tam
1365 1937 1644 1994 strvatamque
1660 1935 1682 1980 a
1697 1935 2050 1980 Praedecefl'oribus
2072 1936 2217 1979 nostris

1258 1997 1404 2055 agendi
1442 2010 1626 2039 normam
1666 1996 1978 2052 procederemus
2002 2023 2017 2046 ,
2052 1996 2222 2039 univerfi

1258 2058 1432 2115 primum
1462 2054 1642 2110 Collegii
1670 2054 1974 2097 venerabilium
1999 2055 2225 2098 Fratrum„

1257 2115 1483 2159 nostrorum
1510 2116 1550 2157 S.
1570 2113 1617 2155 R.
1636 2115 1687 2156 Ε.
1706 2113 1987 2157 Car-dinanum
2012 2112 2052 2155 in
2081 2111 2228 2155 Confi·

1258 2174 1384 2218 florio
1397 2172 1550 2216 secreto
1564 2187 1632 2215 vr.
1646 2170 1741 2214 Idus
1755 2170 1908 2227 Aprilis
1933 2184 2073 2214 coram
2093 2170 2225 2214 Nobis

1259 2240 1609 2288 congregatorum
1626 2228 1861 2274 seutentiam
1883 2237 2005 2286 atque
2017 2229 2224 2272 confilium

1261 2291 1544 2348 exquifivimus
1556 2318 1568 2331 .
1588 2291 1772 2347 Quibus,
1789 2288 1874 2344 post
1886 2289 2065 2331 auditam
2094 2291 2117 2333 a
2132 2292 2224 2332 No-

1266 2352 1326 2394 bis
1340 2350 1540 2409 gestorum
1557 2347 1699 2392 seriem
1712 2378 1728 2403 ,
1741 2351 1779 2394 δι
1795 2350 1905 2390 Beati
1929 2348 2018 2391 Viri
2033 2347 2225 2404 praeclara

1260 2412 1439 2463 merita,
1462 2410 1513 2452 ad
1528 2409 1751 2466 legitimam
1779 2404 1918 2451 Causa:
1942 2407 2055 2464 hujus
2071 2405 2227 2450 absolu·

1260 2473 1412 2514 tionem
1441 2468 1617 2511 unanimi
1644 2482 1746 2511 voce
1774 2471 1861 2511 Nos
1886 2466 2227 2518 adhortantibus,

1258 2544 1339 2574 non
1365 2529 1577 2571 viciniores
1602 2525 1822 2576 modo,sed
1837 2527 1964 2569 etiam
1979 2526 2223 2569 remotiores

1262 2604 1335 2646 per
1369 2588 1532 2632 ltaliam
1565 2586 1785 2643 Episcopos
1813 2586 1855 2627 δι
1892 2584 2225 2640 Archiepiscopos

1261 2650 1416 2692 moneri
1439 2647 1667 2690 curavimus
1684 2676 1699 2696 ,
1713 2657 1757 2689 ut
1772 2644 1939 2688 circiter
1951 2643 2229 2698 KalendasJu-

1261 2709 1347 2750 nias
1360 2734 1376 2756 ,
1399 2707 1543 2760 quibus
1555 2704 1822 2748 commodum
1849 2702 1944 2746 effer
1958 2730 1975 2755 ,
2003 2702 2053 2743 ad
2071 2702 2229 2745 Urbem

1261 2764 1343 2810 sese
1366 2762 1608 2806 conferrent
1623 2776 1637 2805 ε
1650 2765 1733 2818 quo
1746 2764 1784 2805 δι
1798 2761 2011 2804 instantem
2038 2760 2233 2803 Natalem

1262 2826 1371 2868 diem
1395 2823 1614 2866 Beatorum
1628 2820 1917 2877 Apostolorum
1932 2819 2096 2864 Petri&
2113 2821 2231 2863 Pauli

1262 2882 1391 2926 veteri
1420 2893 1538 2922 more
1549 2907 1566 2929 ,
1581 2881 1787 2923 nobiseum
1801 2880 1877 2923 uni
1892 2879 2150 2922 celebrarent
2164 2907 2178 2930 ,
2192 2881 2233 2922 δι

1262 2940 1392 2986 Nobis
1404 2937 1456 2981 de
1469 2934 1662 2994 sepedicti
1675 2936 1837 2978 B-Petri
1855 2935 2059 2990 Regalati,
2074 2950 2232 2979 necnon

1262 3003 1340 3043 BB.
1358 2997 1510 3042 Fidelis
1523 3000 1544 3039 ἑ
1561 2993 1814 3052 Sigmaringa
1829 2994 2026 3047 Martyris
2040 3019 2054 3042 ,
2066 2994 2234 3037 Camilli

1265 3059 1319 3102 de
1347 3057 1500 3108 Lellis,
1527 3053 1741 3111 &josephi
1766 3054 1788 3096 ἃ
1812 3051 1993 3097 Leoniffa
2023 3051 2235 3096 Confeffo-

1267 3131 1358 3161 rum
1370 3142 1386 3165 ,
1398 3117 1440 3157 &
1456 3113 1681 3158 catharina
1707 3111 1759 3156 de
1790 3113 1929 3156 Riccis
1952 3109 2130 3166 Virginis
2142 3138 2157 3161 ,
2170 3111 2230 3156 so·

1268 3174 1395 3220 lemni
1410 3173 1732 3217 Canonizatione
1753 3170 2101 3220 deliberantibus,
2132 3184 2233 3213 con-

1268 3236 1446 3278 filiorum
1472 3231 1635 3275 suorum
1660 3230 1842 3286 suffragia
1858 3258 1873 3281 ,
1898 3237 2024 3286 prout
2055 3228 2229 3284 Spiritt'is

1269 3296 1437 3340 Sanetus
1449 3293 1540 3349 ipiis
1561 3288 1797 3347 suggessiffet
1807 3318 1824 3340 ,
1834 3298 2085 3346 exponerent
2101 3317 2116 3328 .

1384 3353 1444 3395 Ut
1469 3361 1601 3394 autem
1627 3349 1823 3406 praeclaroe
1846 3349 1962 3404 ipfius
1987 3347 2101 3389 Beati
2118 3347 2229 3390 Petri

1267 3413 1438 3454 virtutes
1451 3436 1467 3461 ,
1480 3410 1646 3466 ejusque
1659 3409 1823 3464 insignia
1839 3405 2035 3450 Miracula
2048 3432 2062 3455 ‚
2076 3420 2231 3448 necnon

1265 3469 1455 3513 adhibita:
1480 3469 1685 3512 cautiones
1711 3468 1753 3510 in
1772 3468 1898 3510 totius
1923 3463 2061 3508 Causae
2086 3462 2229 3507 discus-

1266 3532 1403 3578 sione,
1417 3529 1616 3571 neminem
1631 3527 1808 3570 laterent
1825 3553 1840 3576 ,
1868 3523 2019 3566 indicto
2036 3522 2146 3579 prius
2159 3537 2230 3564 co·

1264 3604 1350 3633 ram
1377 3588 1508 3630 Nobis
1536 3586 1724 3642 plenario
1745 3583 1922 3628 consessu
1939 3582 2122 3626 omnium
2150 3584 2230 3624 Ec-

1263 3645 1573 3691 clefiasticorum
1593 3645 1814 3695 ordinum,
1825 3643 1866 3684 δι
1878 3641 2225 3702 Collegiorum‚ac

1263 3705 1571 3764 Magistratuum
1600 3703 1789 3746 Romana
1811 3703 1976 3753 Curiae,
2018 3698 2224 3743 mandavi-

1263 3780 1351 3813 mus
1362 3767 1388 3811 a
1401 3763 1550 3810 dilecto
1565 3762 1670 3808 Filio
1686 3759 1868 3821 Josepho
1896 3758 2226 3854 Αἷεενοιὶῗὶῖἒος
