2444 4192
799 199 969 321 Sub
1019 199 1395 284 Clemente
1421 235 1426 242 κ
1454 201 1552 286 Χ.

210 352 412 401 tranfivit‚
438 350 504 394 sed
528 352 706 406 &puch
736 348 800 403 qui
827 350 949 392 asello
966 353 1162 407 infidens,

1951 236 2113 317 425

1225 358 1384 399 Terefiae
1398 386 1413 407 ‚
1443 367 1486 398 ut
1503 358 1666 410 ipsamet
1682 353 1748 394 fibi
1765 353 1910 407 semper
1923 359 2101 399 accidiise
2117 360 2173 401 sa-

208 413 420 458 canistrum
435 412 598 465 panibus
611 407 804 450 refertum
818 408 868 449 ad
882 409 992 450 illum
1011 414 1050 452 &
1068 416 1159 456 Fra·
1219 425 1329 456 tetur
1343 442 1355 452 .
1385 416 1436 453 Et
1466 414 1570 453 illius
1585 413 1744 466 quidem
1760 425 1897 463 preces
1918 419 2022 453 adeo
2038 416 2171 457 incen-

209 482 290 516 tres
303 467 536 521 deferebat,
566 469 674 511 Petri
695 466 745 508 de
760 465 977 508 Aleantara
1002 475 1165 511 nomine

207 533 400 574 invocato
425 555 439 577 ,
471 528 695 583 jumentum
717 525 876 578 impulit
915 525 952 564 in
979 525 1123 567 flumen
1150 554 1164 575 ,

209 589 319 645 quod
333 586 505 630 solidum
532 600 577 629 ac
591 595 723 629 tutum
739 581 853 638 supra
866 581 951 625 suas
966 595 1086 636 aquas
1102 584 1165 623 in-

210 645 379 703 gressum
404 646 537 689 eidem
561 644 746 701 praebnit·
776 645 883 684 Cum
914 642 1083 695 {oannes
1112 639 1164 680 de

210 706 340 749 Neira
358 706 465 748 Petri
490 704 687 746 initinere
701 700 854 751 locius,
881 698 1008 741 inedia
1033 700 1072 739 &
1104 698 1164 739 (iti

210 762 411 807 confedus
423 764 524 819 pen'e
539 763 774 808 decideret,
802 760 843 802 in
868 758 962 800 ioco
977 784 992 808 ,
1023 755 1089 799 ubi
1114 755 1164 798 ad

210 823 405 865 orandum
430 825 591 865 Sanetus
616 821 681 863 hie
713 819 783 861 Vir
807 816 845 860 se
867 816 1166 871 composuerat,

209 880 299 922 fons
325 882 437 923 illico
461 883 597 935 erupit
622 907 638 930 ,
660 879 701 919 8ι
725 876 833 932 panis
866 888 955 917 cum
984 873 1088 929 pisce
1114 872 1166 914 ad

212 939 320 982 esum
349 950 506 995 paratus
530 936 732 994 apparuit.
762 932 910 978 infixus
923 934 973 974 ab
986 947 1036 976 eo
1049 942 1166 974 terrae

210 997 346 1042 aridus
361 998 525 1040 baculus
551 998 592 1038 in
615 993 780 1038 viridem
795 991 1004 1035 ficulneam
1026 1004 1168 1034 excre-

209 1060 270 1098 vit
283 1084 297 1106 ‚
325 1055 434 1112 cujus
450 1054 597 1098 fruetus
610 1054 730 1096 etiam
744 1065 849 1095 nune
869 1052 979 1108 aegris
998 1049 1167 1092 salutem

205 1114 410 1158 'redonant
425 1143 438 1155 .
470 1118 660 1157 Atrocem
685 1111 895 1168 pertinacis
912 1109 1090 1152 mulieris
1106 1109 1166 1150 in-

205 1173 348 1229 juriam
358 1186 437 1214 non
451 1171 575 1215 modo
589 1169 862 1225 patientiffime
875 1168 1086 1217 toleravit,
1102 1180 1170 1207 ve·

120 1232 123 1233 ⁷
208 1232 301 1275 rum
313 1231 435 1272 etiam
448 1229 558 1272 flexis
566 1241 704 1270 coram
718 1242 762 1270 ea
775 1227 940 1282 genibus
951 1241 1025 1282 pro
1033 1224 1099 1267 cul
1104 1238 1167 1279 pa,

206 1284 649 1390 armeniam
667 1283 1167 1384 temerasse

207 1364 233 1392 e
277 1375 288 1389 ι
1149 1360 1165 1370 0

210 1407 267 1449 tis
293 1403 418 1448 oculis
445 1400 720 1456 contemplans
747 1397 892 1443 sursum
918 1398 1044 1448 ferri,
1063 1398 1104 1439 &
1127 1398 1165 1439 in

214 1467 306 1508 a'e‘re
332 1475 466 1506 coram
493 1458 574 1514 ipsa
598 1457 774 1512 suspendi
798 1485 812 1509 ,
843 1459 884 1499 δι
910 1455 1171 1500 lueidissinios

215 1534 374 1579 quoque
388 1533 441 1568 ex,
449 1517 577 1563 oculis
592 1517 724 1559 radios
750 1516 789 1557 in
799 1515 980 1558 eamdem
997 1517 1175 1557 Crucem

215 1581 410 1624 emittere
436 1577 539 1620 visus
565 1575 648 1625 est,
673 1572 923 1630 candidaque
938 1573 1041 1616 nube
1054 1580 1175 1627 caput

218 1637 306 1694 ejus
322 1633 586 1680 circumdari.
618 1631 847 1689 Quemdam
876 1632 1176 1675 adolescentem

217 1694 538 1740 benedietionem
574 1690 682 1733 suam
715 1689 832 1732 enixe
855 1691 1139 1744 efflagitantem
1165 1715 1180 1738 ‚

217 1767 311 1800 cum
332 1753 381 1795 ab
398 1750 510 1795 Urbe
521 1748 816 1805 quamprimum
830 1749 1019 1792 recedere
1043 1747 1179 1790 decre·

217 1809 427 1862 viffetffde
440 1808 552 1864 gravi
567 1805 799 1865 discrimine
812 1834 828 1856 ,
853 1806 965 1863 quod
979 1806 1042 1850 illi
1052 1805 1179 1848 immi-

220 1871 345 1915 nebat
362 1869 399 1910 in
414 1866 631 1910 haereticam
645 1865 847 1921 quandam
871 1865 1100 1921 opinionem
1125 1864 1180 1905 in·

221 1926 410 1978 eidendi,
439 1926 700 1980 premonuit.
730 1924 963 1967 scholarem
979 1924 1100 1967 alium
1116 1936 1182 1965 re·

159 1989 162 1993 '
223 1986 414 2044 spicient,
438 1981 588 2025 mundo
612 1982 901 2038 quamprimum
930 1982 1182 2024 renunciatu-

223 2058 315 2091 rum
326 2062 344 2092 ·‚
354 2044 586 2097 (iterumque
597 2040 819 2096 Religionis
837 2040 1032 2083 Habitum
1057 2038 1182 2083 susce-

225 2103 390 2162 pturum
403 2128 418 2153 ‚
431 2099 623 2142 divinitus
635 2099 824 2156 agnovit.
856 2100 902 2140 In
920 2111 1060 2154 magna
1076 2097 1182 2140 sicci-

227 2158 511 2217 tatewrecibus
531 2157 605 2200 suis
629 2158 832 2213 copiosum
855 2157 876 2198 a
905 2159 997 2199 Deo
1013 2158 1183 2199 imbrem

225 2219 405 2265 obtinuit
416 2245 429 2258 .
443 2213 666 2257 Accensum
679 2217 814 2270 ignem
830 2215 868 2256 in
879 2217 1054 2269 quodam
1069 2218 1184 2258 Con-

225 2286 351 2322 ventu
377 2289 447 2332 per
457 2274 634 2316 flammas
650 2272 749 2329 ipsas
763 2273 946 2316 innoxius
969 2274 1156 2317 incedens
1168 2297 1184 2320 ‚

223 2338 304 2381 flue
317 2331 640 2377 moraextinxit..
672 2330 906 2375 Demersum
927 2334 967 2374 in
983 2342 1102 2387 puteo
1117 2334 1193 2387 ln·-

224 2393 376 2438 fintem
386 2389 545 2444 ‚corda
559 2419 574 2442 ‚
586 2404 661 2447 qua
675 2390 917 2445 cingebatur
932 2418 947 2440 ,
964 2391 1002 2431 in
1017 2404 1106 2434 eum
1125 2390 1185 2431 lo·

224 2447 497 2497 eumdemissa
511 2477 526 2501 ,
554 2448 786 2492 mirabiliter
807 2448 1006 2491 extraxit.
1038 2449 1187 2499 Mulie·

222 2513 281 2557 ris
293 2509 435 2555 oculos
449 2507 540 2551 luce
552 2509 720 2551 orbatos
734 2506 880 2550 leviter
892 2518 1055 2563 tangens
1065 2536 1081 2558 ,
1091 2503 1186 2548 daia

224 2571 266 2616 ei
279 2566 586 2617 mediatione,
603 2566 790 2622 protinus
801 2563 1063 2609 illuminavit.
1092 2567 1184 2607 1²oe-

223 2628 390 2675 minam*
400 2625 617 2681 quamdam
642 2627 666 2669 a
696 2625 896 2668 Doemoiie
924 2637 996 2678 per
1009 2623 1184 2666 multum

222 2683 645 2743 semperhdeeeptam
659 2682 737 2730 ‚de
749 2696 872 2739 prava
884 2681 954 2724 illa
966 2682 1183 2724 consuetu·

225 2745 320 2789 dim
332 2770 358 2794 n
367 2748 491 2797 quam
500 2739 782 2795 cummaiigno
800 2749 1007 2783 tentatore
1031 2743 1185 2783 habue-

227 2808 296 2857 τις
304 2795 653 2853 ,emimonefecit'
668 2797 710 2838 δι
729 2798 910 2840 liberavit
923 2825 936 2839 .
970 2800 1019 2839 ln
1047 2797 1183 2840 reditu

203 2860 207 2871 “
229 2856 556 2902 ddssfiltt'oentum
568 2853 619 2896 de
634 2854 789 2896 Arenas
807 2856 832 2898 ὸ
845 2854 1030 2897 Civitate
1044 2853 1185 2897 Abulae

226 2909 545 2966 obnitusfiiiffet-
558 2910 717 2955 nivibus
729 2925 922 2968 ‚quarum
937 2913 993 2954 vis
1006 2913 1145 2969 ingens
1160 2914 1183 2955 ὲ

228 2970 359 3025 obla
368 2969 683 3022 devolvebatur-3
697 2969 766 3011 nin
780 2969 864 3025 ejus
878 2972 1054 3026 precibus
1067 2985 1183 3014 coer·

226 3033 321 3084 reith
331 3032 373 3073 in
387 3033 480 3073 aere
494 3026 675 3085 pendulae
686 3026 938 3072 eonstitiffent
953 3051 970 3078 ς
988 3031 1029 3072 δι
1079 3031 1184 3072 rodi·

228 3088 387 3148 giorum
399 3085 648 3131 tabernaculi
658 3099 782 3142 genus
803 3085 1019 3130 artificioso
1051 3089 1187 3129 ornice

234 3191 235 3194 ,
254 3149 271 3204 J'
308 3148 310 3150 ’
391 3143 539 3190 niffent
552 3172 571 3196 ,
597 3157 680 3200 quo
694 3144 863 3188 inclusus
880 3147 1077 3188 Petrusab
1090 3146 1188 3188 alia·

269 3205 277 3211 ”
292 3255 294 3257 ,
340 3204 501 3248 Ἱείὶόηε
511 3202 668 3246 nivium
690 3204 980 3258 prohibebatur
992 3230 1006 3244 .
1036 3204 1189 3246 Imbres

222 3205 394 3369 §ue
413 3259 665 3318 copiofiffimi
687 3274 780 3304 eum
802 3261 1052 3310 madefacere
1075 3275 1189 3306 non,

191 3359 193 3362 Α
211 3341 214 3346 ·
271 3326 281 3329 ’“
336 3322 415 3375 auli
427 3319 564 3376 ,quod
578 3320 701 3363 etiam
713 3346 729 3369 ‚
745 3319 837 3364 duni
847 3320 1053 3376 augustum
1070 3321 1190 3363 Miflae

237 3371 488 3435 &orificium
501 3376 694 3428 offerret,
724 3377 817 3433 ipfi,
837 3381 877 3422 &
901 3379 1190 3422 circumstanti-

231 3439 317 3485 bus:
354 3447 379 3493 ‚g
475 3434 612 3480 euenit
632 3466 644 3479 .
672 3437 952 3492 Corporaliter
975 3437 1192 3481 videndum

234 3494 277 3537 se
408 3543 421 3545 ,⁷
443 3494 641 3552 ,plurimis
655 3496 797 3551 procul
812 3496 1073 3539 distantibus.
1096 3497 1194 3538 Pro-

231 3547 561 3610 phesieo'ilmne
572 3553 828 3597 remoiiffima
842 3555 1023 3598 locorum
1037 3557 1077 3597 &
1093 3565 1194 3597 tem·

232 3606 527 3668 porumspatin.
536 3613 715 3666 predixit
730 3640 743 3654 .
768 3616 943 3655 Demum
958 3611 1078 3669 usque
1089 3613 1195 3657 adeo

237 3668 321 3712 suit
333 3667 373 3708 iri
387 3665 546 3709 deliciis
557 3668 759 3718 divinitati
774 3697 790 3720 ‚
810 3680 854 3714 ut
873 3674 1053 3715 omnium
1071 3682 1166 3716 vota
1177 3701 1193 3722 ,

239 3725 403 3782 quando
418 3727 560 3768 Petrus
585 3725 876 3774 intercefforem
900 3732 1110 3773 exhiberet
1128 3731 1191 3782 se,

193 3844 200 3850 μ
238 3780 534 3885 ᾇωρῐεῗῗῖῃείιῑῖ
543 3783 726 3836 professus
735 3785 858 3832 fuerit
872 3791 1021 3846 San-{iar
1034 3791 1192 3847 Virgini

1227 470 1273 513 sae
1290 480 1405 512 erant
1421 472 1511 522 igne
1525 470 1667 510 divino
1679 497 1694 520 ‚
1710 480 1755 509 ut
1770 470 1871 510 inter
1885 471 2082 510 orandum
2098 477 2180 511 bra-

1227 530 1328 571 chiis
1345 528 1382 567 in
1401 526 1566 567 modum
1579 528 1723 568 Crucis
1753 528 1926 580 expansis
1954 529 1995 567 in
2019 529 2182 568 airum,

1225 584 1418 640 saepissiitie
1435 584 1624 636 serretur;
1639 598 1702 634 ac,
1721 584 1817 625 duni
1833 593 1996 627 ⁸§acrum
2012 585 2182 633 faceret,

1224 642 1377 687 elevari
1400 644 1439 683 in
1457 641 1620 684 sublime
1635 656 1770 684 coram
1798 644 1948 697 populo
1968 642 2182 696 aliquoties

1224 704 1456 756 conspectus
1473 700 1594 743 fuerit
1609 731 1620 742 .
1655 705 1741 744 imo
1763 711 1876 744 tanta
1899 701 1976 755 ejus
1991 712 2075 742 erat
2093 698 2180 741 affi-

1225 761 1357 803 duitas
1370 760 1566 803 orationis
1580 789 1595 813 ,
1611 770 1653 802 ut
1668 774 1866 814 nunquam
1880 760 1928 801 ab
1943 774 1988 802 ea
2004 756 2182 807 cessaret,

1225 818 1685 872 &intuentibusipiiim
1713 820 1833 861 homo
1859 819 2026 860 alterius
2054 817 2184 859 saeculi

1226 879 1432 921 videretur
1451 905 1462 917 .
1497 879 1667 918 Edonus
1696 892 1792 934 ergo
1818 879 1961 925 etiam,
1985 878 2079 918 dum
2109 877 2180 917 iil-2

1228 939 1344 980 terris
1361 935 1503 991 agebat
1517 964 1531 985 ‚
1546 936 1597 976 ad
1615 935 1782 978 Coelum
1797 936 1962 978 evolare
1975 965 1990 989 ,
2020 935 2182 977 tandem

1227 996 1377 1039 meritis
1391 995 1532 1050 plenus
1545 1020 1559 1041 ,
1580 995 1708 1036 aetatis
1723 1009 1827 1036 anno
1851 994 2087 1050 sexagesimo
2103 1005 2185 1035 ter-

1226 1057 1285 1096 tio
1298 1056 1337 1097 in
1352 1051 1518 1103 febrim,
1544 1066 1591 1096 ac
1607 1052 1772 1095 dolores
1789 1052 2074 1095 niolestissimos
2090 1052 2188 1092 inci-

1228 1114 1287 1156 dit
1301 1142 1314 1155 .
1345 1111 1580 1167 Augebatur
1595 1110 1706 1153 fimul
1732 1126 1820 1154 cum
1834 1113 2068 1165 aegritudine
2086 1108 2187 1150 hili—

1230 1173 1325 1215 ritas
1343 1173 1477 1222 Petri,
1492 1170 1741 1226 prohibentis
1757 1170 1981 1227 religiosam
1996 1169 2099 1212 suam
2117 1170 2191 1209 Fa-

1229 1229 1411 1274 miliama
1427 1229 1613 1284 lacrymis
1627 1257 1641 1280 ,
1669 1230 1707 1271 in
1721 1243 1814 1284 quas
1842 1230 1894 1271 ob
1921 1227 2190 1271 amittendum

1228 1286 1531 1330 amantiffimum
1542 1290 1748 1331 parentem
1762 1291 1951 1342 agebatur
1967 1317 1978 1328 .
2014 1286 2195 1329 Ecclesiae

1226 1345 1495 1389 Sacramentis
1510 1346 1589 1386 rite
1603 1344 1816 1400 susceptis,
1830 1360 1876 1387 ac
1890 1343 2074 1399 praediaa
2089 1356 2194 1382 mor-

1228 1405 1279 1446 tis
1296 1402 1398 1446 liora
1413 1430 1429 1454 ,
1456 1415 1533 1443 non
1559 1401 1690 1455 jacens
1705 1428 1720 1450 ‚
1752 1402 1816 1444 sed
1845 1403 1955 1443 humi
1984 1402 2137 1443 erectus
2157 1400 2195 1440 in

1234 1475 1359 1518 genua
1372 1491 1387 1513 ,
1413 1461 1454 1503 in
1469 1458 1693 1502 aiiissimam
1707 1459 1866 1502 extasim
1881 1472 2010 1516 raptus
2022 1489 2039 1512 ‚
2066 1474 2110 1500 ac
2126 1458 2198 1500 de-

1235 1521 1328 1563 inde
1354 1517 1520 1562 senfibus
1543 1519 1773 1562 restitutus:
1805 1522 1974 1562 heraeus
1995 1524 2080 1567 lum
2099 1546 2112 1566 ‚
2137 1519 2196 1557 in-

1237 1578 1322 1634 quit
1337 1605 1352 1630 ,
1366 1577 1408 1617 in
1417 1574 1473 1618 hir
1491 1605 1506 1627 ,
1519 1589 1606 1630 que
1619 1577 1826 1633 deffastmt
1840 1578 1958 1620 mihi:
1977 1583 2017 1620 lii
2034 1581 2197 1619 Domum

1242 1639 1404 1680 Domini
1418 1634 1557 1676 ibi'mui
1574 1662 1586 1674 .
1623 1639 1670 1679 Et
1704 1649 1822 1678 manu
1847 1638 2053 1678 fratribus
2080 1636 2200 1676 benc-

1240 1695 1402 1740 dicens,
1420 1693 1475 1734 ita
1490 1693 1580 1734 illos
1594 1694 1647 1736 eli
1668 1694 1900 1749 alloquutus
1918 1708 1930 1736 :
1958 1698 2046 1736 Non
2071 1697 2198 1734 intue-

1241 1757 1354 1800 mini,
1369 1752 1531 1795 Fratres
1546 1757 1636 1803 mei,
1652 1752 1926 1810 sanffiffimm
1951 1756 2200 1799 Trinitatem,

1241 1812 1289 1860 (9⁹
1321 1814 1526 1851 Dominam
1546 1824 1667 1851 meam
1688 1810 1988 1866 gloriostfflmam
2013 1811 2155 1864 Virgine
2165 1824 2200 1849 m

1244 1868 1486 1916 Monam&
1503 1869 1683 1910 sannam
1694 1871 1887 1923 7oanneur
1904 1869 2200 1922 Evangeli'slun.?

1241 1927 1403 1988 Qibus
1417 1927 1529 1969 dietis
1542 1954 1558 1977 ‚
1587 1927 1718 1971 adhuc
1741 1938 1911 1981 excepto
1924 1928 2093 1981 genibus
2108 1939 2202 1967 cor-

1242 1999 1342 2043 pore
1352 1985 1542 2040 migravit
1557 1986 1690 2027 animo
1720 1986 1760 2028 in
1772 1986 1937 2028 Coeluni
1953 2013 1967 2035 ,
1994 1986 2033 2027 δι
2060 1986 2203 2027 §aneia

1246 2045 1403 2086 Teresia
1421 2042 1564 2096 procul
1578 2043 1723 2086 distans
1739 2045 1790 2086 ab
1798 2044 1965 2097 Oppido
1976 2042 2203 2091 deArenas,

1243 2104 1283 2145 in
1299 2117 1377 2158 quo
1395 2104 1535 2143 Petrus
1550 2098 1767 2143 decesserat
1784 2128 1799 2149 ,
1828 2100 1941 2142 illum
1968 2100 2067 2143 vidit
2093 2103 2204 2141 resto

1245 2164 1283 2203 δι
1311 2159 1444 2202 lucido
1466 2161 1627 2202 tramite
1644 2159 1820 2202 delatum
1845 2158 1895 2200 ad
1922 2158 2206 2214 sempiternam

1246 2219 1483 2261 felicitatem
1497 2232 1513 2270 3
1527 2232 1572 2260 ac
1591 2218 1685 2270 saepe
1702 2219 1835 2270 postea
1849 2217 1979 2260 eidem
1994 2217 2125 2260 oranti
2142 2231 2207 2269 ap-

1245 2278 1376 2335 paruit
1390 2276 1532 2330 plenus
1549 2277 1735 2318 immensa
1752 2277 1882 2333 gloria
1897 2307 1909 2326 ,
1936 2278 1973 2317 δι
2002 2276 2205 2332 puriffimae

1245 2336 1344 2378 lucis
1361 2334 1479 2376 radiis
1495 2334 1753 2377 circumfusus
1769 2365 1780 2376 .
1812 2340 1972 2389 Corpus
2001 2336 2096 2378 vero
2120 2335 2206 2390 pul-

1247 2394 1494 2438 cherrimum
1508 2422 1523 2444 ,
1551 2394 1704 2436 coelesti
1735 2394 1906 2446 quodam
1920 2399 2058 2437 colore
2073 2391 2206 2448 perfu-

1249 2452 1330 2495 sum
1345 2481 1361 2505 ,
1385 2453 1514 2495 oculis
1542 2454 1689 2507 apertis
1702 2479 1716 2500 a
1741 2456 1781 2495 &
1796 2452 1902 2494 miro
1919 2452 2132 2509 splendore
2149 2467 2210 2494 ra·

1247 2512 1478 2562 diantibus,
1500 2510 1721 2554 suaviffimo
1746 2512 1797 2555 de
1821 2514 2009 2555 membris
2023 2511 2207 2554 odore-³

1243 2573 1647 2621 manantqintuentes
1662 2571 1842 2625 replebat
1855 2570 2136 2614 admiratione:
2148 2578 2207 2608 ut-

1242 2643 1320 2684 que
1334 2626 1513 2670 fidelium
1528 2630 1836 2672 adventantium
1862 2628 2068 2672 devotioni
2099 2625 2208 2666 satis-

1245 2686 1360 2729 fieret
1374 2714 1388 2737 ‚
1413 2687 1454 2728 in
1466 2688 1716 2730 eminentiori
1731 2699 1847 2730 extra
1865 2698 2023 2742 portam
2039 2685 2131 2728 loco
2145 2698 2209 2725 eit-

1245 2745 1414 2801 positum
1430 2742 1507 2788 fuit
1523 2773 1540 2796 ,
1559 2746 1611 2788 ad
1642 2745 1755 2801 eujus
1771 2747 2023 2800 conspeftum
2040 2744 2208 2799 populus

1243 2802 1415 2859 suspiriis
1427 2817 1474 2845 ac
1493 2804 1658 2847 vocibus
1673 2804 1858 2847 sanetum
1874 2805 1980 2847 intus
1996 2804 2211 2851 clamabat,

1242 2861 1434 2903 auxilium
1447 2862 1498 2903 ab
1509 2876 1559 2903 eo
1578 2863 1758 2915 petebat,
1770 2863 1812 2902 δι
1827 2863 1887 2904 vel
1906 2863 2110 2906 minimam
2130 2863 2212 2901 Ha·

1244 2917 1352 2960 bitsss
1367 2918 1608 2973 particulam
1632 2932 1709 2972 pro
1722 2919 1872 2959 summo
1893 2920 2066 2973 quilibet
2101 2919 2212 2958 bono

1245 2979 1455 3031 reputabat
1467 3005 1480 3016 .
1511 2976 1611 3018 1nde
1625 2975 1844 3030 processum
1859 2977 1912 3018 est
1926 2977 1976 3017 ad
1991 2975 2126 3026 funus,
2141 2988 2210 3016 nu·

1245 3031 1404 3077 meroso
1417 3034 1568 3089 populo
1582 3062 1598 3084 ‚
1623 3048 1716 3074 cum
1730 3034 1881 3075 facibus
1896 3048 1941 3076 ac
1955 3034 2134 3076 candelis
2151 3046 2213 3075 ac-

1247 3091 1370 3136 censis
1391 3091 1541 3134 sacrum
1560 3093 1791 3146 Depositum
1808 3094 2051 3135 comitante.
2067 3091 2214 3134 Conti-

1247 3153 1305 3207 git
1315 3159 1450 3193 autem
1467 3151 1572 3193 inter
1590 3162 1727 3193 cetera
1742 3152 1937 3193 notabilia
1953 3180 1965 3201 ,
1989 3149 2095 3206 quod
2107 3153 2209 3192 Coe·

1250 3212 1334 3253 lum
1357 3209 1487 3251 imbre
1508 3222 1556 3252 ae
1585 3220 1707 3251 vento
1722 3207 1859 3252 furens
1876 3236 1891 3258 ,
1916 3209 2055 3252 delato
2068 3209 2105 3248 in
2127 3222 2210 3250 me·

1247 3269 1361 3311 dium
1374 3281 1547 3323 corpore
1560 3296 1575 3319 ,
1609 3268 1739 3310 subito
1766 3269 2016 3324 placaretur,
2044 3267 2140 3308 dum
2175 3268 2213 3306 in

1248 3327 1428 3370 circuitu
1450 3327 1584 3368 omnia
1609 3326 1828 3382 streperent
1861 3329 1901 3368 δι
1927 3326 2168 3368 inundarent
2198 3353 2212 3375 ,

1250 3387 1305 3430 ita
1320 3394 1364 3426 ut
1391 3386 1412 3426 a
1430 3384 1763 3437 Valetudinario‚
1790 3387 1832 3427 in
1859 3399 1938 3439 quo
1965 3383 2182 3427 decess'erat
2199 3409 2211 3430 2

1252 3443 1374 3499 utique
1400 3443 1451 3487 ad
1467 3447 1731 3487 Conventum
1751 3473 1768 3495 ,
1792 3445 1948 3485 duobus
1978 3442 2211 3485 milliaribus

1252 3503 1464 3546 distantem
1477 3530 1492 3553 ,
1502 3503 1644 3559 quieto
1656 3503 1781 3545 Coelo
1793 3516 1861 3543 om
1868 3517 1934 3544 nes
1950 3499 2214 3549 immadefaeti

1254 3559 1513 3615 procefferint
1526 3590 1541 3612 ,
1565 3563 1605 3603 δι
1626 3574 1759 3602 ceram
1776 3574 1847 3614 pro
1861 3560 2000 3604 funere
2014 3561 2215 3602 honoran-

1252 3619 1308 3660 do
1321 3619 1523 3661 accensam
1538 3618 1575 3660 in
1594 3630 1709 3661 tanto
1737 3618 1864 3671 spatio
1894 3618 1995 3661 nihil
2028 3619 2213 3660 imminu-

1252 3689 1331 3719 tam
1346 3677 1597 3732 repererint.
1631 3677 1725 3731 Eius
1747 3681 1907 3731 Corpus
1931 3680 1970 3720 in
2001 3676 2210 3720 Eccleiia„

1253 3738 1443 3778 Fratrum
1469 3737 1670 3779 Minoi-um
1688 3734 2029 3779 Discalceatorum
2057 3732 2210 3784 depoii·

1254 3806 1337 3839 tum
1350 3823 1365 3846 ‚
1379 3795 1565 3851 (iugulari
1580 3794 1820 3852 populorum
1838 3798 2093 3838 veneratione
2107 3789 2188 3827 invi
2199 3811 2211 3820 -

1629 3855 1751 3897 Hhh

2040 3846 2163 3895 fitur,
