2444 4192
375 216 534 297 282.

313 375 509 429 Litteras
521 373 572 428 ἃ
588 373 946 427 Constitutiones
961 396 998 427 s.
1014 394 1079 426 m.
1100 379 1168 428 Pii
1185 379 1269 427 Pa-

383 463 453 516 poe
472 450 539 497 V.
573 464 660 515 pm
685 446 1052 505 Mendicantibus
1088 446 1137 498 ἃ
1171 448 1270 502 aliis

381 516 692 586 Regularibus
718 533 875 568 contra
903 521 1112 569 locorum
1130 517 1271 567 Ordi-

384 592 535 638 natios
549 602 778 638 emanatas
793 623 809 644 ,
826 587 885 636 ad
917 590 1135 640 terminos
1150 589 1268 651 juris

381 658 642 707 communis
678 654 728 705 δι
759 658 959 708 Concilii
1008 660 1268 712 Tridentini

379 727 563 777 decreta
580 722 759 779 reducit
773 759 787 779 ,

311 863 796 919 GREGORIUS
826 865 1272 920 EPISCOPUS

481 1001 656 1046 δεκνυς
686 1001 940 1046 Ssavoauu
976 1006 1058 1046 Det
1083 1032 1095 1046 .

453 1119 522 1163 Ad
536 1126 773 1174 perpetua-
797 1118 858 1161 rei
876 1118 1102 1160 memoriam
1114 1142 1131 1158 .

367 1250 407 1290 Ν
420 1252 535 1290 tanta
552 1260 685 1291 rernm
699 1248 741 1289 er
756 1245 1011 1301 negotiorum
1024 1243 1136 1288 mole
1147 1272 1162 1296 ,
1191 1259 1272 1302 qua

307 1251 361 1360 Ι
395 1306 607 1349 Romanus
642 1302 834 1349 Pontifex
861 1318 910 1347 ex
925 1304 1109 1347 omnibus
1124 1304 1271 1348 Mundi

313 1365 501 1418 partibus
525 1364 674 1407 affidue
701 1364 929 1419 premitur,
959 1364 1026 1405 vix
1048 1365 1174 1406 vitari
1195 1377 1271 1420 po·-

314 1422 419 1470 sefl,
453 1438 505 1467 ne
517 1424 650 1480 aliqua
678 1422 883 1464 interdum
907 1421 1098 1472 exiliant,
1126 1423 1273 1479 quibus

310 1479 446 1535 polica
478 1481 701 1537 recognitis
732 1480 883 1523 neeefle
902 1479 956 1522 est
977 1480 1272 1524 moderationis

312 1539 537 1583 remedium
564 1539 783 1582 adhibere.
813 1541 920 1581 Cum
943 1538 1077 1593 itaque
1090 1540 1186 1583 alias
1201 1537 1273 1582 fel.

311 1610 398 1639 rec.
413 1598 507 1642 Pius
524 1600 628 1652 Papa
644 1600 697 1639 V.
714 1595 981 1641 prodecessor
1002 1596 1135 1637 noster
1158 1597 1272 1638 audi-

313 1654 369 1695 sis
382 1654 683 1710 gravaminibus
695 1682 711 1704 ,
742 1666 829 1705 quae
845 1652 1056 1694 Fratribus
1071 1652 1275 1696 Ordinum

312 1712 634 1756 Mendicantium
664 1712 715 1754 ab
740 1709 971 1752 Ordinariis
991 1709 1205 1765 locorum,
1235 1713 1275 1755 δε

313 1772 619 1816 Parocbialium
633 1768 901 1813 Ecclefiarum
915 1770 1157 1815 Refloribus
1171 1771 1279 1814 mul-

310 1829 366 1871 tis
391 1829 523 1873 modis
547 1827 687 1874 inferri
711 1827 1088 1884 dicebantur,super
1101 1833 1273 1874 concio·

311 1887 431 1930 nibus
442 1916 459 1940 ,
472 1890 513 1931 Bt
528 1886 766 1932 lectionibus
778 1885 968 1929 habendis
981 1914 995 1938 ‚
1018 1901 1097 1931 oon
1105 1888 1277 1932 feffioni·

309 1946 389 1990 bus
418 1945 626 1990 audiendis
657 1972 673 1997 ,
703 1944 957 2000 poenitentiis
986 1944 1242 2003 injungendis
1258 1974 1273 1998 ,

310 2005 524 2050 Fratribus
546 2003 598 2047 ad
615 2002 793 2047 Ordines
818 2005 1107 2058 promovendis
1122 2033 1136 2056 ‚
1166 2006 1274 2047 cele-

313 2063 506 2106 bratione
522 2058 724 2105 Mifl'arum
736 2084 751 2107 ‚
764 2074 857 2102 cura
868 2061 1092 2103 animarum
1106 2089 1122 2112 ,
1145 2060 1273 2104 sacra·

309 2130 548 2164 mentorum
568 2116 858 2160 ministratione
871 2144 886 2167 ,
901 2115 1112 2173 sepulturis
1126 2145 1142 2168 ,
1153 2133 1274 2176 quar-

311 2189 355 2222 ta
373 2172 617 2221 funeralium
628 2202 644 2226 ,
658 2174 801 2231 legatis
814 2202 830 2227 ,
842 2174 1146 2228 donationibus,
1160 2179 1276 2223 elee-

309 2236 485 2291 mosynis
498 2263 515 2287 ,
535 2234 870 2286 collectionibus,
891 2234 1054 2292 aliisque
1070 2236 1275 2291 hujusmo-

311 2295 355 2342 di
366 2294 522 2351 juribus
533 2322 551 2346 ,
569 2306 728 2337 necnon
740 2291 930 2344 decimis,
942 2295 985 2336 Gt
995 2293 1160 2338 diverfis
1174 2308 1273 2337 one*

311 2356 452 2407 ribus,
482 2366 529 2397 ac
557 2352 685 2396 etiam
714 2349 827 2407 super
843 2352 944 2394 statu
966 2380 982 2405 ,
1005 2352 1047 2395 δι
1076 2353 1272 2410 regimine

310 2411 672 2457 sanctimonialium
713 2409 804 2465 ipfis
837 2411 1040 2454 Fratribus
1079 2409 1270 2467 subjecta·

310 2485 406 2518 sum
418 2499 434 2524 ,
447 2470 696 2515 formatione
707 2466 959 2525 process'uum
976 2498 992 2523 ,
1014 2471 1273 2514 censurarum

311 2529 617 2633 mutatione,
631 2525 947 2583 proceffionibus
957 2557 975 2581 ,
992 2529 1275 2584 procedentia,

529 2583 795 2642 acquiiitione
809 2613 825 2637 ,
850 2588 1077 2646 caetcrifijue
1103 2586 1193 2631 aliis
1209 2601 1276 2630 re-

314 2647 389 2691 bus
408 2654 505 2688 tunc
527 2642 714 2700 exprcllis
730 2671 747 2695 ,
759 2643 887 2687 multa
898 2658 970 2702 per
982 2645 1174 2701 quasdam
1190 2644 1275 2689 suas

316 2706 475 2750 litteras
489 2716 568 2759 pro
579 2701 694 2744 dietis
714 2702 920 2747 Fratribus
949 2716 1029 2746 uon
1060 2704 1183 2747 modo
1207 2705 1275 2747 lla-

318 2761 473 2814 tuerit,
492 2759 558 2805 ed
583 2760 621 2803 &
636 2772 723 2816 quc
735 2758 815 2816 jam
836 2761 876 2803 in
896 2762 1088 2806 Concilio
1106 2762 1277 2807 Triden-

320 2823 413 2867 tino
423 2819 589 2864 decreta
613 2815 767 2862 (sterant
780 2818 831 2862 ad
846 2818 928 2862 bec
942 2822 1278 2878 pertinentia,de·

321 2878 566 2926 claruerit:
596 2877 810 2933 multaque
832 2889 1026 2933 praetcrea
1042 2881 1280 2937 privilegia-a

322 2937 476 2983 eisdem
506 2948 578 2978 art
592 2947 609 2977 t
621 2964 633 2977 .
649 2936 851 2979 Kalendas
860 2938 990 2993 Junii,
1020 2937 1281 2983 Pontificatsss

324 2999 498 3044 suianno
524 2993 729 3046 secundo,
758 2994 799 3037 δι
826 2992 973 3040 deinde
1000 3011 1044 3040 ea
1068 2999 1204 3040 omnia
1220 2997 1279 3040 di-

324 3054 447 3101 versis
457 3051 546 3097 aliis
560 3052 781 3096 Ordinibus
795 3077 810 3102 ,
822 3053 864 3096 δι
884 3055 1281 3114 Congrcgationibus

324 3112 592 3170 chularium
606 3122 687 3154 non
709 3110 1027 3158 Mendicantium
1040 3142 1055 3165 ‚
1073 3117 1197 3160 etiam
1210 3129 1283 3173 per

324 3173 493 3220 modum
504 3171 884 3215 communicationis
910 3170 1170 3219 concefferit.
1201 3177 1284 3220 Po·

327 3233 404 3277 flea
426 3244 499 3289 per
520 3228 735 3298 quamdam
763 3226 872 3273 suam
902 3232 1282 3279 constitutionem.

325 3293 377 3336 dc
394 3294 566 3334 vicariis
594 3289 798 3346 perpetuis
818 3290 1117 3338 parochialibus
1137 3293 1283 3337 Eccle-

329 3350 389 3395 siis
403 3349 525 3395 unitis
539 3360 614 3405 per
623 3348 862 3393 ordinarios
878 3347 1059 3394 locorum
1077 3350 1284 3396 instituen-

329 3410 420 3461 dis,
448 3410 486 3453 ει
510 3406 702 3464 portione
717 3405 875 3451 illarum
895 3408 1068 3453 vicariis
1096 3407 1283 3469 silignan-

329 3467 380 3510 da
404 3467 581 3514 editam,
610 3464 691 3510 alia
720 3463 839 3521 super
853 3466 1160 3512 Constitutione
1191 3470 1283 3512 Fra-

330 3535 439 3568 trum
469 3524 705 3569 corumdcm
735 3523 786 3569 ad
804 3524 1045 3571 exercitium
1075 3542 1179 3573 cura
1206 3528 1285 3571 ani-

331 3596 487 3628 marum
504 3583 543 3625 in
557 3584 612 3627 cis
629 3583 932 3629 l’arocbialibus
955 3585 1171 3640 Ecclcfiis,
1199 3600 1284 3645 que

330 3640 522 3687 dotnibus
537 3668 552 3691 ‚
565 3642 599 3682 tc
616 3641 712 3687 locis
728 3642 807 3688 suis
821 3644 932 3689 unita
949 3642 1067 3701 sunt,
1090 3645 1286 3691 decreve-

329 3701 407 3746 rit.
424 3703 596 3744 Demum
616 3702 910 3756 animadverso,
920 3704 1030 3762 quod
1052 3720 1100 3750 ea
1116 3705 1283 3750 omnia„

330 3758 465 3804 multis
488 3758 807 3804 dubitationibus
825 3763 1029 3814 involuta,
1061 3761 1285 3822 magnisque

323 3816 629 3865 difioeitstibus
650 3817 851 3864 obstructa
879 3821 1027 3866 multas
1045 3822 1283 3881 magnasque

831 213 993 303 Sub
1057 214 1401 330 Gregorio
1463 212 1615 300 XI
1641 212 1761 300 II.

1327 373 1578 417 dissentiones
1592 401 1606 424 ,
1636 367 1922 417 altercationes
1943 395 1958 419 ‚
1987 370 2029 411 δι
2061 366 2151 411 lites
2183 365 2288 409 inter

1330 434 1536 490 praedietos
1550 433 1738 475 locorum
1750 427 1991 471 ordinarios
2004 456 2019 479 ‚
2044 430 2081 469 &
2103 430 2290 470 fratrum

1328 492 1503 548 ipsorum
1523 491 1724 541 Ordines,
1740 500 1820 529 non
1837 487 1916 526 fine
1934 486 2049 539 gravi
2063 486 2189 528 divini
2202 484 2292 527 cul·

1329 551 1424 601 tus,
1454 551 1727 597 &animarum
1743 544 2020 593 detrimento,
2045 558 2090 585 ac
2121 542 2291 600 populo·

1328 623 1416 652 rum
1431 607 1620 652 scandalo
1634 606 1942 650 concitaverant
1955 627 1970 650 ,
1993 610 2134 643 contra
2147 615 2195 643 ac
2211 600 2290 654 ipsc

1328 668 1510 724 sperabat
1525 695 1538 718 ,
1550 668 1588 708 &
1608 676 1752 722 praeter
1770 661 1794 703 s
1786 675 1876 704 uam
1890 658 2224 711 expectationem,
2239 659 2285 700 ut

1327 726 1395 780 qui
1424 723 1630 767 interdum
1656 726 1982 775 conquereretur
2010 717 2136 758 multa
2167 716 2289 757 aliter

1328 783 1490 836 alioque
1502 780 1610 822 sensu
1626 782 1646 822 :i
1663 780 1700 821 se
1717 777 1873 835 prolata
1894 771 2143 827 famaquam
2155 773 2288 816 literis

1331 839 1508 892 expreffa
1526 837 1646 881 effent
1663 852 1677 881 e
1690 838 1868 891 Cupiens
1886 831 1945 874 his
1966 829 2117 873 mederi
2132 831 2293 872 incom-

1332 897 1463 938 modis
1486 897 1660 951 primum
1673 896 1744 937 illa
1757 893 1902 939 omnia,
1914 902 2000 946 quae
2015 888 2286 945 Regularibus

1328 954 1502 998 aliorum
1528 953 1728 996 ordinum
1742 980 1758 1004 ,
1787 952 1906 1004 quam
1935 947 2290 992 Mendioantium„

1327 1012 1700 1054 communicaverat
1726 1040 1742 1062 ,
1781 1010 1821 1050 δι
1849 1007 2063 1050 secundum
2093 1001 2285 1061 praemiffa

1328 1068 1574 1112 concesserat
1589 1095 1605 1119 ,
1617 1079 1732 1111 motu
1748 1066 1914 1122 proprio
1927 1063 2186 1108 restrinxeritt
2208 1065 2291 1104 De·-

1330 1129 1425 1171 inde
1437 1127 1595 1185 plenius
1609 1126 1835 1183 providere
1853 1123 1994 1167 volens
2007 1122 2212 1176 prioribus
2225 1118 2296 1162 lit-

1330 1185 1430 1230 teris
1444 1189 1469 1230 a
1481 1185 1521 1230 se
1532 1215 1548 1237 ,
1562 1184 1696 1242 quoad
1710 1183 1814 1241 ipsos
1831 1181 2133 1228 Mendicautes,
2149 1191 2295 1233 magna

1331 1247 1369 1288 in
1401 1254 1518 1300 parte
1552 1243 1768 1287 moderatis
1779 1271 1793 1295 ‚
1823 1255 1963 1284 omnes
1974 1242 2016 1282 &
2030 1237 2291 1296 quascunque

1332 1304 1429 1347 alias
1455 1302 1642 1352 litteras,
1672 1316 1755 1357 quat
1777 1301 1830 1343 de
1859 1299 1947 1343 aliis
1970 1299 2222 1348 Ordinibus,
2253 1297 2297 1338 &-

1331 1359 1724 1418 Congregationibus
1736 1369 1849 1404 extra
1867 1357 2186 1402 Mendicantium
2209 1356 2294 1397 Or—

1331 1421 1446 1464 dines
1458 1421 1510 1464 de
1523 1419 1786 1463 Observantia
1814 1428 2061 1473 nuncupatos
2080 1426 2298 1459 emanave—

1334 1490 1424 1522 rant
1438 1504 1454 1527 ,
1467 1480 1634 1521 omnino
1648 1477 1890 1526 aboleverit,
1903 1476 2042 1517 causas
2056 1487 2196 1517 omnes
2210 1472 2298 1528 jam·

1332 1538 1384 1580 de
1399 1538 1457 1578 bis
1473 1539 1593 1578 ctiam
1608 1535 1648 1576 in
1664 1537 1845 1576 Romana
1859 1535 1988 1575 Curia
2001 1533 2226 1590 pendentes
2241 1527 2294 1572 ad

1334 1592 1375 1635 se
1397 1593 1636 1636 advocando
1651 1619 1666 1644 ,
1697 1592 1786 1635 lites
1804 1591 2110 1647 extinguendo,
2134 1605 2181 1634 ac
2213 1586 2301 1630 for-

1334 1663 1464 1697 matos
1476 1651 1591 1708 liiper
1604 1650 1685 1696 illis
1699 1648 1899 1707 proceffus
1910 1675 1926 1700 ‚
1951 1649 2130 1706 latasque
2142 1649 2299 1692 senten·-

1336 1711 1414 1755 tias
1434 1708 1712 1760 ¹annullando,
1736 1708 2076 1765 quemadmodum
2101 1706 2192 1751 aliis
2215 1704 2297 1749 suia

1336 1770 1483 1813 litteris
1498 1769 1538 1811 in
1553 1767 1718 1825 registro
1730 1767 1911 1823 proxime
1936 1767 2177 1822 compertis,
2191 1778 2295 1808 nun-

1336 1842 1456 1885 quam
1472 1837 1606 1871 tamcn
1616 1825 1831 1882 publicatis
1843 1853 1857 1877 ,
1872 1826 2029 1881 plenius
2043 1826 2294 1869 continetur:

1335 1887 1540 1932 Postremo
1550 1887 1658 1930 circa
1667 1883 1855 1928 Confeffa
1860 1885 2011 1927 riorum
2023 1883 2298 1938 Regularium

1334 1948 1455 1991 etiam
1475 1942 1799 1989 Mendicantium
1821 1942 2154 1998 approbationem
2182 1938 2297 1995 iuxta

1335 1999 1723 2057 Conciliipraedicti
1770 2000 1981 2043 decretum
2006 1998 2299 2049 faciendam-a,

1334 2061 1456 2105 etiam
1473 2060 1645 2102 tectores
1665 2060 1704 2101 in
1722 2057 1946 2115 Theologia
1977 2057 2226 2114 graduatos,
2256 2057 2298 2102 δι

1334 2130 1474 2164 certos
1486 2119 1589 2162 alios
1599 2128 1699 2161 tunc
1713 2115 1914 2172 exprelsos
1926 2116 2213 2174 comprehendi
2226 2116 2302 2159 de-

1335 2180 1435 2223 bere
1446 2175 1752 2221 declaraverim
1777 2179 1864 2219 Nos
1882 2176 1957 2219 hac
1972 2185 2084 2221 tanta
2102 2175 2300 2220 varietate

1332 2237 1498 2293 cognita
1510 2262 1524 2283 ,
1554 2247 1642 2290 que
1664 2232 1788 2276 etiam
1817 2247 1868 2275 ex
1895 2234 2114 2291 multiplici
2137 2232 2299 2277 littera-

1332 2308 1420 2338 rum
1433 2318 1449 2343 ,
1462 2294 1501 2335 8t
1516 2291 1866 2335 Constitutionum
1879 2290 2060 2335 editione
2089 2292 2292 2347 procedit,

1331 2351 1586 2411 presentibus
1611 2351 1650 2393 &
1665 2348 1814 2392 futuris
1839 2347 2132 2394 discriminibus
2152 2363 2299 2393 occur·

1331 2426 1421 2456 rere
1438 2407 1637 2461 volentes,
1659 2408 1713 2452 de
1728 2407 1857 2452 Nobis
1868 2409 2074 2453 attribute
2087 2408 2298 2465 potestatis

1332 2468 1589 2529 plenitudine
1604 2467 1810 2511 statuimus
1830 2469 1871 2511 Bt
1885 2468 2122 2512 ordinamus
2134 2469 2188 2511 de
2200 2480 2298 2525 prae.

1333 2529 1451 2572 distis
1464 2556 1480 2580 ,
1493 2528 1533 2570 δι
1543 2526 1627 2571 aliis
1642 2526 1824 2570 omnibus
1838 2526 1987 2571 litteris
1999 2553 2013 2577 ,
2025 2529 2067 2570 δι
2083 2527 2301 2572 Constitu·-

1334 2588 1512 2631 tiouibus
1526 2613 1542 2637 ‚
1570 2598 1655 2643 qun
1670 2585 1878 2630 abeodem
1910 2586 2200 2631 Praedecess'ore
2226 2582 2300 2630 cis·

1334 2645 1492 2690 demde
1513 2645 1630 2689 rebus
1655 2658 1732 2700 pro
1749 2658 2085 2713 quorumcunque
2111 2645 2300 2700 Regula·

1337 2708 1469 2757 rium,
1487 2704 1611 2747 etiam
1632 2703 1954 2748 Mendicantium
1980 2703 2229 2756 Ordinibus,
2258 2702 2300 2744 δι

1340 2763 1743 2819 Congregationibus
1757 2761 2067 2819 quomodolibet
2089 2760 2303 2806 emandve·

1343 2833 1436 2869 runt
1464 2847 1479 2870 ‚
1505 2835 1552 2863 ac
1579 2820 1765 2864 omnibus
1785 2822 1827 2863 δι
1849 2821 2147 2876 quibuscunque
2171 2820 2210 2863 in
2242 2819 2300 2863 eis

1341 2879 1651 2931 contentis,eam
1661 2879 1852 2935 deinceps
1864 2877 2167 2934 dispolitionem
2179 2889 2301 2936 atque

1340 2937 1582 2983 decilionem
1614 2950 1688 2992 pro
1716 2936 1885 2989 subiecta
1914 2938 2084 2981 materia
2122 2935 2299 2982 futuram

1339 2998 1540 3055 else,quoe
1559 2997 1637 3040 live
1652 3009 1701 3039 ex
1727 2996 1812 3052 jure
1828 2996 1983 3049 veteri,
2006 2997 2085 3040 ssve
2105 3008 2153 3040 es
2182 2994 2301 3040 sacris

1340 3058 1437 3101 dicti
1452 3055 1630 3101 concilii
1661 3054 1840 3099 decretis
1854 3084 1867 3108 ‚
1895 3056 1973 3099 sive
1990 3056 2088 3100 aliis
2115 3054 2299 3112 legitime

1343 3126 1436 3161 ante
1465 3115 1663 3160 dictarum
1695 3114 1922 3160 litterarum
1938 3144 1953 3166 ,
1977 3113 2302 3163 &Constitutio-

1342 3189 1437 3220 num
1461 3174 1686 3220 editionem
1709 3198 1725 3222 2
1762 3185 1809 3216 ac
1838 3171 1863 3216 fi
1889 3173 1978 3232 ipsu
2002 3188 2094 3229 “non
2126 3170 2302 3218 emanas·

1343 3233 1446 3287 sent,
1459 3232 1593 3279 sutura
1612 3230 1740 3278 suill'et
1753 3257 1768 3282 ,
1790 3231 1840 3275 ad
1854 3245 1972 3288 quam
1998 3229 2300 3289 dispolitionem

1342 3296 1383 3337 δι
1411 3292 1680 3345 decisionem,
1705 3289 1895 3348 suumque
1922 3290 2128 3348 pristinum
2146 3289 2300 3334 &intc.

1346 3367 1461 3411 grum
1488 3352 1629 3398 statum
1644 3364 1692 3396 sc
1707 3350 1920 3396 terminum
1948 3348 2018 3395 illa
2031 3347 2165 3392 omnia
2183 3349 2300 3393 redu·

1345 3413 1497 3458 cimus.
1525 3412 1776 3480 Quinetiam
1801 3407 1983 3454 tollimus
1998 3409 2036 3452 δι
2059 3408 2300 3465 abrogamus

1344 3470 1478 3516 omnia
1502 3469 1702 3514 irritantis
1715 3496 1733 3522 ,
1751 3467 1793 3511 δι
1823 3465 1899 3510 alia
1921 3466 2115 3520 decreta,
2140 3479 2300 3511 necnon

1343 3528 1639 3589 prohibitiones
1653 3555 1668 3582 ,
1680 3524 1973 3596 declarationes
1989 3554 2003 3579 ‚
2019 3524 2205 3570 mandata
2222 3553 2236 3579 ‚
2259 3525 2301 3570 δε

1343 3584 2073 3702 ῧὲἱῗὲῧῗὲρῗῗᾶ’,ρὲῗίἷὲῗῖἑέυέ
2085 3585 2301 3690 ἓίἓὲἔξέἑ

1346 3708 1412 3753 vel
1426 3705 1538 3752 causa
1557 3703 1655 3749 saeta
1672 3731 1687 3756 ,
1700 3703 1760 3746 his
1774 3703 1913 3747 nostris
1929 3702 2076 3747 statuto
2092 3732 2107 3757 ,
2134 3701 2299 3748 ordina·

1345 3767 1446 3811 tioni
1458 3794 1471 3818 ‚
1485 3766 1523 3807 dt
1540 3762 1760 3808 reductioni
1777 3762 2023 3808 adversantia
2038 3759 2299 3821 ,quibuscun-

1343 3838 1420 3883 que
1439 3824 1507 3868 ill-t
1524 3824 1594 3867 sunt
1621 3831 1820 3879 concepta
1839 3821 2050 3880 formulis,
2076 3835 2121 3865 ac
2138 3819 2295 3880 prescr-

2174 3890 2240 3922 vs·
