2444 4192
746 186 911 282 Sub
974 189 1331 307 Gregorio
1393 189 1555 277 IX.

154 341 301 404 ‘Beatus
321 347 531 397 Confefl'or
551 344 699 394 christi
719 347 969 399 franciscus,
990 346 1130 388 nolens

144 412 358 471 Regulam
388 410 496 452 suam
531 422 602 467 per
633 404 802 461 alicujus
818 406 968 448 Fratris
1000 405 1128 447 inter·

152 471 428 532 pretationem
454 467 632 529 exponi,
657 464 864 508 mandavit
887 467 997 507 circa
1028 463 1124 507 ulti·

152 546 263 576 mum
295 530 385 574 vitae
407 530 481 572 suae
504 557 521 580 ,
550 524 665 582 cujus
696 523 937 567 mandatum
969 523 1125 566 dicitur

149 590 545 641 ffTestamentumgut
576 583 696 627 verba
719 583 836 639 ipfius
855 582 1025 638 Regula:
1041 594 1122 622 non

150 648 375 709 glossentur
388 676 403 700 ,
435 650 471 690 &
482 674 496 697 ‚
521 655 566 690 ut
580 643 712 687 verbis
728 653 890 686 utamur
906 639 1089 684 eisdem„
1103 668 1119 691 ,

151 712 262 767 quod
277 707 328 750 fic
343 736 359 760 ,
375 706 439 750 vel
463 705 512 749 fic
530 702 705 759 intelligi
719 701 922 751 debeant,
954 713 1038 742 non
1053 698 1119 740 di·

150 762 650 824 catur3adjiciens,quod
674 764 834 805 Fratres
859 759 979 804 nullo
991 757 1118 801 modo

150 825 304 886 aliquas
319 826 475 869 litteras
489 825 539 866 ab
561 819 797 880 Apostolici
824 821 928 865 Sede
947 828 1087 875 petant
1103 830 1119 860 ι

148 888 190 929 δε
204 887 281 930 alia
295 883 474 942 quaedam
488 881 750 933 interstrens,
763 894 851 937 quae
867 894 943 924 non
960 876 1119 934 possent

146 945 232 988 fine
263 941 392 987 multi
423 940 666 993 difficultate
710 939 859 984 servari
886 953 899 982 ε
942 939 1120 995 Propter

146 1003 257 1063 quod
273 1001 495 1048 haefitantes
509 1028 524 1052 ,
537 1016 587 1045 an
603 1001 819 1044 teneamini
835 1001 884 1042 ad
899 998 1121 1041 observan-

145 1063 245 1109 tiam
277 1061 522 1106 Testamenti
549 1060 750 1118 praedisti,
765 1059 1021 1103 dubietatem
1048 1057 1125 1098 hu·

144 1121 320 1183 jusmodi
337 1120 390 1166 de
410 1120 669 1165 conscientiis
688 1118 827 1163 vestris
840 1145 854 1168 ,
881 1120 921 1160 &
938 1119 1125 1161 Fratrum

146 1181 372 1226 vestrorum
393 1194 466 1236 per
481 1182 569 1223 Nos
584 1180 763 1221 amoveri
783 1178 948 1235 petistis.
962 1179 1012 1219 Et
1028 1188 1123 1217 cum

147 1253 202 1287 ex
221 1239 344 1295 longa
360 1238 641 1282 familiaritate
655 1264 668 1287 ,
682 1252 804 1295 quam
822 1237 928 1280 idem
945 1231 1123 1278 'Confes-

148 1300 217 1344 sor
252 1297 460 1341 nobiscum
493 1298 632 1341 habuit
659 1322 674 1347 ,
705 1298 861 1353 plenius
891 1295 1125 1338 noverimus

154 1357 424 1404 intentionem
450 1358 595 1414 ipsius,
627 1359 723 1400 &in
749 1355 969 1401 condendo
984 1352 1125 1411 praedi-

146 1419 250 1462 &am
267 1417 467 1474 Regulam
483 1443 497 1466 ,
525 1418 566 1459 δι
593 1416 823 1460 obtinendo
845 1412 1127 1458 confirmatio-

145 1491 240 1523 nem
270 1477 386 1534 ipfius
401 1491 476 1533 per
491 1476 638 1520 Sedem
664 1475 935 1532 Apostolicam
950 1474 1018 1515 fibi
1033 1472 1125 1515 asti-

147 1537 313 1583 terimus
326 1566 343 1589 ,
362 1536 457 1580 dum
470 1534 601 1579 adhuc
617 1535 785 1579 effemus
811 1535 850 1577 in
877 1533 1025 1576 minori
1041 1530 1127 1573 offi-

150 1596 221 1641 cio
237 1595 461 1645 constituti,
472 1595 670 1639 declarari
695 1594 879 1638 similiter
902 1591 1124 1648 postulastis

85 1708 87 1710 ,
149 1654 534 1704 dubia,&obscura
562 1655 731 1711 Regulae
758 1654 1018 1708 supradictae,
1047 1664 1122 1693 nec

155 1728 237 1759 non
252 1713 372 1770 super
383 1712 619 1771 quibusdam
638 1713 872 1757 difficilibus
901 1711 1122 1766 responde·

149 1773 212 1819 ri.
235 1772 338 1817 Sane.
363 1773 544 1832 quamvis
569 1773 803 1830 predictum
824 1771 978 1815 Christi
1007 1774 1119 1814 Con—

149 1830 338 1877 fess'orem
363 1860 378 1885 ,
415 1833 520 1890 piam
552 1831 821 1878 intentionem
847 1832 888 1875 in
933 1831 1125 1888 predicto

148 1891 344 1938 mandato
371 1892 547 1938 habuisse
572 1892 783 1937 credamus
812 1920 826 1945 ,
849 1893 890 1935 &
920 1905 991 1934 vos
1018 1888 1126 1946 juliis

154 1953 264 1994 votis
275 1950 379 2004 e'us,
394 1953 434 1995 δι
448 1952 653 1996 desideriis
675 1952 814 1996 sanetis
831 1950 1020 1995 affectetis
1034 1962 1127 1990 om-

156 2007 294 2051 nimod
335 2008 696 2060 conformantem
711 2021 845 2054 tamen
869 2011 1129 2054 attendentes

159 2065 385 2108 animarum
401 2064 628 2121 periculum
644 2091 658 2114 ,
676 2066 717 2104 δι
729 2065 1012 2111 difficultates,
1028 2080 1129 2117 quas

150 2133 322 2180 propter
340 2124 420 2163 haec
435 2121 596 2173 poffetis
611 2124 823 2162 incurrere
835 2148 850 2167 ,
877 2122 1131 2162 dubietatem

152 2181 207 2224 de
233 2178 374 2221 vestris
389 2175 588 2217 cordibus
605 2175 862 2222 amovendo,
889 2174 936 2212 ad
965 2173 1132 2212 manda-

151 2247 241 2281 tum
257 2234 357 2280 illud
386 2247 455 2277 vos
466 2233 642 2275 dicimus
663 2245 741 2274 non
771 2231 932 2283 teneri3
956 2229 1004 2272 ad
1021 2226 1131 2286 quod

150 2296 242 2342 'fine
263 2293 455 2341 consensu
485 2295 670 2336 Fratrum
697 2317 712 2339 ,
740 2292 781 2333 δι
808 2291 982 2332 maximi:
1007 2287 1130 2332 Mini-

154 2355 357 2424 strmum,
369 2365 470 2410 quos
484 2351 694 2396 universos
710 2351 902 2406 tangebat
914 2377 928 2398 ,
945 2349 1132 2404 obligare

156 2407 1132 2528 {2222'331333535⁰{322'2‘50mi222'32‘3ss32223

157 2547 230 2593 par
239 2533 283 2576 in
299 2545 434 2589 parem
449 2560 461 2572 .
495 2529 560 2573 Ad
580 2532 685 2583 haec,
715 2529 808 2574 ficut
838 2545 908 2585 per
925 2527 1133 2583 praedietos

155 2592 343 2639 Nuntios
358 2588 660 2641 intelleximus,
691 2589 904 2634 dubitatur
917 2590 966 2632 ab
982 2586 1134 2643 aliqui-

156 2653 232 2698 bus
252 2652 440 2696 Fratrum
455 2648 676 2695 vestrorum
689 2677 704 2702 ,
718 2658 865 2692 antam
882 2648 931 2690 ad
953 2647 1133 2699 consilia,

157 2710 277 2771 quim
313 2709 365 2753 ad
393 2718 597 2767 precepta
635 2709 846 2766 Evangelii
886 2719 1103 2752 teneantur
1117 2736 1132 2759 ,

157 2784 251 2827 tum
263 2797 279 2822 ,
296 2769 389 2827 quia
414 2769 456 2812 in
473 2769 642 2827 Regula:
667 2769 801 2813 vestrae
819 2770 992 2813 habetur
1020 2768 1133 2823 prin-

159 2827 544 2935 gigtitoegstsselg‘ctiiic'e?
551 2828 1134 2944 ὄὲιέτίξῖἃζὲἳῐίῗοᾞιῒὲυῐπῖ

102 2959 103 2962 ’
160 2948 208 2994 ni
238 2913 428 2992 Sand’tum
458 2945 725 3004 Evangelium
739 2946 972 3000 observare,
995 2947 1133 2990 viven-

36 3051 51 3067 „
158 3006 275 3056 inin
289 3003 543 3056 obedientia,
561 3007 640 3049 fine
656 3008 825 3063 proprio
839 3008 906 3058 ,δι
920 3009 959 3050 in
976 3006 1134 3049 castita·

129 3073 131 3075 ’
160 3074 235 3120 te,
259 3073 376 3115 tum,
405 3064 499 3122 quia
516 3064 560 3107 ‘in
588 3064 668 3108 fine
687 3064 800 3122 ipfius
828 3065 992 3121 Regulae
1007 3065 1135 3109 conti-

155 3134 309 3179 nentur
325 3125 406 3168 haec
424 3124 545 3167 verba
557 3138 571 3167 τ
586 3134 867 3181 paupertatem
878 3153 894 3178 ,
917 3127 957 3168 δι
971 3125 1133 3168 humili-

86 3195 111 3235 ·122
149 3187 289 3231 'tatem
316 3213 333 3236 ,
373 3184 415 3227 &
436 3186 624 3228 sanetum
652 3184 927 3239 Evangelium
964 3182 1135 3226 Domini

67 3230 114 3290 ἓν
147 3279 149 3283 1
170 3243 409 3300 NostriJesu
435 3242 588 3287 Christi
601 3269 616 3295 ,
642 3243 755 3301 quod
773 3242 946 3287 firmiter
958 3242 1134 3298 promifi·

158 3314 256 3358 ’ψ
271 3332 288 3355 2
309 3301 566 3345 observemus
581 3327 595 3343 ·
623 3303 747 3349 Unde
772 3303 871 3346 scire
893 3301 1139 3352 defidit-sant,

125 3362 222 3424 ’ζῇ
241 3362 292 3414 ad
321 3362 401 3405 alia
428 3361 643 3420 Evangelii
671 3372 889 3407 teneantur
910 3361 1105 3406 consilia,
1122 3386 1138 3409 ,

148 3420 163 3459 i
315 3419 365 3463 ad
384 3434 430 3464 ea
443 3449 458 3473 ,
472 3434 558 3478 quae
572 3421 613 3464 in
639 3422 717 3479 ipsa
738 3422 895 3478 Regula
912 3431 1139 3476 praecepto-

180 3524 183 3525 γ
236 3499 262 3532 5,
277 3479 319 3523 δι
332 3479 571 3524 inhibiturie
585 3480 676 3527 sunt
698 3481 875 3539 expressa
891 3512 904 3532 ,
921 3480 1138 3536 praesertim

1993 219 2093 278 11

1193 346 1320 395 mini,
1349 341 1447 386 ficut
1473 343 1611 386 caeteti
1642 341 1896 394 Christiani,
1919 348 1959 389 δι
1975 354 2027 394 eb
2042 351 2170 407 magis

1190 405 1243 446 de
1272 405 1406 453 bono,
1422 403 1460 444 δι
1486 416 1711 460 aequo,quo
1731 417 1802 444 vos
1832 405 2035 448 obtulistis
2053 411 2170 452 holo-

1187 462 1366 506 caustum
1391 465 1572 505 Domino
1585 462 1855 504 medullatum
1884 476 1958 517 per
1983 477 2166 509 contem-

1185 532 1299 579 ptum
1315 522 1495 565 oninium
1525 521 1820 563 mundanorum
1839 551 1851 562 .

1302 582 1434 632 Item,
1449 581 1541 623 cum
1557 582 1596 622 in
1619 580 1763 623 eadem
1782 581 1938 636 Regula
1961 581 2006 623 fit
2023 582 2174 623 inhibi-·

1183 643 1513 691 tum,neFi-atres
1531 640 1726 695 recipiant
1742 655 1814 696 per
1832 639 1954 686 se,vel
1974 656 2043 693 per
2059 642 2173 693 alios,

1179 700 1369 750 denarios
1394 701 1456 742 vel
1473 700 1685 756 pecuniam
1700 700 1787 742 ullo
1802 701 1939 750 modo,
1955 698 2078 753 &ipsi
2097 700 2177 740 hoc

1179 762 1219 804 in
1235 769 1480 816 perpetuum
1494 757 1707 803 observare
1722 759 2177 810 defiderent,certiora-

1180 820 1213 864 ri
1232 820 1475 874 requirunt,
1500 820 1526 860 fi
1552 819 1751 874 aliquibus
1766 820 2005 861 timentibus
2034 821 2173 860 Deum

1182 878 1321 923 fideles
1336 878 1497 935 aliquos
1514 906 1528 928 ,
1554 893 1624 935 per
1639 893 1739 934 quos
1762 879 1830 934 ipfi
1852 879 2093 920 subveniant
2108 890 2179 918 ne·

1180 939 1427 982 ceffitatibus
1443 936 1771 988 eorundem‚fine
1787 937 2010 981 offensione
2033 938 2179 992 Regu-

1185 1001 1233 1043 1ae
1257 999 1436 1043 audeant
1474 1002 1742 1055 presentare,
1772 1012 1817 1040 ac
1844 1000 1893 1041 ad
1921 996 2064 1040 fideles
2095 995 2183 1038 eos«

1186 1061 1279 1103 dem
1298 1073 1373 1115 pro
1391 1056 1690 1102 necellitatibus
1708 1056 1794 1114 ipfis
1820 1055 1957 1102 secura
1986 1069 2177 1099 recurre-

1188 1134 1231 1163 re
1246 1116 1530 1168 conscientia,
1553 1116 1646 1160 ciam
1672 1116 1882 1167 denarios,
1911 1114 1976 1158 vel
2007 1113 2177 1168 pecuni-

1185 1194 1248 1222 am
1264 1180 1454 1222 noverint
1483 1175 1674 1231 accepiffe
1689 1203 1703 1226 ,
1721 1191 1823 1233 quos
1850 1188 1988 1222 tamen
2015 1173 2182 1218 denari-

1188 1254 1263 1288 os,
1294 1238 1359 1281 vel
1386 1235 1600 1294 pecuniam
1632 1238 1875 1280 auctoritate
1912 1235 2074 1293 propria
2097 1244 2182 1276 non

1188 1300 1407 1341 intendunt
1439 1294 1572 1340 facere
1601 1296 1838 1340 conservari
1865 1327 1878 1349 ,
1915 1307 1989 1338 nec
2014 1293 2181 1337 nomine

1189 1357 1360 1413 depofiti
1379 1357 1545 1413 exigere
1561 1357 1611 1399 ab
1627 1355 1809 1399 eisdem?
1833 1358 1949 1411 super
1964 1366 2048 1407 quo
2060 1352 2184 1394 duxi·

1190 1430 1276 1460 mus
1303 1414 1628 1470 respondendum
1653 1427 1669 1467 3
1695 1414 1807 1471 quod
1833 1442 1847 1464 ,
1871 1415 1896 1455 fi
1925 1426 2011 1454 rem
2044 1408 2185 1453 neces-

1189 1468 1334 1519 sariam
1363 1475 1491 1516 velint
1524 1475 1685 1517 Fratres
1712 1486 1880 1524 emere,
1910 1470 1975 1513 vel
2006 1469 2185 1512 solutio·

1189 1549 1278 1578 uem
1301 1531 1436 1577 facere
1451 1546 1528 1589 pro
1538 1532 1620 1590 jam
1636 1543 1772 1589 empta
1788 1563 1802 1584 ‚
1832 1529 1974 1587 poffint
1994 1529 2059 1573 vel
2078 1542 2182 1571 nun·

1189 1598 1290 1638 tium
1306 1593 1391 1644 eius
1407 1623 1421 1646 ‚
1443 1596 1463 1638 ὲ
1481 1607 1566 1650 quo
1580 1607 1641 1636 res
1654 1590 1892 1643 emitur,ve1
1908 1591 2087 1647 aliquem
2107 1588 2183 1631 ali-

1188 1669 1257 1698 um
1274 1652 1506 1697 volentibus
1534 1653 1603 1696 fibi
1629 1651 1928 1708 eleemosynam
1950 1649 2110 1699 facere,
2126 1649 2187 1690 ni-

1187 1714 1211 1757 fi
1230 1713 1334 1757 idem
1350 1728 1422 1771 per
1445 1710 1485 1755 se
1502 1743 1515 1765 ,
1543 1713 1606 1756 vel
1627 1728 1697 1770 per
1713 1713 1900 1770 proprios
1919 1722 2083 1755 nuntios
2100 1721 2187 1749 ma·

1187 1774 1365 1826 luerint,
1391 1772 1632 1829 praesentare
1653 1801 1664 1813 .
1705 1773 1792 1832 Qi
1836 1772 1977 1814 taliter
2002 1766 2178 1826 praesen-

1188 1845 1296 1877 tatus
1323 1838 1346 1879 'a
1377 1833 1587 1877 Fratribus
1602 1862 1617 1885 ,
1646 1846 1728 1875 non
1755 1831 1809 1874 est
1828 1845 1969 1874 eorum
1986 1827 2187 1877 nuntius,

1190 1895 1285 1938 licet
1311 1892 1578 1950 praesentetur
1607 1894 1655 1936 ab
1672 1890 1786 1950 ipsis,
1817 1891 1881 1934 sed
1898 1890 2008 1933 illius
2025 1886 2188 1943 potius,

1190 1953 1308 2008 cujus
1325 1953 1520 1997 mandato
1536 1952 1780 1996 solutionem
1798 1947 1981 2003 facit,seu
1995 1962 2054 1991 rec
2066 1947 2189 2002 ipien-

1192 2017 1246 2058 tis
1262 2015 1433 2059 eandem
1451 2042 1463 2054 .
1494 2013 1610 2058 Idem
1626 2015 1789 2055 nuntius
1803 2011 1958 2055 solvere
1972 2008 2102 2052 statim
2118 2003 2189 2047 de·-

1195 2074 1264 2111 bet
1280 2099 1298 2120 s
1320 2076 1375 2115 ita
1384 2073 1494 2124 quod
1509 2075 1562 2116 de
1579 2074 1748 2126 pecunia
1765 2072 1863 2115 nihil
1880 2074 2087 2114 remaneat
2114 2079 2189 2120 pe-

1197 2138 1268 2166 nes
1296 2138 1389 2165 eum
1412 2153 1425 2164 .
1452 2125 1492 2165 Si
1525 2128 1625 2166 vero
1657 2141 1731 2179 pro
1756 2130 1850 2168 aliis
1881 2125 2190 2169 imminentibus

1196 2179 1496 2240 neceffitaribus
1513 2183 1778 2229 presentetur
1791 2211 1806 2231 ,
1831 2183 2126 2236 eleemosynam
2143 2178 2193 2222 fi·

1194 2232 1234 2275 bi
1265 2230 1510 2275 commissam
1542 2235 1668 2287 potest
1692 2262 1707 2286 ‚
1739 2235 1837 2277 ficut
1872 2241 1912 2278 ἃ
1957 2243 2152 2279 Dominus
2175 2267 2192 2290 ‚

1193 2294 1299 2349 apud
1312 2290 1561 2348 spiritualem
1577 2294 1747 2335 amicum
1767 2296 1951 2337 Fratrum
1968 2295 2192 2350 deponere,

1198 2366 1269 2409 per
1298 2350 1427 2407 ipsum
1454 2351 1599 2394 loco&
1617 2364 1801 2408 tempore
1816 2368 1891 2410 pro
1920 2356 2095 2410 iplorum
2121 2370 2195 2397 ne-

1195 2410 1440 2454 ceffitatibus
1456 2437 1470 2459 ,
1494 2412 1591 2452 ficut
1608 2413 1803 2466 expedire
1823 2413 1971 2454 viderit
1988 2442 2004 2465 ,
2032 2413 2194 2469 dispen-

1195 2470 1387 2513 sandam:
1412 2469 1460 2511 ad
1476 2484 1598 2526 quem
1615 2474 1738 2514 etiam
1772 2472 1928 2514 fratres
1947 2486 2022 2527 pro
2049 2472 2195 2528 hujus-3

1196 2528 1623 2574 modineceffitatibus
1645 2542 1842 2587 poterunt
1872 2534 2023 2574 habere
2050 2545 2194 2574 recur-

1196 2593 1280 2633 sum
1297 2621 1311 2643 ,
1340 2589 1517 2632 maxime
1533 2618 1547 2640 ,
1574 2589 1599 2632 fi
1622 2591 1836 2647 negligens
1863 2588 2014 2640 fuerit,
2029 2591 2095 2633 vel
2120 2604 2193 2635 ne·-

1196 2649 1396 2694 ceffitates
1420 2651 1670 2707 ignoraverit
1685 2653 1905 2693 eorundem
1920 2679 1932 2692 .

1317 2713 1543 2759 Praeterea,
1569 2713 1662 2753 cum
1683 2712 1726 2753 in
1754 2709 1841 2765 ipsi
1878 2708 2039 2765 Regula
2055 2708 2192 2755 contia

1195 2780 1341 2814 neatur
1354 2771 1566 2825 expresse,
1590 2770 1700 2827 quod
1722 2772 1879 2814 Fratres
1902 2769 2001 2812 nihil
2022 2768 2090 2812 fibi
2117 2783 2191 2825 ap-

1196 2830 1435 2887 proprient,
1461 2844 1534 2872 nec
1562 2829 1760 2881 domum,
1785 2844 1861 2872 nec
1902 2830 2040 2872 locum
2065 2859 2080 2881 ,
2109 2841 2186 2871 nec

1196 2905 1280 2932 rem
1302 2890 1503 2946 aliquam,
1524 2903 1571 2932 ac
1588 2891 1657 2946 ipsi
1673 2888 1851 2944 procem:
1867 2888 2064 2944 temporis
2088 2901 2191 2931 eon·

1196 2950 1381 2992 taminari
1396 2951 1571 2992 timeant
1585 2948 1754 2992 Ordinis
1770 2959 2056 3004 paupertatem
2070 2957 2190 3001 ,prar-

1197 3010 1332 3052 sertim
1348 3038 1361 3059 ,
1381 3023 1473 3050 cum
1501 3008 1576 3060 iam
1602 3009 1782 3051 dixerint
1801 3009 1944 3064 aliqui,
1957 3011 2190 3063 proprieta-

1198 3079 1282 3111 tem
1299 3068 1516 3111 mobilium
1542 3069 1748 3121 pertinere
1763 3069 1812 3111 ad
1841 3078 1975 3110 totum
1991 3067 2190 3108 Ordinem

1197 3131 1238 3171 in
1255 3129 1485 3171 communi:
1505 3127 1634 3170 Nobis
1663 3127 1736 3170 fuit
1763 3127 1972 3170 humiliter
1987 3126 2188 3181 supplica·

1199 3195 1289 3230 tum
1306 3213 1321 3237 ,
1349 3197 1394 3230 ut
1412 3187 1450 3230 in
1467 3190 1544 3229 hoc
1560 3188 1824 3242 dignaremur
1847 3187 2079 3229 animarum·
2093 3196 2192 3236 pro·

1202 3245 1348 3289 videre
1365 3246 1559 3300 periculis
1573 3279 1588 3300 ,
1611 3248 1654 3288 δι
1677 3248 1805 3290 totius
1821 3245 1983 3288 Ordinis
2006 3241 2190 3299 puritatis

1199 3306 1380 3348 Dicimus
1397 3306 1657 3362 itaque,quod
1673 3320 1806 3362 neque
1818 3307 1858 3347 in
1874 3302 2098 3354 communi,
2112 3314 2191 3345 nec

1200 3366 1241 3407 in
1260 3364 1421 3416 speciali
1438 3365 1593 3407 debent
1611 3368 1904 3423 proprietatem
1921 3365 2069 3406 habere
2082 3388 2096 3410 ,
2123 3360 2193 3403 sed

1200 3425 1431 3468 utenfilium
1447 3425 1488 3466 δι
1502 3424 1700 3468 librorum
1711 3453 1725 3475 ,
1749 3427 1789 3468 8ι
1804 3438 1946 3469 eorum
1961 3419 2192 3469 mobilium,

1204 3497 1294 3539 quae
1314 3483 1411 3528 licet
1428 3484 1576 3527 habere
1592 3512 1606 3534 ,
1634 3499 1773 3527 eorum
1801 3483 1910 3526 usum
1927 3482 2102 3525 habeant
2117 3509 2131 3531 ,
2153 3480 2193 3519 δι

177 3543 264 3604 qn·
293 3537 358 3594 ipfi
385 3538 436 3582 ad
464 3540 544 3583 alia
574 3556 653 3584 non
683 3540 722 3586 se
752 3540 935 3596 obligare
957 3538 1145 3583 intende.
1206 3546 1371 3587 fratres
1396 3571 1410 3594 ‚
1445 3542 1666 3587 secundum
1693 3544 1804 3599 quod
1828 3541 2044 3586 Generalis
2070 3538 2193 3582 Mini-

179 3597 329 3647 ωδ(
342 3597 517 3650 vix,aut
530 3614 741 3657 nunquam
766 3603 906 3646 omnia
923 3599 1078 3655 poliunt
1091 3597 1142 3640 ad
1206 3602 1367 3654 ster,vel
1385 3603 1661 3646 provinciales
1676 3602 1968 3659 disponendum
1982 3599 2192 3644 duxerint,

184 3646 355 3702 'infirm
363 3657 565 3702 observari
578 3688 591 3702 .
604 3665 692 3705 Nos
706 3671 840 3704 autem
856 3662 1040 3703 breviter
1058 3657 1140 3701 ses·

185 3702 426 3776 Ρθῦἆῖὓψδ,
446 3717 497 3762 ad
521 3719 600 3762 alia
628 3720 790 3764 confilia
815 3720 1024 3775 Evangelii
1061 3732 1142 3760 non

181 3777 318 3809 tenen
433 3777 663 3834 Regulam,
699 3780 766 3822 nifi
793 3777 843 3820 ad
870 3793 917 3823 ea
935 3808 949 3830 ,
972 3778 1022 3821 ad
1049 3792 1136 3835 quae

177 3839 251 3907 JOS
268 3823 386 3928 oigny
405 3888 462 3934 η
475 3836 515 3880 in
529 3837 612 3895 ipsa
626 3852 639 3883 ε
655 3838 704 3884 ad
719 3849 865 3885 caetera
894 3841 997 3884 vero
1020 3849 1133 3883 tenes

1203 3662 1250 3704 iis
1266 3672 1436 3706 utantur
1447 3689 1462 3711 ,
1474 3661 1584 3706 fflvo
1601 3662 1844 3714 locorum,&
1861 3663 2078 3704 domorum
2105 3659 2194 3698 Do·

1202 3722 1330 3763 minio
1346 3719 1427 3764 illis
1442 3751 1456 3772 ,
1470 3721 1520 3764 ad
1536 3736 1635 3778 quos
1648 3723 1826 3765 noscitur
1843 3720 2051 3777 pertinere
2064 3745 2074 3756 .
2103 3717 2191 3756 Nec

1197 3780 1319 3822 vendi
1346 3782 1500 3824 debent
1529 3782 1697 3825 mobilia
1710 3810 1724 3831 ,
1754 3781 1818 3824 vel
1848 3789 1967 3824 extra
1994 3775 2193 3820 Ordinem

1194 3842 1435 3887 commutari
1476 3870 1491 3894 ,
1532 3851 1604 3884 aut
1645 3841 1815 3883 alienari
1868 3828 2189 3928 quoquomqiffos

1674 3902 1705 3942 Β
1737 3916 1763 3944 2
2058 3900 2130 3931 nir
